ISA*00*          *00*          *ZZ*133052274      *ZZ*PHYS 60054     *220119*0250*^*00501*100358959*0*P*>~
GS*HP*133052274*XX*20220119*0250*1*X*005010X221A1~
ST*835*0965~
BPR*I*208.36*C*ACH*CCP*01*031100209*DA*0038865237*1066033492**01*057000668*DA*0005174383091*20220121~
TRN*1*160118220250190*1066033492~
REF*EV*XXXXXXXXXXXXXXXXXXXXXXXXXXXXXX~
DTM*405*20220119~
N1*PR*AETNA~
N3*151 FARMINGTON AVENUE~
N4*HARTFORD*CT*06156~
REF*2U*60054~
PER*BL*Provider Service~
N1*PE*FULTON COUNTY MEDICAL CENTER*XX*1639606718~
N3*214 PEACH ORCHARD RD~
N4*MC CONNELLSBURG*PA*172338559~
REF*PQ*289105080~
REF*TJ*231401561~
LX*1~
TS3*1275522914*11*20221231*4*510~
CLP*FCA00008567504*1*115*44.43*20*13*220114E010520000*11*1~
NM1*QC*1*MOORE*NORMA*J***MI*MEBFF9BK~
NM1*82*2*FULTON COUNTY MEDICAL CENTER*****XX*1275522914~
REF*1L*467428-011~
REF*CE*MEDICARE OPEN ACCESS PPO PLAN NET 03399~
DTM*232*20211229~
DTM*233*20211229~
DTM*050*20220114~
PER*CX**TE*8006240756~
AMT*AU*115~
SVC*HC>99213*115*44.43**1~
DTM*472*20211229~
CAS*CO*45*50.57~
CAS*PR*3*20~
REF*6R*FLXP0002415381-1~
AMT*B6*64.43~
LQ*HE*N59~
CLP*FCA00008569344*1*115*44.43*20*13*220114E060700000*11*1~
NM1*QC*1*BUTTS*FAYE*A***MI*MEBHKQKK~
NM1*82*2*FULTON COUNTY MEDICAL CENTER*****XX*1275522914~
REF*1L*467428-011~
REF*CE*MEDICARE OPEN ACCESS PPO PLAN NET 03399~
DTM*232*20211230~
DTM*233*20211230~
DTM*050*20220114~
PER*CX**TE*8006240756~
AMT*AU*115~
SVC*HC>99213*115*44.43**1~
DTM*472*20211230~
CAS*CO*45*50.57~
CAS*PR*3*20~
REF*6R*FLXP0002415350-1~
AMT*B6*64.43~
LQ*HE*N59~
CLP*FCA00008569352*1*115*44.43*20*13*220114E111020000*11*1~
NM1*QC*1*BUTTS*JAMES*R***MI*MEBGC62K~
NM1*82*2*FULTON COUNTY MEDICAL CENTER*****XX*1275522914~
REF*1L*467428-011~
REF*CE*MEDICARE OPEN ACCESS PPO PLAN NET 03399~
DTM*232*20211230~
DTM*233*20211230~
DTM*050*20220114~
PER*CX**TE*8006240756~
AMT*AU*115~
SVC*HC>99213*115*44.43**1~
DTM*472*20211230~
CAS*CO*45*50.57~
CAS*PR*3*20~
REF*6R*FLXP0002415395-1~
AMT*B6*64.43~
LQ*HE*N59~
CLP*FCA00008576500*1*165*75.07*20*13*220114E354440000*11*1~
NM1*QC*1*WAGAMAN*RODNEY*L***MI*101251422600~
NM1*74*1******C*MEBTN22G~
NM1*82*2*FULTON COUNTY MEDICAL CENTER*****XX*1275522914~
REF*1L*467428-011~
REF*CE*MEDICARE OPEN ACCESS PPO PLAN NET 03399~
DTM*232*20211230~
DTM*233*20211230~
DTM*050*20220114~
PER*CX**TE*8006240756~
AMT*AU*165~
SVC*HC>99214*165*75.07**1~
DTM*472*20211230~
CAS*CO*45*69.93~
CAS*PR*3*20~
REF*6R*FLXP0002416197-1~
AMT*B6*95.07~
LQ*HE*N59~
SE*87*0965~
GE*1*1~
IEA*1*100358959~
