ISA*00*          *00*          *01*030240928      *ZZ*XXXXXXXXXXXXXXX*220118*2131*^*00501*262695605*0*P*>~
GS*HP*030240928*XX*20220118*2131*1*X*005010X221A1~
ST*835*1001~
BPR*H*0*C*NON************20220118~
TRN*1*000000000Z28152*1113765171~
DTM*405*20220118~
N1*PR*MMCP*XV*59064~
N3*1643 HARRISON PARKWAY, BUILDING H SUITE 200~
N4*FORT LAUDERDALE*FL*33323~
REF*2U*59064~
PER*CX**TE*9546223495~
PER*BL*SFCCN IS*EM*ALL_SFCCN_DECS@SFCCN.ORG*TE*954.622.3354~
N1*PE*EXAGEN DIAGNOSTICS, INC.*XX*1245494517~
N3*PO BOX 27561~
N4*ALBUQUERQUE*NM*871257561~
REF*TJ*200434866~
LX*1~
CLP*EX1262994*1*149*0**15*22983678*81*1~
NM1*QC*1*MEDINA*MARIVI****MI*99007090100~
NM1*74*1*JACINTO**MEDINA~
NM1*82*2*EXAGEN DIAGNOSTICS*****XX*1245494517~
REF*EA*E2864005~
DTM*232*20211216~
DTM*233*20211216~
DTM*050*20220113~
AMT*AU*149~
SVC*HC>83516*149*0**0~
DTM*472*20211216~
CAS*CO*18*149~
SE*28*1001~
GE*1*1~
IEA*1*262695605~
