ISA*00*          *00*          *ZZ*133052274      *ZZ*XXXXXXXXXXXXXXX*220119*0250*^*00501*100358959*0*P*>~GS*HP*133052274*XX*20220119*0250*1*X*005010X221A1~ST*835*1285~BPR*I*36932.68*C*ACH*CCP*01*031100209*DA*0038865237*1066033492**01*041215016*DA*02700267277*20220121~TRN*1*160118220237778*1066033492~REF*EV*XXXXXXXXXXXXXXXXXXXXXXXXXXXXXX~DTM*405*20220119~N1*PR*AETNA~N3*151 FARMINGTON AVENUE~N4*HARTFORD*CT*06156~REF*2U*60054~PER*BL*Provider Service~N1*PE*MAGRUDER HOSPITAL*XX*1922079532~N3*615 FULTON ST~N4*PORT CLINTON*OH*43452~REF*PQ*451342400~REF*TJ*344441792~LX*1~TS3*1922079532*11*20221231*17*42414.77~CLP*7109621*22*-5570.92*-1876.08**13*210709E024040005~NM1*QC*1*BENNETT*DONALD*R***MI*MEBNZX0B~NM1*82*2*MAGRUDER HOSPITAL*****XX*1922079532~REF*1L*441297-006~REF*CE*MEDICARE (S02) PPO PLAN NET 02101~DTM*232*20210521~DTM*233*20210521~DTM*050*20210709~PER*CX**TE*8006240756~SVC*NU>0250*-40.64*-16.26**2**1~DTM*472*20210521~CAS*CO*45*-24.38~LQ*HE*N59~LQ*HE*N694~SVC*HC>96361*-358.8*-143.52*0260*4**1~DTM*472*20210521~CAS*CO*45*-215.28~LQ*HE*N59~LQ*HE*N694~SVC*HC>96374*-135.5*-54.2*0260*1~DTM*472*20210521~CAS*CO*45*-81.3~LQ*HE*N59~LQ*HE*N694~SVC*HC>96375*-135.5*-54.2*0260*1~DTM*472*20210521~CAS*CO*45*-81.3~LQ*HE*N59~LQ*HE*N694~SVC*NU>0270*-12*-4.8**3**1~DTM*472*20210521~CAS*CO*45*-7.2~LQ*HE*N59~LQ*HE*N694~SVC*HC>36415*-14.4*0*0300*0**1~DTM*472*20210521~CAS*CO*97*-14.4*1~LQ*HE*N19~LQ*HE*N694~SVC*HC>83605*-53.8*-21.52*0300*1~DTM*472*20210521~CAS*CO*45*-32.28~LQ*HE*N59~LQ*HE*N694~SVC*HC>86900*-64.1*-25.64*0300*1~DTM*472*20210521~CAS*CO*45*-38.46~LQ*HE*N59~LQ*HE*N694~SVC*HC>86901*-64.1*-25.64*0300*1~DTM*472*20210521~CAS*CO*45*-38.46~LQ*HE*N59~LQ*HE*N694~SVC*HC>86923*-250.6*-100.24*0300*2**1~DTM*472*20210521~CAS*CO*45*-150.36~LQ*HE*N59~LQ*HE*N694~SVC*HC>0202U*-885.5*0*0300*0**1~DTM*472*20210521~CAS*CO*96*-885.5*1~LQ*HE*N115~LQ*HE*N694~SVC*HC>83880*-188.6*-75.44*0301*1~DTM*472*20210521~CAS*CO*45*-113.16~LQ*HE*N59~LQ*HE*N694~SVC*HC>80053*-222.2*-88.88*0301*1~DTM*472*20210521~CAS*CO*45*-133.32~LQ*HE*N59~LQ*HE*N694~SVC*HC>83735*-25.1*-10.04*0301*1~DTM*472*20210521~CAS*CO*45*-15.06~LQ*HE*N59~LQ*HE*N694~SVC*HC>84484*-336.8*-134.4*0301*2**1~DTM*472*20210521~CAS*CO*45*-202.4~LQ*HE*N59~LQ*HE*N694~SVC*HC>86850*-85.5*-34.2*0302*1~DTM*472*20210521~CAS*CO*45*-51.3~LQ*HE*N59~LQ*HE*N694~SVC*HC>85610*-62.3*-24.92*0305*1~DTM*472*20210521~CAS*CO*45*-37.38~LQ*HE*N59~LQ*HE*N694~SVC*HC>85025*-119.2*-47.68*0305*1~DTM*472*20210521~CAS*CO*45*-71.52~LQ*HE*N59~LQ*HE*N694~SVC*HC>87040*-273.4*-109.36*0306*2**1~DTM*472*20210521~CAS*CO*45*-164.04~LQ*HE*N59~LQ*HE*N694~SVC*HC>71045*-230.6*-92.24*0324*1~DTM*472*20210521~CAS*CO*45*-138.36~LQ*HE*N59~LQ*HE*N694~SVC*HC>P9016*-399.4*-159.76*0390*1~DTM*472*20210521~CAS*CO*45*-239.64~LQ*HE*N59~LQ*HE*N694~SVC*HC>36430*-395.7*-158.28*0391*1~DTM*472*20210521~CAS*CO*45*-237.42~LQ*HE*N59~LQ*HE*N694~SVC*HC>99285>25*-712.5*-285*0450*1~DTM*472*20210521~CAS*CO*45*-427.5~LQ*HE*N59~LQ*HE*N694~SVC*HC>J2405*-3.03*-1.21*0636*4**1~DTM*472*20210521~CAS*CO*45*-1.82~LQ*HE*N59~LQ*HE*N694~SVC*HC>J7030*-21.35*-8.54*0636*1~DTM*472*20210521~CAS*CO*45*-12.81~LQ*HE*N59~LQ*HE*N694~SVC*HC>93005*-146.3*-58.52*0730*1~DTM*472*20210521~CAS*CO*45*-87.78~LQ*HE*N59~LQ*HE*N694~SVC*HC>99284>25*-334*-141.59*0981*1~DTM*472*20210521~CAS*CO*45*-192.41~LQ*HE*N59~LQ*HE*N694~CLP*7630579*22*-1317.4*-526.96**13*210928E818880004~NM1*QC*1*MACKEY*SHARON*E***MI*MEBRZ0DM~NM1*82*2*MAGRUDER HOSPITAL*****XX*1922079532~REF*1L*441297-006~REF*CE*MEDICARE (S02) PPO PLAN NET 02101~DTM*232*20210920~DTM*233*20210920~DTM*050*20210928~PER*CX**TE*8006240756~SVC*HC>99213>25*-47*-18.8*0510*1~DTM*472*20210920~CAS*CO*45*-28.2~LQ*HE*N694~SVC*HC>99214*-131*-52.4*0983*1~DTM*472*20210920~CAS*CO*45*-78.6~LQ*HE*N59~LQ*HE*N694~SVC*HC>86038*-141.7*-56.68*0300*1~DTM*472*20210920~CAS*CO*45*-85.02~LQ*HE*N59~LQ*HE*N694~SVC*HC>86160*-336.8*-134.72*0300*2**1~DTM*472*20210920~CAS*CO*45*-202.08~LQ*HE*N59~LQ*HE*N694~SVC*HC>86256*-71.5*-28.6*0300*1~DTM*472*20210920~CAS*CO*45*-42.9~LQ*HE*N59~LQ*HE*N694~SVC*HC>80053*-222.2*-88.88*0301*1~DTM*472*20210920~CAS*CO*45*-133.32~LQ*HE*N59~LQ*HE*N694~SVC*HC>86431*-59*-23.6*0302*1~DTM*472*20210920~CAS*CO*45*-35.4~LQ*HE*N59~LQ*HE*N694~SVC*HC>86140*-73.6*-29.44*0302*1~DTM*472*20210920~CAS*CO*45*-44.16~LQ*HE*N59~LQ*HE*N694~SVC*HC>85652*-53.4*-21.36*0305*1~DTM*472*20210920~CAS*CO*45*-32.04~LQ*HE*N59~LQ*HE*N694~SVC*HC>85025*-119.2*-47.68*0305*1~DTM*472*20210920~CAS*CO*45*-71.52~LQ*HE*N59~LQ*HE*N694~SVC*HC>81003*-47.6*-19.04*0307*1~DTM*472*20210920~CAS*CO*45*-28.56~LQ*HE*N59~LQ*HE*N694~SVC*HC>36415*-14.4*-5.76*0300*1~DTM*472*20210920~CAS*CO*45*-8.64~LQ*HE*N59~LQ*HE*N694~CLP*7960504*22*-13931.42*-5062.58**13*211109E270350005~NM1*QC*1*FEHR*PHILLIP*F***MI*MEBD8RRB~NM1*82*2*MAGRUDER HOSPITAL*****XX*1922079532~REF*1L*455716-056~REF*CE*STRS PPO PLAN NET 02101~DTM*232*20211027~DTM*233*20211029~DTM*050*20211109~PER*CX**TE*8006240756~SVC*NU>0250*-115.47*-46.19**8**1~DTM*472*20211027~CAS*CO*45*-69.28~LQ*HE*N59~LQ*HE*N694~SVC*NU>0250*-129.9*-51.96**10**1~DTM*472*20211029~CAS*CO*45*-77.94~LQ*HE*N59~LQ*HE*N694~SVC*NU>0250*-269.39*-107.76**20**1~DTM*472*20211028~CAS*CO*45*-161.63~LQ*HE*N59~LQ*HE*N694~SVC*HC>96365*-458.2*-108.28*0260*1~DTM*472*20211027~CAS*CO*45*-274.92~CAS*PR*3*-75~LQ*HE*N59~LQ*HE*N694~SVC*HC>96366*-126*-50.4*0260*1~DTM*472*20211029~CAS*CO*45*-75.6~LQ*HE*N59~LQ*HE*N694~SVC*HC>96376*-135.5*-54.2*0260*1~DTM*472*20211029~CAS*CO*45*-81.3~LQ*HE*N59~LQ*HE*N694~SVC*HC>96366*-252*-100.8*0260*2**1~DTM*472*20211028~CAS*CO*45*-151.2~LQ*HE*N59~LQ*HE*N694~SVC*HC>96367*-126*-50.4*0260*1~DTM*472*20211028~CAS*CO*45*-75.6~LQ*HE*N59~LQ*HE*N694~SVC*HC>96376>59*-271*-108.4*0260*2**1~DTM*472*20211028~CAS*CO*45*-162.6~LQ*HE*N59~LQ*HE*N694~SVC*HC>96375*-135.5*-54.2*0260*1~DTM*472*20211027~CAS*CO*45*-81.3~LQ*HE*N59~LQ*HE*N694~SVC*NU>0270*-140.2*-56.08**1~DTM*472*20211027~CAS*CO*45*-84.12~LQ*HE*N59~LQ*HE*N694~SVC*NU>0270*-140.2*-56.08**1~DTM*472*20211029~CAS*CO*45*-84.12~LQ*HE*N59~LQ*HE*N694~SVC*NU>0270*-140.2*-56.08**1~DTM*472*20211028~CAS*CO*45*-84.12~LQ*HE*N59~LQ*HE*N694~SVC*HC>36415*-14.4*0*0300*0**1~DTM*472*20211028~CAS*CO*97*-14.4*1~LQ*HE*N19~LQ*HE*N694~SVC*HC>36415*-14.4*0*0300*0**1~DTM*472*20211029~CAS*CO*97*-14.4*1~LQ*HE*N19~LQ*HE*N694~SVC*HC>0202U*-885.5*0*0300*0**1~DTM*472*20211027~CAS*CO*96*-885.5*1~LQ*HE*N115~LQ*HE*N694~SVC*HC>36415*-14.4*0*0300*0**1~DTM*472*20211027~CAS*CO*97*-14.4*1~LQ*HE*N19~LQ*HE*N694~SVC*HC>87077*-36.4*-14.56*0300*1~DTM*472*20211027~CAS*CO*45*-21.84~LQ*HE*N59~LQ*HE*N694~SVC*HC>84484*-336.8*-134.72*0301*2**1~DTM*472*20211027~CAS*CO*45*-202.08~LQ*HE*N59~LQ*HE*N694~SVC*HC>80048*-204.3*-81.72*0301*1~DTM*472*20211029~CAS*CO*45*-122.58~LQ*HE*N59~LQ*HE*N694~SVC*HC>80048*-204.3*-81.72*0301*1~DTM*472*20211028~CAS*CO*45*-122.58~LQ*HE*N59~LQ*HE*N694~SVC*HC>83735*-25.1*-10.04*0301*1~DTM*472*20211028~CAS*CO*45*-15.06~LQ*HE*N59~LQ*HE*N694~SVC*HC>80053*-222.2*-88.88*0301*1~DTM*472*20211027~CAS*CO*45*-133.32~LQ*HE*N59~LQ*HE*N694~SVC*HC>83880*-188.6*-75.44*0301*1~DTM*472*20211027~CAS*CO*45*-113.16~LQ*HE*N59~LQ*HE*N694~SVC*HC>85730*-68.4*-27.36*0305*1~DTM*472*20211027~CAS*CO*45*-41.04~LQ*HE*N59~LQ*HE*N694~SVC*HC>85025*-119.2*-47.68*0305*1~DTM*472*20211029~CAS*CO*45*-71.52~LQ*HE*N59~LQ*HE*N694~SVC*HC>85025*-119.2*-47.68*0305*1~DTM*472*20211028~CAS*CO*45*-71.52~LQ*HE*N59~LQ*HE*N694~SVC*HC>85025*-119.2*-47.68*0305*1~DTM*472*20211027~CAS*CO*45*-71.52~LQ*HE*N59~LQ*HE*N694~SVC*HC>85610*-62.3*-24.92*0305*1~DTM*472*20211027~CAS*CO*45*-37.38~LQ*HE*N59~LQ*HE*N694~SVC*HC>87040*-273.4*-109.36*0306*2**1~DTM*472*20211027~CAS*CO*45*-164.04~LQ*HE*N59~LQ*HE*N694~SVC*HC>87086*-95.2*-38.08*0306*1~DTM*472*20211027~CAS*CO*45*-57.12~LQ*HE*N59~LQ*HE*N694~SVC*HC>87186*-106.3*-42.52*0306*1~DTM*472*20211027~CAS*CO*45*-63.78~LQ*HE*N59~LQ*HE*N694~SVC*HC>81001*-47.5*-19*0307*1~DTM*472*20211027~CAS*CO*45*-28.5~LQ*HE*N59~LQ*HE*N694~SVC*HC>71045*-230.6*-92.24*0324*1~DTM*472*20211027~CAS*CO*45*-138.36~LQ*HE*N59~LQ*HE*N694~SVC*HC>97535>GP*-109.8*-32.6*0421*1~DTM*472*20211028~CAS*CO*59*-77.2~LQ*HE*N694~SVC*HC>97110>GP*-108.6*-43.44*0421*1~DTM*472*20211029~CAS*CO*45*-65.16~LQ*HE*N59~LQ*HE*N694~SVC*HC>97116>GP*-108.6*-33.45*0421*1~DTM*472*20211029~CAS*CO*59*-75.15~LQ*HE*N694~SVC*HC>97110>GP*-108.6*-33.45*0421*1~DTM*472*20211028~CAS*CO*59*-75.15~LQ*HE*N694~SVC*HC>97161>GP*-232.8*-93.12*0424*1~DTM*472*20211028~CAS*CO*45*-139.68~LQ*HE*N59~LQ*HE*N694~SVC*HC>97110>GO*-108.6*-33.45*0431*1~DTM*472*20211028~CAS*CO*59*-75.15~LQ*HE*N694~SVC*HC>97165>GO*-210.1*-65.76*0434*1~DTM*472*20211028~CAS*CO*45*.01**59*-144.35~LQ*HE*N59~LQ*HE*N694~SVC*HC>99285>25*-712.5*-285*0450*1~DTM*472*20211027~CAS*CO*45*-427.5~LQ*HE*N59~LQ*HE*N694~SVC*HC>93306*-2217.5*-887*0483*1~DTM*472*20211028~CAS*CO*45*-1330.5~LQ*HE*N59~LQ*HE*N694~SVC*HC>J1940*-17.28*-6.91*0636*1~DTM*472*20211027~CAS*CO*45*-10.37~LQ*HE*N59~LQ*HE*N694~SVC*HC>J1815*-2.92*-1.17*0636*1~DTM*472*20211029~CAS*CO*45*-1.75~LQ*HE*N59~LQ*HE*N694~SVC*HC>J1940*-14.68*-5.87*0636*1~DTM*472*20211029~CAS*CO*45*-8.81~LQ*HE*N59~LQ*HE*N694~SVC*HC>J2543*-203.14*-81.26*0636*2**1~DTM*472*20211029~CAS*CO*45*-121.88~LQ*HE*N59~LQ*HE*N694~SVC*HC>J1815*-5.84*-2.34*0636*1~DTM*472*20211028~CAS*CO*45*-3.5~LQ*HE*N59~LQ*HE*N694~SVC*HC>J1940*-29.36*-11.74*0636*2**1~DTM*472*20211028~CAS*CO*45*-17.62~LQ*HE*N59~LQ*HE*N694~SVC*HC>J2543*-304.71*-121.88*0636*3**1~DTM*472*20211028~CAS*CO*45*-182.83~LQ*HE*N59~LQ*HE*N694~SVC*HC>J1956*-10.53*-4.21*0636*2**1~DTM*472*20211027~CAS*CO*45*-6.32~LQ*HE*N59~LQ*HE*N694~SVC*HC>93005*-146.3*-58.52*0730*1~DTM*472*20211027~CAS*CO*45*-87.78~LQ*HE*N59~LQ*HE*N694~SVC*HC>93005>76*-146.3*-58.52*0730*1~DTM*472*20211027~CAS*CO*45*-87.78~LQ*HE*N59~LQ*HE*N694~SVC*NU>0762*-2779*-1111.6**41**1~DTM*472*20211027~CAS*CO*45*-1667.4~LQ*HE*N59~LQ*HE*N694~SVC*HC>99285*-527*-206.86*0981*1~DTM*472*20211027~CAS*CO*45*-320.14~LQ*HE*N59~LQ*HE*N694~CLP*7968399*22*-13089.06*-4165.17**13*211118E302890004~NM1*QC*1*SEROCKA*RAYMOND*P***MI*MEBLG2SY~NM1*82*2*MAGRUDER HOSPITAL*****XX*1922079532~REF*1L*455716-056~REF*CE*STRS PPO PLAN NET 02101~DTM*232*20211102~DTM*233*20211103~DTM*050*20211118~PER*CX**TE*8006240756~SVC*NU>0250*-32.55*-13.02**6**1~DTM*472*20211102~CAS*CO*45*-19.53~LQ*HE*N59~LQ*HE*N694~SVC*NU>0250*-286.32*-114.53**8**1~DTM*472*20211103~CAS*CO*45*-171.79~LQ*HE*N59~LQ*HE*N694~SVC*HC>96365*-458.2*-183.28*0260*1~DTM*472*20211102~CAS*CO*45*-274.92~LQ*HE*N59~LQ*HE*N694~SVC*HC>96361*-358.8*-143.52*0260*4**1~DTM*472*20211102~CAS*CO*45*-215.28~LQ*HE*N59~LQ*HE*N694~SVC*HC>96367*-126*-50.4*0260*1~DTM*472*20211103~CAS*CO*45*-75.6~LQ*HE*N59~LQ*HE*N694~SVC*HC>96361*-1076.4*-430.56*0260*12**1~DTM*472*20211103~CAS*CO*45*-645.84~LQ*HE*N59~LQ*HE*N694~SVC*NU>0270*-8*-3.2**2**1~DTM*472*20211103~CAS*CO*45*-4.8~LQ*HE*N59~LQ*HE*N694~SVC*HC>83605*-53.8*-21.52*0300*1~DTM*472*20211102~CAS*CO*45*-32.28~LQ*HE*N59~LQ*HE*N694~SVC*HC>82607*-157.6*-63.04*0300*1~DTM*472*20211102~CAS*CO*45*-94.56~LQ*HE*N59~LQ*HE*N694~SVC*HC>36415*-14.4*0*0300*0**1~DTM*472*20211102~CAS*CO*97*-14.4*1~LQ*HE*MA67~LQ*HE*N19~LQ*HE*N694~SVC*HC>0202U*-885.5*0*0300*0**1~DTM*472*20211102~CAS*CO*96*-885.5*1~LQ*HE*MA67~LQ*HE*N115~LQ*HE*N694~SVC*HC>83605*-53.8*-21.52*0300*1~DTM*472*20211103~CAS*CO*45*-32.28~LQ*HE*N59~LQ*HE*N694~SVC*HC>36415*-14.4*0*0300*0**1~DTM*472*20211103~CAS*CO*97*-14.4*1~LQ*HE*MA67~LQ*HE*N19~LQ*HE*N694~SVC*HC>84484*-336.8*-134.72*0301*2**1~DTM*472*20211102~CAS*CO*45*-202.08~LQ*HE*N59~LQ*HE*N694~SVC*HC>84443*-179.7*-71.88*0301*1~DTM*472*20211102~CAS*CO*45*-107.82~LQ*HE*N59~LQ*HE*N694~SVC*HC>83735*-25.1*-10.04*0301*1~DTM*472*20211102~CAS*CO*45*-15.06~LQ*HE*N59~LQ*HE*N694~SVC*HC>83690*-89.8*-35.92*0301*1~DTM*472*20211102~CAS*CO*45*-53.88~LQ*HE*N59~LQ*HE*N694~SVC*HC>82140*-142.9*-57.16*0301*1~DTM*472*20211102~CAS*CO*45*-85.74~LQ*HE*N59~LQ*HE*N694~SVC*HC>80053*-222.2*-88.88*0301*1~DTM*472*20211102~CAS*CO*45*-133.32~LQ*HE*N59~LQ*HE*N694~SVC*HC>84484*-336.8*-134.72*0301*2**1~DTM*472*20211103~CAS*CO*45*-202.08~LQ*HE*N59~LQ*HE*N694~SVC*HC>83735*-25.1*-10.04*0301*1~DTM*472*20211103~CAS*CO*45*-15.06~LQ*HE*N59~LQ*HE*N694~SVC*HC>80048*-204.3*-81.72*0301*1~DTM*472*20211103~CAS*CO*45*-122.58~LQ*HE*N59~LQ*HE*N694~SVC*HC>85025*-119.2*-47.68*0305*1~DTM*472*20211102~CAS*CO*45*-71.52~LQ*HE*N59~LQ*HE*N694~SVC*HC>85025*-119.2*-47.68*0305*1~DTM*472*20211103~CAS*CO*45*-71.52~LQ*HE*N59~LQ*HE*N694~SVC*HC>87040*-273.4*-109.36*0306*2**1~DTM*472*20211102~CAS*CO*45*-164.04~LQ*HE*N59~LQ*HE*N694~SVC*HC>81001*-47.5*-19*0307*1~DTM*472*20211102~CAS*CO*45*-28.5~LQ*HE*N59~LQ*HE*N694~SVC*HC>71045*-230.6*-92.24*0324*1~DTM*472*20211102~CAS*CO*45*-138.36~LQ*HE*N59~LQ*HE*N694~SVC*HC>70450*-1143*-457.2*0351*1~DTM*472*20211102~CAS*CO*45*-685.8~LQ*HE*N59~LQ*HE*N694~SVC*HC>97161>GP*-232.8*-93.12*0424*1~DTM*472*20211103~CAS*CO*45*-139.68~LQ*HE*N59~LQ*HE*N694~SVC*HC>97535>GO*-109.8*-32.6*0431*1~DTM*472*20211103~CAS*CO*59*-77.2~LQ*HE*N694~SVC*HC>97165>GO*-210.1*-65.76*0434*1~DTM*472*20211103~CAS*CO*45*.01**59*-144.35~LQ*HE*N59~LQ*HE*N694~SVC*HC>99285>25*-712.5*-285*0450*1~DTM*472*20211102~CAS*CO*45*-427.5~LQ*HE*N59~LQ*HE*N694~SVC*HC>93306*-2217.5*-887*0483*1~DTM*472*20211103~CAS*CO*45*-1330.5~LQ*HE*N59~LQ*HE*N694~SVC*HC>J7030*-21.35*-8.54*0636*1~DTM*472*20211102~CAS*CO*45*-12.81~LQ*HE*N59~LQ*HE*N694~SVC*HC>J0744*-21.9*-8.76*0636*2**1~DTM*472*20211102~CAS*CO*45*-13.14~LQ*HE*N59~LQ*HE*N694~SVC*HC>J7512*-.89*-.36*0636*2**1~DTM*472*20211103~CAS*CO*45*-.53~LQ*HE*N59~LQ*HE*N694~SVC*HC>J7030*-21.35*-8.54*0636*1~DTM*472*20211103~CAS*CO*45*-12.81~LQ*HE*N59~LQ*HE*N694~SVC*HC>J0744*-21.9*-8.76*0636*2**1~DTM*472*20211103~CAS*CO*45*-13.14~LQ*HE*N59~LQ*HE*N694~SVC*HC>93005>76*-146.3*-58.52*0730*1~DTM*472*20211102~CAS*CO*45*-87.78~LQ*HE*N59~LQ*HE*N694~SVC*HC>93005*-146.3*-58.52*0730*1~DTM*472*20211102~CAS*CO*45*-87.78~LQ*HE*N59~LQ*HE*N694~SVC*NU>0762*-1552*0**0**1~DTM*472*20211102~CAS*CO*97*-1552*20~LQ*HE*MA67~LQ*HE*N130~LQ*HE*N694~SVC*HC>90471*-126*0*0771*0**1~DTM*472*20211103~CAS*CO*B15*-126*1~LQ*HE*MA67~LQ*HE*N674~LQ*HE*N694~SVC*HC>99285*-527*-206.86*0981*1~DTM*472*20211102~CAS*CO*45*-320.14~LQ*HE*N59~LQ*HE*N694~CLP*6542054*22*-7275.82*-2086.45**13*211213C515030002~NM1*QC*1*CEDOZ*DORIS*M***MI*MEBD8HNG~NM1*82*2*MAGRUDER HOSPITAL*****XX*1922079532~REF*1L*455716-056~REF*CE*STRS PPO PLAN NET 02101~DTM*232*20210405~DTM*233*20210405~DTM*050*20211213~PER*CX**TE*8006240756~SVC*NU>0250*-1*-183.28**2~DTM*472*20210405~CAS*CO*45*182.28~LQ*HE*N59~LQ*HE*N694~SVC*HC>96365*-458.2*-108.28*0260*1~DTM*472*20210405~CAS*CO*45*-274.92~CAS*PR*3*-75~LQ*HE*N59~LQ*HE*N694~SVC*HC>96361*-89.7*-35.88*0260*1~DTM*472*20210405~CAS*CO*45*-53.82~LQ*HE*N59~LQ*HE*N694~SVC*NU>0270*-4*-1.6**1~DTM*472*20210405~CAS*CO*45*-2.4~LQ*HE*N59~LQ*HE*N694~SVC*HC>36415*-14.4*0*0300*0**1~DTM*472*20210405~CAS*CO*97*-14.4*1~LQ*HE*N19~LQ*HE*N694~SVC*HC>0202U*-885.5*0*0300*0**1~DTM*472*20210405~CAS*CO*96*-885.5*1~LQ*HE*N115~LQ*HE*N694~SVC*HC>80053*-222.2*0*0301*0**1~DTM*472*20210405~CAS*CO*119*-222.2*1~LQ*HE*N640~LQ*HE*N694~SVC*HC>84484*-168.4*-67.36*0301*1~DTM*472*20210405~CAS*CO*45*-101.04~LQ*HE*N59~LQ*HE*N694~SVC*HC>85025*-119.2*-47.68*0305*1~DTM*472*20210405~CAS*CO*45*-71.52~LQ*HE*N59~LQ*HE*N694~SVC*HC>85610*-62.3*-24.92*0305*1~DTM*472*20210405~CAS*CO*45*-37.38~LQ*HE*N59~LQ*HE*N694~SVC*HC>87040*0*-109.36*0306*2**1~DTM*472*20210405~CAS*CO*45*109.36~LQ*HE*N59~LQ*HE*N694~SVC*HC>81001*-47.5*-19*0307*1~DTM*472*20210405~CAS*CO*45*-28.5~LQ*HE*N59~LQ*HE*N694~SVC*HC>71045*-230.6*-92.24*0324*1~DTM*472*20210405~CAS*CO*45*-138.36~LQ*HE*N59~LQ*HE*N694~SVC*HC>70486*-1271.6*-254.32*0351*1~DTM*472*20210405~CAS*CO*45*-1017.28~LQ*HE*N59~LQ*HE*N694~SVC*HC>70450*-1143*-228.6*0351*1**3~DTM*472*20210405~CAS*CO*59*-914.4~LQ*HE*N694~SVC*HC>72125*-1406.8*-562.72*0352*1**4~DTM*472*20210405~CAS*CO*45*-844.08~LQ*HE*N59~LQ*HE*N694~SVC*HC>99284>25*-487*-194.8*0450*1~DTM*472*20210405~CAS*CO*45*-292.2~LQ*HE*N59~LQ*HE*N694~SVC*HC>J7040*-18.38*-7.35*0636*1~DTM*472*20210405~CAS*CO*45*-11.03~LQ*HE*N59~LQ*HE*N694~SVC*HC>J0696*-226.34*-90.54*0636*1~DTM*472*20210405~CAS*CO*45*-135.8~LQ*HE*N59~LQ*HE*N694~SVC*HC>93005*-146.3*-58.52*0730*1**3~DTM*472*20210405~CAS*CO*45*-87.78~LQ*HE*N59~LQ*HE*N694~SVC*HC>87040*-136.7*0*0306*0**2~DTM*472*20210405~CAS*CO*119*-136.7*1~LQ*HE*N640~LQ*HE*N694~SVC*HC>87040*-136.7*0*0306*0**2~DTM*472*20210405~CAS*CO*119*-136.7*1~LQ*HE*N640~LQ*HE*N694~CLP*8330674*22*-387*-160.83**13*211222E245150004~NM1*QC*1*FOUGHT*SHARON*L***MI*MEBNR9YM~NM1*82*2*MAGRUDER HOSPITAL*****XX*1922079532~REF*1L*441297-006~REF*CE*MEDICARE (S02) PPO PLAN NET 02101~DTM*232*20211206~DTM*233*20211206~DTM*050*20211222~PER*CX**TE*8006240756~SVC*HC>G0439*-72*-28.8*0510*1~DTM*472*20211206~CAS*CO*45*-43.2~LQ*HE*N59~LQ*HE*N694~SVC*HC>99213>25*-47*-18.8*0510*1~DTM*472*20211206~CAS*CO*45*-28.2~LQ*HE*N59~LQ*HE*N694~SVC*HC>G0439*-137*0*0983*0**1~DTM*472*20211206~CAS*CO*119*-137*1~LQ*HE*N640~LQ*HE*N694~SVC*HC>99214>25*-131*-113.23*0983*1~DTM*472*20211206~CAS*CO*45*-17.77~LQ*HE*N59~LQ*HE*N694~CLP*8362988*22*-47.6*-4.04**13*211228E199720004~NM1*QC*1*EATON*WALTER*H***MI*MEBS9Y0Z~NM1*82*2*MAGRUDER HOSPITAL*****XX*1922079532~REF*1L*467094-012~REF*CE*VALUE PPO NET 02101~DTM*232*20211221~DTM*233*20211221~DTM*050*20211228~PER*CX**TE*8006240756~SVC*HC>81003*-47.6*-4.04*0307*1~DTM*472*20211221~CAS*CO*45*-28.56~CAS*PR*3*-15~LQ*HE*N59~LQ*HE*N694~CLP*7361620*1*6248.56*81.2**13*220106E414670000*13*7~NM1*QC*1*PALMER*JAMES****MI*MEBTK81V~NM1*82*2*MAGRUDER HOSPITAL*****XX*1922079532~REF*1L*467094-012~REF*CE*VALUE PPO NET 03418~DTM*232*20210804~DTM*233*20210805~DTM*050*20220106~PER*CX**TE*8006240756~AMT*AU*203~SVC*NU>0250*347.43*0**0**6~DTM*472*20210804~CAS*OA*18*347.43*6~REF*6R*SBXP0004018743-1~LQ*HE*MA67~LQ*HE*N522~SVC*NU>0258*17.03*0**0**1~DTM*472*20210804~CAS*OA*18*17.03*1~REF*6R*SBXP0004018743-2~LQ*HE*MA67~LQ*HE*N522~SVC*HC>96376*135.5*0*0260*0**1~DTM*472*20210804~CAS*OA*18*135.5*1~REF*6R*SBXP0004018743-3~LQ*HE*MA67~LQ*HE*N522~SVC*HC>96375*271*0*0260*0**2~DTM*472*20210804~CAS*OA*18*271*2~REF*6R*SBXP0004018743-4~LQ*HE*MA67~LQ*HE*N522~SVC*HC>96367*126*0*0260*0**1~DTM*472*20210804~CAS*OA*18*126*1~REF*6R*SBXP0004018743-5~LQ*HE*MA67~LQ*HE*N522~SVC*HC>96365*458.2*0*0260*0**1~DTM*472*20210804~CAS*OA*18*458.2*1~REF*6R*SBXP0004018743-6~LQ*HE*MA67~LQ*HE*N522~SVC*HC>96376*135.5*0*0260*0**1~DTM*472*20210805~CAS*OA*18*135.5*1~REF*6R*SBXP0004018743-7~LQ*HE*MA67~LQ*HE*N522~SVC*HC>36415*14.4*5.76*0300*1~DTM*472*20210804~CAS*CO*45*8.64~REF*6R*SBXP0004018743-8~AMT*B6*5.76~LQ*HE*N59~SVC*HC>87631*885.5*0*0300*0**1~DTM*472*20210804~CAS*CO*231*885.5*1~REF*6R*SBXP0004018743-9~LQ*HE*MA67~SVC*HC>84484*336.8*0*0301*0**2~DTM*472*20210804~CAS*OA*18*336.8*2~REF*6R*SBXP0004018743-10~LQ*HE*MA67~LQ*HE*N522~SVC*HC>84443*179.7*0*0301*0**1~DTM*472*20210804~CAS*OA*18*179.7*1~REF*6R*SBXP0004018743-11~LQ*HE*MA67~LQ*HE*N522~SVC*HC>83880*188.6*75.44*0301*1~DTM*472*20210804~CAS*CO*45*113.16~REF*6R*SBXP0004018743-12~AMT*B6*75.44~LQ*HE*N59~SVC*HC>83690*89.8*0*0301*0**1~DTM*472*20210804~CAS*OA*18*89.8*1~REF*6R*SBXP0004018743-13~LQ*HE*MA67~LQ*HE*N522~SVC*HC>80053*222.2*0*0301*0**1~DTM*472*20210804~CAS*OA*18*222.2*1~REF*6R*SBXP0004018743-14~LQ*HE*MA67~LQ*HE*N522~SVC*HC>85610*62.3*0*0305*0**1~DTM*472*20210804~CAS*OA*18*62.3*1~REF*6R*SBXP0004018743-15~LQ*HE*MA67~LQ*HE*N522~SVC*HC>85025*119.2*0*0305*0**1~DTM*472*20210804~CAS*OA*18*119.2*1~REF*6R*SBXP0004018743-16~LQ*HE*MA67~LQ*HE*N522~SVC*HC>87086*95.2*0*0306*0**1~DTM*472*20210804~CAS*OA*18*95.2*1~REF*6R*SBXP0004018743-17~LQ*HE*MA67~LQ*HE*N522~SVC*HC>87040*136.7*0*0306*0**1~DTM*472*20210804~CAS*OA*18*136.7*1~REF*6R*SBXP0004018743-18~LQ*HE*MA67~LQ*HE*N522~SVC*HC>81001*47.5*0*0307*0**1~DTM*472*20210804~CAS*OA*18*47.5*1~REF*6R*SBXP0004018743-19~LQ*HE*MA67~LQ*HE*N522~SVC*HC>71045*230.6*0*0324*0**1~DTM*472*20210804~CAS*OA*18*230.6*1~REF*6R*SBXP0004018743-20~LQ*HE*MA67~LQ*HE*N522~SVC*HC>94640*103.5*0*0410*0**1~DTM*472*20210804~CAS*OA*18*103.5*1~REF*6R*SBXP0004018743-21~LQ*HE*MA67~LQ*HE*N522~SVC*HC>99285>25*712.5*0*0450*0**1~DTM*472*20210804~CAS*OA*18*712.5*1~REF*6R*SBXP0004018743-22~LQ*HE*MA67~LQ*HE*N522~SVC*HC>J2930*49.2*0*0636*0**1~DTM*472*20210804~CAS*OA*18*49.2*1~REF*6R*SBXP0004018743-23~LQ*HE*MA67~LQ*HE*N522~SVC*HC>J2405*3.03*0*0636*0**4~DTM*472*20210804~CAS*OA*18*3.03*4~REF*6R*SBXP0004018743-24~LQ*HE*MA67~LQ*HE*N522~SVC*HC>J1170*41.94*0*0636*0**2~DTM*472*20210804~CAS*OA*18*41.94*2~REF*6R*SBXP0004018743-25~LQ*HE*MA67~LQ*HE*N522~SVC*HC>J0696*226.34*0*0636*0**1~DTM*472*20210804~CAS*OA*18*226.34*1~REF*6R*SBXP0004018743-26~LQ*HE*MA67~LQ*HE*N522~SVC*HC>J0456*46.32*0*0636*0**1~DTM*472*20210804~CAS*OA*18*46.32*1~REF*6R*SBXP0004018743-27~LQ*HE*MA67~LQ*HE*N522~SVC*HC>J1170*20.97*0*0636*0**1~DTM*472*20210805~CAS*OA*18*20.97*1~REF*6R*SBXP0004018743-28~LQ*HE*MA67~LQ*HE*N522~SVC*HC>93005>76*146.3*0*0730*0**1~DTM*472*20210804~CAS*OA*18*146.3*1~REF*6R*SBXP0004018743-29~LQ*HE*MA67~LQ*HE*N522~SVC*HC>93005*146.3*0*0730*0**1~DTM*472*20210804~CAS*OA*18*146.3*1~REF*6R*SBXP0004018743-30~LQ*HE*MA67~LQ*HE*N522~SVC*HC>96372>59*126*0*0940*0**1~DTM*472*20210804~CAS*OA*18*126*1~REF*6R*SBXP0004018743-31~LQ*HE*MA67~LQ*HE*N522~SVC*HC>99285*527*0*0981*0**1~DTM*472*20210804~CAS*OA*18*527*1~REF*6R*SBXP0004018743-32~LQ*HE*MA67~LQ*HE*N522~CLP*7968399*1*13089.06*5220.17**13*220111E061180000*85*7~NM1*QC*1*SEROCKA*RAYMOND****MI*MEBLG2SY~NM1*82*2*MAGRUDER HOSPITAL*****XX*1922079532~REF*1L*455716-056~REF*CE*STRS PPO PLAN NET 03418~DTM*232*20211102~DTM*233*20211103~DTM*050*20220111~PER*CX**TE*8006240756~AMT*AU*13060.26~SVC*NU>0250*32.55*13.02**6~DTM*472*20211102~CAS*CO*45*19.53~REF*6R*SBXP0004022519-1~AMT*B6*13.02~LQ*HE*N59~SVC*NU>0250*286.32*114.53**8~DTM*472*20211103~CAS*CO*45*171.79~REF*6R*SBXP0004022519-2~AMT*B6*114.53~LQ*HE*N59~SVC*HC>96365*458.2*183.28*0260*1~DTM*472*20211102~CAS*CO*45*274.92~REF*6R*SBXP0004022519-3~AMT*B6*183.28~LQ*HE*N59~SVC*HC>96361*358.8*143.52*0260*4~DTM*472*20211102~CAS*CO*45*215.28~REF*6R*SBXP0004022519-4~AMT*B6*143.52~LQ*HE*N59~SVC*HC>96367*126*50.4*0260*1~DTM*472*20211103~CAS*CO*45*75.6~REF*6R*SBXP0004022519-5~AMT*B6*50.4~LQ*HE*N59~SVC*HC>96361*1076.4*430.56*0260*12~DTM*472*20211103~CAS*CO*45*645.84~REF*6R*SBXP0004022519-6~AMT*B6*430.56~LQ*HE*N59~SVC*NU>0270*8*3.2**2~DTM*472*20211103~CAS*CO*45*4.8~REF*6R*SBXP0004022519-7~AMT*B6*3.2~LQ*HE*N59~SVC*HC>83605*53.8*21.52*0300*1~DTM*472*20211102~CAS*CO*45*32.28~REF*6R*SBXP0004022519-8~AMT*B6*21.52~LQ*HE*N59~SVC*HC>82607*157.6*63.04*0300*1~DTM*472*20211102~CAS*CO*45*94.56~REF*6R*SBXP0004022519-9~AMT*B6*63.04~LQ*HE*N59~SVC*HC>36415*14.4*0*0300*0**1~DTM*472*20211102~CAS*CO*97*14.4*1~REF*6R*SBXP0004022519-10~LQ*HE*MA67~LQ*HE*N19~SVC*HC>87631*885.5*354.2*0300*1~DTM*472*20211102~CAS*CO*45*531.3~REF*6R*SBXP0004022519-11~AMT*B6*354.2~LQ*HE*N59~SVC*HC>83605*53.8*21.52*0300*1~DTM*472*20211103~CAS*CO*45*32.28~REF*6R*SBXP0004022519-12~AMT*B6*21.52~LQ*HE*N59~SVC*HC>36415*14.4*0*0300*0**1~DTM*472*20211103~CAS*CO*97*14.4*1~REF*6R*SBXP0004022519-13~LQ*HE*MA67~LQ*HE*N19~SVC*HC>84484*336.8*134.72*0301*2~DTM*472*20211102~CAS*CO*45*202.08~REF*6R*SBXP0004022519-14~AMT*B6*134.72~LQ*HE*N59~SVC*HC>84443*179.7*71.88*0301*1~DTM*472*20211102~CAS*CO*45*107.82~REF*6R*SBXP0004022519-15~AMT*B6*71.88~LQ*HE*N59~SVC*HC>83735*25.1*10.04*0301*1~DTM*472*20211102~CAS*CO*45*15.06~REF*6R*SBXP0004022519-16~AMT*B6*10.04~LQ*HE*N59~SVC*HC>83690*89.8*35.92*0301*1~DTM*472*20211102~CAS*CO*45*53.88~REF*6R*SBXP0004022519-17~AMT*B6*35.92~LQ*HE*N59~SVC*HC>82140*142.9*57.16*0301*1~DTM*472*20211102~CAS*CO*45*85.74~REF*6R*SBXP0004022519-18~AMT*B6*57.16~LQ*HE*N59~SVC*HC>80053*222.2*88.88*0301*1~DTM*472*20211102~CAS*CO*45*133.32~REF*6R*SBXP0004022519-19~AMT*B6*88.88~LQ*HE*N59~SVC*HC>84484*336.8*134.72*0301*2~DTM*472*20211103~CAS*CO*45*202.08~REF*6R*SBXP0004022519-20~AMT*B6*134.72~LQ*HE*N59~SVC*HC>83735*25.1*10.04*0301*1~DTM*472*20211103~CAS*CO*45*15.06~REF*6R*SBXP0004022519-21~AMT*B6*10.04~LQ*HE*N59~SVC*HC>80048*204.3*81.72*0301*1~DTM*472*20211103~CAS*CO*45*122.58~REF*6R*SBXP0004022519-22~AMT*B6*81.72~LQ*HE*N59~SVC*HC>85025*119.2*47.68*0305*1~DTM*472*20211102~CAS*CO*45*71.52~REF*6R*SBXP0004022519-23~AMT*B6*47.68~LQ*HE*N59~SVC*HC>85025*119.2*47.68*0305*1~DTM*472*20211103~CAS*CO*45*71.52~REF*6R*SBXP0004022519-24~AMT*B6*47.68~LQ*HE*N59~SVC*HC>87040*273.4*109.36*0306*2~DTM*472*20211102~CAS*CO*45*164.04~REF*6R*SBXP0004022519-25~AMT*B6*109.36~LQ*HE*N59~SVC*HC>81001*47.5*19*0307*1~DTM*472*20211102~CAS*CO*45*28.5~REF*6R*SBXP0004022519-26~AMT*B6*19~LQ*HE*N59~SVC*HC>71045*230.6*92.24*0324*1~DTM*472*20211102~CAS*CO*45*138.36~REF*6R*SBXP0004022519-27~AMT*B6*92.24~LQ*HE*N59~SVC*HC>70450*1143*457.2*0351*1~DTM*472*20211102~CAS*CO*45*685.8~REF*6R*SBXP0004022519-28~AMT*B6*457.2~LQ*HE*N59~SVC*HC>97161>GP*232.8*93.12*0424*1~DTM*472*20211103~CAS*CO*45*139.68~REF*6R*SBXP0004022519-29~AMT*B6*93.12~LQ*HE*N59~SVC*HC>97535>GO*109.8*43.92*0431*1~DTM*472*20211103~CAS*CO*45*65.88~REF*6R*SBXP0004022519-30~AMT*B6*43.92~LQ*HE*N59~SVC*HC>97165>GO*210.1*84.04*0434*1~DTM*472*20211103~CAS*CO*45*126.06~REF*6R*SBXP0004022519-31~AMT*B6*84.04~LQ*HE*N59~SVC*HC>99285>25*712.5*285*0450*1~DTM*472*20211102~CAS*CO*45*427.5~REF*6R*SBXP0004022519-32~AMT*B6*285~LQ*HE*N59~SVC*HC>93306*2217.5*887*0483*1~DTM*472*20211103~CAS*CO*45*1330.5~REF*6R*SBXP0004022519-33~AMT*B6*887~LQ*HE*N59~SVC*HC>J7030*21.35*8.54*0636*1~DTM*472*20211102~CAS*CO*45*12.81~REF*6R*SBXP0004022519-34~AMT*B6*8.54~LQ*HE*N59~SVC*HC>J0744*21.9*8.76*0636*2~DTM*472*20211102~CAS*CO*45*13.14~REF*6R*SBXP0004022519-35~AMT*B6*8.76~LQ*HE*N59~SVC*HC>J7512*.89*.36*0636*2~DTM*472*20211103~CAS*CO*45*.53~REF*6R*SBXP0004022519-36~AMT*B6*.36~LQ*HE*N59~SVC*HC>J7030*21.35*8.54*0636*1~DTM*472*20211103~CAS*CO*45*12.81~REF*6R*SBXP0004022519-37~AMT*B6*8.54~LQ*HE*N59~SVC*HC>J0744*21.9*8.76*0636*2~DTM*472*20211103~CAS*CO*45*13.14~REF*6R*SBXP0004022519-38~AMT*B6*8.76~LQ*HE*N59~SVC*HC>93005>76*146.3*58.52*0730*1~DTM*472*20211102~CAS*CO*45*87.78~REF*6R*SBXP0004022519-39~AMT*B6*58.52~LQ*HE*N59~SVC*HC>93005*146.3*58.52*0730*1~DTM*472*20211102~CAS*CO*45*87.78~REF*6R*SBXP0004022519-40~AMT*B6*58.52~LQ*HE*N59~SVC*NU>0762*1552*620.8**20~DTM*472*20211102~CAS*CO*45*931.2~REF*6R*SBXP0004022519-41~AMT*B6*620.8~LQ*HE*N59~SVC*HC>90471*126*50.4*0771*1~DTM*472*20211103~CAS*CO*45*75.6~REF*6R*SBXP0004022519-42~AMT*B6*50.4~LQ*HE*N59~SVC*HC>99285*527*206.86*0981*1~DTM*472*20211102~CAS*CO*45*320.14~REF*6R*SBXP0004022519-43~AMT*B6*206.86~LQ*HE*N59~CLP*6542054*1*7275.82*2835.32*75*13*220111E197900000*13*7~NM1*QC*1*CEDOZ*DORIS****MI*MEBD8HNG~NM1*82*2*MAGRUDER HOSPITAL*****XX*1922079532~REF*1L*455716-056~REF*CE*STRS PPO PLAN NET 03418~DTM*232*20210405~DTM*233*20210405~DTM*050*20220111~PER*CX**TE*8006240756~AMT*AU*7275.82~SVC*NU>0250*1*.4**2~DTM*472*20210405~CAS*CO*45*.6~REF*6R*SBXP0004020422-1~AMT*B6*.4~LQ*HE*N59~SVC*HC>96365*458.2*108.28*0260*1~DTM*472*20210405~CAS*CO*45*274.92~CAS*PR*3*75~REF*6R*SBXP0004020422-2~AMT*B6*183.28~LQ*HE*N59~SVC*HC>96361*89.7*35.88*0260*1~DTM*472*20210405~CAS*CO*45*53.82~REF*6R*SBXP0004020422-3~AMT*B6*35.88~LQ*HE*N59~SVC*NU>0270*4*1.6**1~DTM*472*20210405~CAS*CO*45*2.4~REF*6R*SBXP0004020422-4~AMT*B6*1.6~LQ*HE*N59~SVC*HC>87631*885.5*354.2*0300*1~DTM*472*20210405~CAS*CO*45*531.3~REF*6R*SBXP0004020422-5~AMT*B6*354.2~LQ*HE*N59~SVC*HC>36415*14.4*5.76*0300*1~DTM*472*20210405~CAS*CO*45*8.64~REF*6R*SBXP0004020422-6~AMT*B6*5.76~LQ*HE*N59~SVC*HC>84484*168.4*67.36*0301*1~DTM*472*20210405~CAS*CO*45*101.04~REF*6R*SBXP0004020422-7~AMT*B6*67.36~LQ*HE*N59~SVC*HC>80053*222.2*88.88*0301*1~DTM*472*20210405~CAS*CO*45*133.32~REF*6R*SBXP0004020422-8~AMT*B6*88.88~LQ*HE*N59~SVC*HC>85610*62.3*24.92*0305*1~DTM*472*20210405~CAS*CO*45*37.38~REF*6R*SBXP0004020422-9~AMT*B6*24.92~LQ*HE*N59~SVC*HC>85025*119.2*47.68*0305*1~DTM*472*20210405~CAS*CO*45*71.52~REF*6R*SBXP0004020422-10~AMT*B6*47.68~LQ*HE*N59~SVC*HC>87040*273.4*109.36*0306*2~DTM*472*20210405~CAS*CO*45*164.04~REF*6R*SBXP0004020422-11~AMT*B6*109.36~LQ*HE*N59~SVC*HC>81001*47.5*19*0307*1~DTM*472*20210405~CAS*CO*45*28.5~REF*6R*SBXP0004020422-12~AMT*B6*19~LQ*HE*N59~SVC*HC>71045*230.6*92.24*0324*1~DTM*472*20210405~CAS*CO*45*138.36~REF*6R*SBXP0004020422-13~AMT*B6*92.24~LQ*HE*N59~SVC*HC>70486*1271.6*508.64*0351*1~DTM*472*20210405~CAS*CO*45*762.96~REF*6R*SBXP0004020422-14~AMT*B6*508.64~LQ*HE*N59~SVC*HC>70450*1143*457.2*0351*1~DTM*472*20210405~CAS*CO*45*685.8~REF*6R*SBXP0004020422-15~AMT*B6*457.2~LQ*HE*N59~SVC*HC>72125*1406.8*562.72*0352*1~DTM*472*20210405~CAS*CO*45*844.08~REF*6R*SBXP0004020422-16~AMT*B6*562.72~LQ*HE*N59~SVC*HC>99284>25*487*194.8*0450*1~DTM*472*20210405~CAS*CO*45*292.2~REF*6R*SBXP0004020422-17~AMT*B6*194.8~LQ*HE*N59~SVC*HC>J7040*18.38*7.35*0636*1~DTM*472*20210405~CAS*CO*45*11.03~REF*6R*SBXP0004020422-18~AMT*B6*7.35~LQ*HE*N59~SVC*HC>J0696*226.34*90.53*0636*1~DTM*472*20210405~CAS*CO*45*135.81~REF*6R*SBXP0004020422-19~AMT*B6*90.53~LQ*HE*N59~SVC*HC>93005*146.3*58.52*0730*1~DTM*472*20210405~CAS*CO*45*87.78~REF*6R*SBXP0004020422-20~AMT*B6*58.52~LQ*HE*N59~CLP*8330674*1*387*160.83**13*220112E051670000*13*7~NM1*QC*1*FOUGHT*SHARON****MI*MEBNR9YM~NM1*82*2*MAGRUDER HOSPITAL*****XX*1922079532~REF*1L*441297-006~REF*CE*MEDICARE (S02) PPO PLAN NET 03418~DTM*232*20211206~DTM*233*20211206~DTM*050*20220112~PER*CX**TE*8006240756~AMT*AU*250~SVC*HC>G0439*72*28.8*0510*1~DTM*472*20211206~CAS*CO*45*43.2~REF*6R*SBXP0004023398-1~AMT*B6*28.8~LQ*HE*N59~SVC*HC>99213>25*47*18.8*0510*1~DTM*472*20211206~CAS*CO*45*28.2~REF*6R*SBXP0004023398-2~AMT*B6*18.8~LQ*HE*N59~SVC*HC>G0439>25*137*0*0983*0**1~DTM*472*20211206~CAS*CO*119*137*1~REF*6R*SBXP0004023398-3~LQ*HE*MA67~LQ*HE*N640~SVC*HC>99214>25*131*113.23*0983*1~DTM*472*20211206~CAS*CO*45*17.77~REF*6R*SBXP0004023398-4~AMT*B6*113.23~LQ*HE*N59~CLP*8499854*1*22116.62*19173.92*1192*13*220112E093180000*11*1~NM1*QC*1*BROWN NICHOLSON*NAOMA****MI*MEBVG9BH~NM1*74*1*NICHOLSON~NM1*82*2*MAGRUDER HOSPITAL*****XX*1922079532~REF*G1*2972269~REF*1L*467253-022~REF*CE*ESSENTIAL PPO NET 03418~DTM*232*20211216~DTM*233*20211220~DTM*050*20220112~PER*CX**TE*8006240756~AMT*AU*3720~SVC*NU>0121*3720*19173.92**4~DTM*150*20211216~DTM*151*20211220~CAS*CO*45*-16645.92~CAS*PR*3*1192~REF*6R*SBXP0004022600-1~AMT*B6*20365.92~LQ*HE*N59~SVC*HC>27165*4650.8*0*0360*0**1~DTM*150*20211216~DTM*151*20211220~CAS*CO*97*4650.8*1~REF*6R*SBXP0004022600-11~LQ*HE*N130~SVC*NU>0270*3088.64*0**0**35~DTM*150*20211216~DTM*151*20211220~CAS*CO*97*3088.64*35~REF*6R*SBXP0004022600-4~LQ*HE*N130~SVC*NU>0710*871*0**0**67~DTM*150*20211216~DTM*151*20211220~CAS*CO*97*871*67~REF*6R*SBXP0004022600-17~LQ*HE*N130~SVC*NU>0278*3303.72*0**0**3~DTM*150*20211216~DTM*151*20211220~CAS*CO*97*3303.72*3~REF*6R*SBXP0004022600-5~LQ*HE*N130~SVC*NU>0250*796.57*0**0**71~DTM*150*20211216~DTM*151*20211220~CAS*CO*97*796.57*71~REF*6R*SBXP0004022600-2~LQ*HE*N130~SVC*NU>0258*115.79*0**0**7~DTM*150*20211216~DTM*151*20211220~CAS*CO*97*115.79*7~REF*6R*SBXP0004022600-3~LQ*HE*N130~SVC*NU>0300*738.1*0**0**5~DTM*150*20211216~DTM*151*20211220~CAS*CO*97*738.1*5~REF*6R*SBXP0004022600-6~LQ*HE*N130~SVC*NU>0301*1229.7*0**0**9~DTM*150*20211216~DTM*151*20211220~CAS*CO*97*1229.7*9~REF*6R*SBXP0004022600-7~LQ*HE*N130~SVC*NU>0305*596*0**0**5~DTM*150*20211216~DTM*151*20211220~CAS*CO*97*596*5~REF*6R*SBXP0004022600-8~LQ*HE*N130~SVC*NU>0306*181.4*0**0**1~DTM*150*20211216~DTM*151*20211220~CAS*CO*97*181.4*1~REF*6R*SBXP0004022600-9~LQ*HE*N130~SVC*NU>0320*958.6*0**0**2~DTM*150*20211216~DTM*151*20211220~CAS*CO*97*958.6*2~REF*6R*SBXP0004022600-10~LQ*HE*N130~SVC*NU>0370*891.5*0**0**4~DTM*150*20211216~DTM*151*20211220~CAS*CO*97*891.5*4~REF*6R*SBXP0004022600-12~LQ*HE*N130~SVC*NU>0421*435.6*0**0**4~DTM*150*20211216~DTM*151*20211220~CAS*CO*97*435.6*4~REF*6R*SBXP0004022600-13~LQ*HE*N130~SVC*NU>0424*232.8*0**0**1~DTM*150*20211216~DTM*151*20211220~CAS*CO*97*232.8*1~REF*6R*SBXP0004022600-14~LQ*HE*N130~SVC*NU>0431*96.3*0**0**1~DTM*150*20211216~DTM*151*20211220~CAS*CO*97*96.3*1~REF*6R*SBXP0004022600-15~LQ*HE*N130~SVC*NU>0434*210.1*0**0**1~DTM*150*20211216~DTM*151*20211220~CAS*CO*97*210.1*1~REF*6R*SBXP0004022600-16~LQ*HE*N130~CLP*8499068*1*13774.59*14962.63*311.81*13*220112E134560000*11*1~NM1*QC*1*DOUGLASS*HAROLD****MI*MEBVLG6G~NM1*74*1*DOUGLASS JR~NM1*82*2*MAGRUDER HOSPITAL*****XX*1922079532~REF*1L*467639-117~REF*CE*MEDICARE (V01) ESA PPO PLAN NET 03418~DTM*232*20211217~DTM*233*20211220~DTM*050*20220112~PER*CX**TE*8006240756~AMT*AU*4167~SVC*NU>0121*4167*14962.63**3~DTM*150*20211217~DTM*151*20211220~CAS*CO*45*-11107.44~CAS*PR*3*311.81~REF*6R*SBXP0004022601-1~AMT*B6*15274.44~LQ*HE*N59~SVC*NU>0270*942.31*0**0**18~DTM*150*20211217~DTM*151*20211220~CAS*CO*97*942.31*18~REF*6R*SBXP0004022601-4~LQ*HE*N130~SVC*NU>0410*2070*0**0**20~DTM*150*20211217~DTM*151*20211220~CAS*CO*97*2070*20~REF*6R*SBXP0004022601-9~LQ*HE*N130~SVC*NU>0250*2461.08*0**0**60~DTM*150*20211217~DTM*151*20211220~CAS*CO*97*2461.08*60~REF*6R*SBXP0004022601-2~LQ*HE*N130~SVC*NU>0258*85.4*0**0**4~DTM*150*20211217~DTM*151*20211220~CAS*CO*97*85.4*4~REF*6R*SBXP0004022601-3~LQ*HE*N130~SVC*NU>0300*72*0**0**5~DTM*150*20211217~DTM*151*20211220~CAS*CO*97*72*5~REF*6R*SBXP0004022601-5~LQ*HE*N130~SVC*NU>0301*1039.4*0**0**5~DTM*150*20211217~DTM*151*20211220~CAS*CO*97*1039.4*5~REF*6R*SBXP0004022601-6~LQ*HE*N130~SVC*NU>0302*73.6*0**0**1~DTM*150*20211217~DTM*151*20211220~CAS*CO*97*73.6*1~REF*6R*SBXP0004022601-7~LQ*HE*N130~SVC*NU>0305*476.8*0**0**4~DTM*150*20211217~DTM*151*20211220~CAS*CO*97*476.8*4~REF*6R*SBXP0004022601-8~LQ*HE*N130~SVC*NU>0421*978.6*0**0**9~DTM*150*20211217~DTM*151*20211220~CAS*CO*97*978.6*9~REF*6R*SBXP0004022601-10~LQ*HE*N130~SVC*NU>0424*232.8*0**0**1~DTM*150*20211217~DTM*151*20211220~CAS*CO*97*232.8*1~REF*6R*SBXP0004022601-11~LQ*HE*N130~SVC*NU>0431*930.6*0**0**9~DTM*150*20211217~DTM*151*20211220~CAS*CO*97*930.6*9~REF*6R*SBXP0004022601-12~LQ*HE*N130~SVC*NU>0434*210.1*0**0**1~DTM*150*20211217~DTM*151*20211220~CAS*CO*97*210.1*1~REF*6R*SBXP0004022601-13~LQ*HE*N130~SVC*NU>0460*34.9*0**0**1~DTM*150*20211217~DTM*151*20211220~CAS*CO*97*34.9*1~REF*6R*SBXP0004022601-14~LQ*HE*N130~CLP*7109621*1*5570.92*2230.6**13*220112E233660000*13*7~NM1*QC*1*BENNETT*DONALD****MI*MEBNZX0B~NM1*82*2*MAGRUDER HOSPITAL*****XX*1922079532~REF*1L*441297-006~REF*CE*MEDICARE (S02) PPO PLAN NET 03418~DTM*232*20210521~DTM*233*20210521~DTM*050*20220112~PER*CX**TE*8006240756~AMT*AU*5556.52~SVC*NU>0250*40.64*16.26**2~DTM*472*20210521~CAS*CO*45*24.38~REF*6R*SBXP0004023584-1~AMT*B6*16.26~LQ*HE*N59~SVC*HC>96375*135.5*54.2*0260*1~DTM*472*20210521~CAS*CO*45*81.3~REF*6R*SBXP0004023584-2~AMT*B6*54.2~LQ*HE*N59~SVC*HC>96374*135.5*54.2*0260*1~DTM*472*20210521~CAS*CO*45*81.3~REF*6R*SBXP0004023584-3~AMT*B6*54.2~LQ*HE*N59~SVC*HC>96361*358.8*143.52*0260*4~DTM*472*20210521~CAS*CO*45*215.28~REF*6R*SBXP0004023584-4~AMT*B6*143.52~LQ*HE*N59~SVC*NU>0270*12*4.8**3~DTM*472*20210521~CAS*CO*45*7.2~REF*6R*SBXP0004023584-5~AMT*B6*4.8~LQ*HE*N59~SVC*HC>87631*885.5*354.2*0300*1~DTM*472*20210521~CAS*CO*45*531.3~REF*6R*SBXP0004023584-6~AMT*B6*354.2~LQ*HE*N59~SVC*HC>86923*250.6*100.24*0300*2~DTM*472*20210521~CAS*CO*45*150.36~REF*6R*SBXP0004023584-7~AMT*B6*100.24~LQ*HE*N59~SVC*HC>86901*64.1*25.64*0300*1~DTM*472*20210521~CAS*CO*45*38.46~REF*6R*SBXP0004023584-8~AMT*B6*25.64~LQ*HE*N59~SVC*HC>86900*64.1*25.64*0300*1~DTM*472*20210521~CAS*CO*45*38.46~REF*6R*SBXP0004023584-9~AMT*B6*25.64~LQ*HE*N59~SVC*HC>83605*53.8*21.52*0300*1~DTM*472*20210521~CAS*CO*45*32.28~REF*6R*SBXP0004023584-10~AMT*B6*21.52~LQ*HE*N59~SVC*HC>36415*14.4*0*0300*0**1~DTM*472*20210521~CAS*CO*97*14.4*1~REF*6R*SBXP0004023584-11~LQ*HE*MA67~LQ*HE*N19~SVC*HC>84484*336.8*134.72*0301*2~DTM*472*20210521~CAS*CO*45*202.08~REF*6R*SBXP0004023584-12~AMT*B6*134.72~LQ*HE*N59~SVC*HC>83880*188.6*75.44*0301*1~DTM*472*20210521~CAS*CO*45*113.16~REF*6R*SBXP0004023584-13~AMT*B6*75.44~LQ*HE*N59~SVC*HC>83735*25.1*10.04*0301*1~DTM*472*20210521~CAS*CO*45*15.06~REF*6R*SBXP0004023584-14~AMT*B6*10.04~LQ*HE*N59~SVC*HC>80053*222.2*88.88*0301*1~DTM*472*20210521~CAS*CO*45*133.32~REF*6R*SBXP0004023584-15~AMT*B6*88.88~LQ*HE*N59~SVC*HC>86850*85.5*34.2*0302*1~DTM*472*20210521~CAS*CO*45*51.3~REF*6R*SBXP0004023584-16~AMT*B6*34.2~LQ*HE*N59~SVC*HC>85610*62.3*24.92*0305*1~DTM*472*20210521~CAS*CO*45*37.38~REF*6R*SBXP0004023584-17~AMT*B6*24.92~LQ*HE*N59~SVC*HC>85025*119.2*47.68*0305*1~DTM*472*20210521~CAS*CO*45*71.52~REF*6R*SBXP0004023584-18~AMT*B6*47.68~LQ*HE*N59~SVC*HC>87040*273.4*109.36*0306*2~DTM*472*20210521~CAS*CO*45*164.04~REF*6R*SBXP0004023584-19~AMT*B6*109.36~LQ*HE*N59~SVC*HC>71045*230.6*92.24*0324*1~DTM*472*20210521~CAS*CO*45*138.36~REF*6R*SBXP0004023584-20~AMT*B6*92.24~LQ*HE*N59~SVC*HC>P9016*399.4*159.76*0390*1~DTM*472*20210521~CAS*CO*45*239.64~REF*6R*SBXP0004023584-21~AMT*B6*159.76~LQ*HE*N59~SVC*HC>36430*395.7*158.28*0391*1~DTM*472*20210521~CAS*CO*45*237.42~REF*6R*SBXP0004023584-22~AMT*B6*158.28~LQ*HE*N59~SVC*HC>99285>25*712.5*285*0450*1~DTM*472*20210521~CAS*CO*45*427.5~REF*6R*SBXP0004023584-23~AMT*B6*285~LQ*HE*N59~SVC*HC>J7030*21.35*8.54*0636*1~DTM*472*20210521~CAS*CO*45*12.81~REF*6R*SBXP0004023584-24~AMT*B6*8.54~LQ*HE*N59~SVC*HC>J2405*3.03*1.21*0636*4~DTM*472*20210521~CAS*CO*45*1.82~REF*6R*SBXP0004023584-25~AMT*B6*1.21~LQ*HE*N59~SVC*HC>93005*146.3*58.52*0730*1~DTM*472*20210521~CAS*CO*45*87.78~REF*6R*SBXP0004023584-26~AMT*B6*58.52~LQ*HE*N59~SVC*HC>99284>25*334*141.59*0981*1~DTM*472*20210521~CAS*CO*45*192.41~REF*6R*SBXP0004023584-27~AMT*B6*141.59~LQ*HE*N59~CLP*8389156*1*179.6*109.55*5*13*220112E263090000*13*7~NM1*QC*1*EATON*WALTER****MI*MEBS9Y0Z~NM1*82*2*MAGRUDER HOSPITAL*****XX*1922079532~REF*1L*467094-012~REF*CE*VALUE PPO NET 03418~DTM*232*20211221~DTM*233*20211221~DTM*050*20220112~PER*CX**TE*8006240756~AMT*AU*179.6~SVC*HC>99213*47*13.8*0510*1~DTM*472*20211221~CAS*CO*45*28.2~CAS*PR*3*5~REF*6R*SBXP0004011003-2~AMT*B6*18.8~LQ*HE*N59~SVC*HC>99213*85*76.71*0983*1~DTM*472*20211221~CAS*CO*45*8.29~REF*6R*SBXP0004011003-3~AMT*B6*76.71~LQ*HE*N59~SVC*HC>81003*47.6*19.04*0307*1~DTM*472*20211221~CAS*CO*45*28.56~REF*6R*SBXP0004011003-1~AMT*B6*19.04~LQ*HE*N59~CLP*8296185*1*1460.4*623.79*20*13*220112E323280000*13*7~NM1*QC*1*MACKEY*SHARON*E***MI*MEBRZ0DM~NM1*82*2*MAGRUDER HOSPITAL*****XX*1922079532~REF*1L*441297-006~REF*CE*MEDICARE (S02) PPO PLAN NET 03418~DTM*232*20210920~DTM*233*20210920~DTM*050*20220112~PER*CX**TE*8006240756~AMT*AU*1460.4~SVC*HC>99213>25*47*18.8*0510*1~DTM*472*20210920~CAS*CO*45*28.2~REF*6R*SBXP0004023578-11~AMT*B6*18.8~SVC*HC>99214*131*92.03*0983*1~DTM*472*20210920~CAS*CO*45*18.97~CAS*PR*3*20~REF*6R*SBXP0004023578-12~AMT*B6*112.03~LQ*HE*N59~SVC*HC>86256*214.5*85.8*0300*3~DTM*472*20210920~CAS*CO*45*128.7~REF*6R*SBXP0004023578-1~AMT*B6*85.8~LQ*HE*N59~SVC*HC>86160*336.8*134.72*0300*2~DTM*472*20210920~CAS*CO*45*202.08~REF*6R*SBXP0004023578-2~AMT*B6*134.72~LQ*HE*N59~SVC*HC>86038*141.7*56.68*0300*1~DTM*472*20210920~CAS*CO*45*85.02~REF*6R*SBXP0004023578-3~AMT*B6*56.68~LQ*HE*N59~SVC*HC>80053*222.2*88.88*0301*1~DTM*472*20210920~CAS*CO*45*133.32~REF*6R*SBXP0004023578-5~AMT*B6*88.88~LQ*HE*N59~SVC*HC>86431*59*23.6*0302*1~DTM*472*20210920~CAS*CO*45*35.4~REF*6R*SBXP0004023578-6~AMT*B6*23.6~LQ*HE*N59~SVC*HC>86140*73.6*29.44*0302*1~DTM*472*20210920~CAS*CO*45*44.16~REF*6R*SBXP0004023578-7~AMT*B6*29.44~LQ*HE*N59~SVC*HC>85652*53.4*21.36*0305*1~DTM*472*20210920~CAS*CO*45*32.04~REF*6R*SBXP0004023578-8~AMT*B6*21.36~LQ*HE*N59~SVC*HC>85025*119.2*47.68*0305*1~DTM*472*20210920~CAS*CO*45*71.52~REF*6R*SBXP0004023578-9~AMT*B6*47.68~LQ*HE*N59~SVC*HC>81003*47.6*19.04*0307*1~DTM*472*20210920~CAS*CO*45*28.56~REF*6R*SBXP0004023578-10~AMT*B6*19.04~LQ*HE*N59~SVC*HC>36415*14.4*5.76*0300*1~DTM*472*20210920~CAS*CO*45*8.64~REF*6R*SBXP0004023578-4~AMT*B6*5.76~LQ*HE*N59~CLP*7960504*1*13931.42*5416.78*75*13*220113E050040000*13*7~NM1*QC*1*FEHR*PHILLIP*F***MI*MEBD8RRB~NM1*82*2*MAGRUDER HOSPITAL*****XX*1922079532~REF*1L*455716-056~REF*CE*STRS PPO PLAN NET 03418~DTM*232*20211027~DTM*233*20211029~DTM*050*20220113~PER*CX**TE*8006240756~AMT*AU*13888.22~SVC*NU>0250*115.47*46.19**8~DTM*472*20211027~CAS*CO*45*69.28~REF*6R*SBXP0004023790-1~AMT*B6*46.19~LQ*HE*N59~SVC*NU>0250*269.39*107.76**20~DTM*472*20211028~CAS*CO*45*161.63~REF*6R*SBXP0004023790-2~AMT*B6*107.76~LQ*HE*N59~SVC*NU>0250*129.9*51.96**10~DTM*472*20211029~CAS*CO*45*77.94~REF*6R*SBXP0004023790-3~AMT*B6*51.96~LQ*HE*N59~SVC*HC>96375*135.5*0*0260*1~DTM*472*20211027~CAS*CO*45*81.3~CAS*PR*3*54.2~REF*6R*SBXP0004023790-4~AMT*B6*54.2~LQ*HE*MA67~SVC*HC>96365*458.2*162.48*0260*1~DTM*472*20211027~CAS*CO*45*274.92~CAS*PR*3*20.8~REF*6R*SBXP0004023790-5~AMT*B6*183.28~LQ*HE*N59~SVC*HC>96376>59*271*108.4*0260*2~DTM*472*20211028~CAS*CO*45*162.6~REF*6R*SBXP0004023790-6~AMT*B6*108.4~LQ*HE*N59~SVC*HC>96367*126*50.4*0260*1~DTM*472*20211028~CAS*CO*45*75.6~REF*6R*SBXP0004023790-7~AMT*B6*50.4~LQ*HE*N59~SVC*HC>96366*252*100.8*0260*2~DTM*472*20211028~CAS*CO*45*151.2~REF*6R*SBXP0004023790-8~AMT*B6*100.8~LQ*HE*N59~SVC*HC>96376*135.5*54.2*0260*1~DTM*472*20211029~CAS*CO*45*81.3~REF*6R*SBXP0004023790-9~AMT*B6*54.2~LQ*HE*N59~SVC*HC>96366*126*50.4*0260*1~DTM*472*20211029~CAS*CO*45*75.6~REF*6R*SBXP0004023790-10~AMT*B6*50.4~LQ*HE*N59~SVC*NU>0270*140.2*56.08**1~DTM*472*20211027~CAS*CO*45*84.12~REF*6R*SBXP0004023790-11~AMT*B6*56.08~LQ*HE*N59~SVC*NU>0270*140.2*56.08**1~DTM*472*20211028~CAS*CO*45*84.12~REF*6R*SBXP0004023790-12~AMT*B6*56.08~LQ*HE*N59~SVC*NU>0270*140.2*56.08**1~DTM*472*20211029~CAS*CO*45*84.12~REF*6R*SBXP0004023790-13~AMT*B6*56.08~LQ*HE*N59~SVC*HC>87077*36.4*14.56*0300*1~DTM*472*20211027~CAS*CO*45*21.84~REF*6R*SBXP0004023790-14~AMT*B6*14.56~LQ*HE*N59~SVC*HC>36415*14.4*0*0300*0**1~DTM*472*20211027~CAS*CO*97*14.4*1~REF*6R*SBXP0004023790-15~LQ*HE*MA67~LQ*HE*N19~SVC*HC>87631*885.5*354.2*0300*1~DTM*472*20211027~CAS*CO*45*531.3~REF*6R*SBXP0004023790-16~AMT*B6*354.2~LQ*HE*N59~SVC*HC>36415*14.4*0*0300*0**1~DTM*472*20211028~CAS*CO*97*14.4*1~REF*6R*SBXP0004023790-17~LQ*HE*MA67~LQ*HE*N19~SVC*HC>36415*14.4*0*0300*0**1~DTM*472*20211029~CAS*CO*97*14.4*1~REF*6R*SBXP0004023790-18~LQ*HE*MA67~LQ*HE*N19~SVC*HC>84484*336.8*134.72*0301*2~DTM*472*20211027~CAS*CO*45*202.08~REF*6R*SBXP0004023790-19~AMT*B6*134.72~LQ*HE*N59~SVC*HC>83880*188.6*75.44*0301*1~DTM*472*20211027~CAS*CO*45*113.16~REF*6R*SBXP0004023790-20~AMT*B6*75.44~LQ*HE*N59~SVC*HC>80053*222.2*88.88*0301*1~DTM*472*20211027~CAS*CO*45*133.32~REF*6R*SBXP0004023790-21~AMT*B6*88.88~LQ*HE*N59~SVC*HC>83735*25.1*10.04*0301*1~DTM*472*20211028~CAS*CO*45*15.06~REF*6R*SBXP0004023790-22~AMT*B6*10.04~LQ*HE*N59~SVC*HC>80048*204.3*81.72*0301*1~DTM*472*20211028~CAS*CO*45*122.58~REF*6R*SBXP0004023790-23~AMT*B6*81.72~LQ*HE*N59~SVC*HC>80048*204.3*81.72*0301*1~DTM*472*20211029~CAS*CO*45*122.58~REF*6R*SBXP0004023790-24~AMT*B6*81.72~LQ*HE*N59~SVC*HC>85730*68.4*27.36*0305*1~DTM*472*20211027~CAS*CO*45*41.04~REF*6R*SBXP0004023790-25~AMT*B6*27.36~LQ*HE*N59~SVC*HC>85610*62.3*24.92*0305*1~DTM*472*20211027~CAS*CO*45*37.38~REF*6R*SBXP0004023790-26~AMT*B6*24.92~LQ*HE*N59~SVC*HC>85025*119.2*47.68*0305*1~DTM*472*20211027~CAS*CO*45*71.52~REF*6R*SBXP0004023790-27~AMT*B6*47.68~LQ*HE*N59~SVC*HC>85025*119.2*47.68*0305*1~DTM*472*20211028~CAS*CO*45*71.52~REF*6R*SBXP0004023790-28~AMT*B6*47.68~LQ*HE*N59~SVC*HC>85025*119.2*47.68*0305*1~DTM*472*20211029~CAS*CO*45*71.52~REF*6R*SBXP0004023790-29~AMT*B6*47.68~LQ*HE*N59~SVC*HC>87186*106.3*42.52*0306*1~DTM*472*20211027~CAS*CO*45*63.78~REF*6R*SBXP0004023790-30~AMT*B6*42.52~LQ*HE*N59~SVC*HC>87086*95.2*38.08*0306*1~DTM*472*20211027~CAS*CO*45*57.12~REF*6R*SBXP0004023790-31~AMT*B6*38.08~LQ*HE*N59~SVC*HC>87040*273.4*109.36*0306*2~DTM*472*20211027~CAS*CO*45*164.04~REF*6R*SBXP0004023790-32~AMT*B6*109.36~LQ*HE*N59~SVC*HC>81001*47.5*19*0307*1~DTM*472*20211027~CAS*CO*45*28.5~REF*6R*SBXP0004023790-33~AMT*B6*19~LQ*HE*N59~SVC*HC>71045*230.6*92.24*0324*1~DTM*472*20211027~CAS*CO*45*138.36~REF*6R*SBXP0004023790-34~AMT*B6*92.24~LQ*HE*N59~SVC*HC>97535>GP*109.8*32.6*0421*1~DTM*472*20211028~CAS*CO*59*77.2~REF*6R*SBXP0004023790-35~AMT*B6*32.6~SVC*HC>97110>GP*108.6*33.45*0421*1~DTM*472*20211028~CAS*CO*59*75.15~REF*6R*SBXP0004023790-36~AMT*B6*33.45~SVC*HC>97116>GP*108.6*43.44*0421*1~DTM*472*20211029~CAS*CO*45*65.16~REF*6R*SBXP0004023790-37~AMT*B6*43.44~LQ*HE*N59~SVC*HC>97110>GP*108.6*33.45*0421*1~DTM*472*20211029~CAS*CO*59*75.15~REF*6R*SBXP0004023790-38~AMT*B6*33.45~SVC*HC>97161>GP*232.8*93.12*0424*1~DTM*472*20211028~CAS*CO*45*139.68~REF*6R*SBXP0004023790-39~AMT*B6*93.12~LQ*HE*N59~SVC*HC>97110>GO*108.6*33.45*0431*1~DTM*472*20211028~CAS*CO*59*75.15~REF*6R*SBXP0004023790-40~AMT*B6*33.45~SVC*HC>97165>GO*210.1*65.76*0434*1~DTM*472*20211028~CAS*CO*45*-.01**59*144.35~REF*6R*SBXP0004023790-41~AMT*B6*65.76~LQ*HE*N59~SVC*HC>99285>25*712.5*285*0450*1~DTM*472*20211027~CAS*CO*45*427.5~REF*6R*SBXP0004023790-42~AMT*B6*285~LQ*HE*N59~SVC*HC>93306*2217.5*887*0483*1~DTM*472*20211028~CAS*CO*45*1330.5~REF*6R*SBXP0004023790-43~AMT*B6*887~LQ*HE*N59~SVC*HC>J1956*10.53*4.21*0636*2~DTM*472*20211027~CAS*CO*45*6.32~REF*6R*SBXP0004023790-44~AMT*B6*4.21~LQ*HE*N59~SVC*HC>J1940*17.28*6.91*0636*1~DTM*472*20211027~CAS*CO*45*10.37~REF*6R*SBXP0004023790-45~AMT*B6*6.91~LQ*HE*N59~SVC*HC>J2543*304.71*121.88*0636*3~DTM*472*20211028~CAS*CO*45*182.83~REF*6R*SBXP0004023790-46~AMT*B6*121.88~LQ*HE*N59~SVC*HC>J1940*29.36*11.74*0636*2~DTM*472*20211028~CAS*CO*45*17.62~REF*6R*SBXP0004023790-47~AMT*B6*11.74~LQ*HE*N59~SVC*HC>J1815*5.84*2.34*0636*1~DTM*472*20211028~CAS*CO*45*3.5~REF*6R*SBXP0004023790-48~AMT*B6*2.34~LQ*HE*N59~SVC*HC>J2543*203.14*81.26*0636*2~DTM*472*20211029~CAS*CO*45*121.88~REF*6R*SBXP0004023790-49~AMT*B6*81.26~LQ*HE*N59~SVC*HC>J1940*14.68*5.87*0636*1~DTM*472*20211029~CAS*CO*45*8.81~REF*6R*SBXP0004023790-50~AMT*B6*5.87~LQ*HE*N59~SVC*HC>J1815*2.92*1.17*0636*1~DTM*472*20211029~CAS*CO*45*1.75~REF*6R*SBXP0004023790-51~AMT*B6*1.17~LQ*HE*N59~SVC*HC>93005>76*146.3*58.52*0730*1~DTM*472*20211027~CAS*CO*45*87.78~REF*6R*SBXP0004023790-52~AMT*B6*58.52~LQ*HE*N59~SVC*HC>93005*146.3*58.52*0730*1~DTM*472*20211027~CAS*CO*45*87.78~REF*6R*SBXP0004023790-53~AMT*B6*58.52~LQ*HE*N59~SVC*NU>0762*2779*1111.6**41~DTM*472*20211027~CAS*CO*45*1667.4~REF*6R*SBXP0004023790-54~AMT*B6*1111.6~LQ*HE*N59~SVC*HC>99285*527*206.86*0981*1~DTM*472*20211027~CAS*CO*45*320.14~REF*6R*SBXP0004023790-55~AMT*B6*206.86~LQ*HE*N59~SE*2370*1285~ST*835*1515~BPR*I*9.71*C*ACH*CCP*01*031100209*DA*0038865237*1066033492**01*041215016*DA*01701723546*20220121~TRN*1*160118220249648*1066033492~REF*EV*XXXXXXXXXXXXXXXXXXXXXXXXXXXXXX~DTM*405*20220119~N1*PR*AETNA~N3*151 FARMINGTON AVENUE~N4*HARTFORD*CT*06156~REF*2U*60054~PER*BL*Provider Service~N1*PE*MAGRUDER MEDICAL GROUP LTD*XX*1871015578~N3*615 FULTON ST~N4*PORT CLINTON*OH*434522001~REF*PQ*795854310~REF*TJ*814621611~LX*1~TS3*1447345301*11*20221231*1*42~CLP*8522954*1*42*9.71**13*220114E014450000*11*1~NM1*QC*1*QUISNO*REBECCA*S***MI*MEBCVXFJF~NM1*74*1***B***C*MEBVXFJF~NM1*82*2*MAGRUDER MEDICAL GROUP LTD*****XX*1447345301~REF*1L*455716-056~REF*CE*STRS PPO PLAN NET 03418~DTM*232*20211222~DTM*233*20211222~DTM*050*20220114~PER*CX**TE*8006240756~AMT*AU*42~SVC*HC>83036>QW*42*9.71**1~DTM*472*20211222~CAS*CO*45*32.29~REF*6R*MMGM0004024464-1~AMT*B6*9.71~LQ*HE*N59~SE*35*1515~ST*835*1516~BPR*I*8.23*C*ACH*CCP*01*031100209*DA*0038865237*1066033492**01*041215016*DA*01701723546*20220121~TRN*1*160118220258110*1066033492~REF*EV*XXXXXXXXXXXXXXXXXXXXXXXXXXXXXX~DTM*405*20220119~N1*PR*AETNA~N3*151 FARMINGTON AVENUE~N4*HARTFORD*CT*06156~REF*2U*60054~PER*BL*Provider Service~N1*PE*MAGRUDER MEDICAL GROUP LTD*XX*1871015578~N3*615 FULTON ST~N4*PORT CLINTON*OH*434522001~REF*PQ*795854310~REF*TJ*814621611~LX*1~TS3*1356346258*22*20221231*1*48~CLP*8523657*1*48*8.23**13*220114E064740000*22*1~NM1*QC*1*GUERRA*ERNESTO****MI*MEBVPHDQ~NM1*82*2*MAGRUDER MEDICAL GROUP LTD*****XX*1356346258~REF*1L*467094-012~REF*CE*VALUE PPO NET 03418~DTM*232*20211221~DTM*233*20211221~DTM*050*20220114~PER*CX**TE*8006240756~AMT*AU*48~SVC*HC>93010*48*8.23**1~DTM*472*20211221~CAS*CO*45*39.77~REF*6R*MMGI0004024456-1~AMT*B6*8.23~LQ*HE*N59~SE*34*1516~ST*835*1880~BPR*I*1958.51*C*ACH*CCP*01*031100209*DA*0038865237*1066033492**01*041215016*DA*02700267277*20220121~TRN*1*160118220262906*1066033492~REF*EV*XXXXXXXXXXXXXXXXXXXXXXXXXXXXXX~DTM*405*20220119~N1*PR*AETNA~N3*151 FARMINGTON AVENUE~N4*HARTFORD*CT*06156~REF*2U*60054~PER*BL*Provider Service~N1*PE*MAGRUDER HOSPITAL*XX*1922079532~N3*615 FULTON ST~N4*PORT CLINTON*OH*43452~REF*PQ*451342400~REF*TJ*344441792~LX*1~TS3*1922079532*13*20221231*1*5258.72~CLP*8468905*1*5258.72*1958.51*30*13*220111E106770000*13*1~NM1*QC*1*EMPCKE*JULIA*A***MI*MEBVQJ0D~NM1*82*2*MAGRUDER HOSPITAL*****XX*1922079532~REF*1L*466235-001~REF*CE*SERS PPO PLAN NET 03418~DTM*232*20211223~DTM*233*20211223~DTM*050*20220111~PER*CX**TE*8006240756~AMT*AU*5258.72~SVC*NU>0258*22.36*8.94**1~DTM*472*20211223~CAS*CO*45*13.42~REF*6R*SBXP0004019734-1~AMT*B6*8.94~LQ*HE*N59~SVC*NU>0270*110.78*14.31**3~DTM*472*20211223~CAS*CO*45*66.47~CAS*PR*3*30~REF*6R*SBXP0004019734-2~AMT*B6*44.31~LQ*HE*N59~SVC*HC>88305*216*86.4*0312*1~DTM*472*20211223~CAS*CO*45*129.6~REF*6R*SBXP0004019734-3~AMT*B6*86.4~LQ*HE*N59~SVC*HC>45380>PT*3287.1*1314.84*0360*1~DTM*472*20211223~CAS*CO*45*1972.26~REF*6R*SBXP0004019734-4~AMT*B6*1314.84~LQ*HE*N59~SVC*HC>J3010*10.16*4.06*0636*1~DTM*472*20211223~CAS*CO*45*6.1~REF*6R*SBXP0004019734-5~AMT*B6*4.06~LQ*HE*N59~SVC*HC>J2250*13.12*5.25*0636*8~DTM*472*20211223~CAS*CO*45*7.87~REF*6R*SBXP0004019734-6~AMT*B6*5.25~LQ*HE*N59~SVC*NU>0710*673.2*269.28**68~DTM*472*20211223~CAS*CO*45*403.92~REF*6R*SBXP0004019734-7~AMT*B6*269.28~LQ*HE*N59~SVC*HC>99153*26*11.43*0960*1~DTM*472*20211223~CAS*CO*45*14.57~REF*6R*SBXP0004019734-8~AMT*B6*11.43~LQ*HE*N59~SVC*HC>99152>25*124*14.2*0960*1~DTM*472*20211223~CAS*CO*45*109.8~REF*6R*SBXP0004019734-9~AMT*B6*14.2~LQ*HE*N59~SVC*HC>45380>PT*776*229.8*0975*1~DTM*472*20211223~CAS*CO*45*546.2~REF*6R*SBXP0004019734-10~AMT*B6*229.8~LQ*HE*N59~SE*89*1880~GE*4*1~IEA*1*100358959~