ISA*00*          *00*          *ZZ*133052274      *ZZ*XXXXXXXXXXXXXXX*220119*0250*^*00501*100358959*0*P*>~
GS*HP*133052274*XX*20220119*0250*1*X*005010X221A1~
ST*835*1139~
BPR*I*620*C*ACH*CCP*01*031100209*DA*0038865237*1066033492**01*043400036*DA*1382001904*20220121~
TRN*1*160118220238784*1066033492~
REF*EV*XXXXXXXXXXXXXXXXXXXXXXXXXXXXXX~
DTM*405*20220119~
N1*PR*AETNA~
N3*151 FARMINGTON AVENUE~
N4*HARTFORD*CT*06156~
REF*2U*60054~
PER*BL*Provider Service~
N1*PE*CARROLL HEALTHCARE CENTER*XX*1861478174~
N3*648 LONGHORN STREET~
N4*CARROLLTON*OH*446159469~
REF*PQ*144547980~
REF*TJ*341293909~
LX*1~
TS3*1861478174*21*20221231*1*620~
CLP*59700003H5U*1*620*620**13*220113E231490000*21*2~
NM1*QC*1*CHESSER*RICHARD*L***MI*MEBVQRXN~
NM1*82*2*CARROLL HEALTHCARE CENTER*****XX*1861478174~
REF*G1*3068015~
REF*1L*467094-011~
REF*CE*VALUE PPO NET 03418~
DTM*232*20211230~
DTM*233*20220101~
DTM*050*20220113~
PER*CX**TE*8006240756~
AMT*AU*620~
SVC*NU>0192*620*620**2~
DTM*150*20211230~
DTM*151*20220101~
REF*6R*CHCC0000014386-2~
AMT*B6*620~
SVC*HP>KDGD1*0*0*0022*2~
DTM*150*20211230~
DTM*151*20220101~
REF*6R*CHCC0000014386-1~
LQ*HE*N19~
SE*39*1139~
ST*835*1754~
BPR*I*1860*C*ACH*CCP*01*031100209*DA*0038865237*1066033492**01*043400036*DA*1382001904*20220121~
TRN*1*160118220263444*1066033492~
REF*EV*XXXXXXXXXXXXXXXXXXXXXXXXXXXXXX~
DTM*405*20220119~
N1*PR*AETNA~
N3*151 FARMINGTON AVENUE~
N4*HARTFORD*CT*06156~
REF*2U*60054~
PER*BL*Provider Service~
N1*PE*CARROLL HEALTHCARE CENTER*XX*1861478174~
N3*648 LONGHORN STREET~
N4*CARROLLTON*OH*446159469~
REF*PQ*144547980~
REF*TJ*341293909~
LX*1~
TS3*1861478174*21*20221231*1*1860~
CLP*59700003GXI*1*1860*1860**13*220106E669670000*21*1~
NM1*QC*1*CHESSER*RICHARD*L***MI*MEBVQRXN~
NM1*82*2*CARROLL HEALTHCARE CENTER*****XX*1861478174~
REF*G1*2976085~
REF*1L*467094-011~
REF*CE*VALUE PPO NET 03418~
DTM*232*20211220~
DTM*233*20211226~
DTM*050*20220106~
PER*CX**TE*8006240756~
AMT*AU*1860~
SVC*NU>0192*1860*1860**6~
DTM*150*20211220~
DTM*151*20211226~
REF*6R*CHCC0000014373-2~
AMT*B6*1860~
SVC*HP>KDFD1*0*0*0022*6~
DTM*150*20211220~
DTM*151*20211226~
REF*6R*CHCC0000014373-1~
LQ*HE*N19~
SE*39*1754~
GE*2*1~
IEA*1*100358959~
