ISA*00*          *00*          *ZZ*133052274      *ZZ*HOSP 60054     *220119*0250*^*00501*100358959*0*P*>~
GS*HP*133052274*XX*20220119*0250*1*X*005010X221A1~
ST*835*0402~
BPR*H*0*C*NON************20220119~
TRN*1*922019000271160*1066033492~
REF*EV*XXXXXXXXXXXXXXXXXXXXXXXXXXXXXX~
DTM*405*20220119~
N1*PR*AETNA~
N3*151 FARMINGTON AVENUE~
N4*HARTFORD*CT*06156~
REF*2U*60054~
PER*BL*Provider Service~
N1*PE*PUTNAM GENERAL HOSPITAL*XX*1386670834~
N3*101 GREENSBORO RD~
N4*EATONTON*GA*310248512~
REF*PQ*763404460~
REF*TJ*581020324~
LX*1~
TS3*1386670834*23*20221231*1*304~
CLP*10046787001DB2*1*304*0*304*13*EAJMV7JD70000*13*1~
NM1*QC*1*FIRSDON*MESHANA*E***MI*W265661641~
NM1*74*1*SMITH*EVELYN~
NM1*82*2*PUTNAM GENERAL HOSPITAL*****XX*1386670834~
REF*1L*0868403-012-00001- B~
REF*CE*Aetna HealthFund  Aetna Choice  POS II NET 01812~
DTM*232*20210921~
DTM*233*20210921~
DTM*050*20211130~
PER*CX**TE*8886323862~
AMT*AU*304~
SVC*HC>99282*300*0*0450*0**1~
DTM*472*20210921~
CAS*PR*227*300*1~
REF*6R*P2SQ0000995720-1~
AMT*B6*300~
LQ*HE*MA04~
LQ*HE*N179~
SVC*HC>Q0162*4*0*0636*0**1~
DTM*472*20210921~
CAS*PR*227*4*1~
REF*6R*P2SQ0000995720-2~
AMT*B6*4~
LQ*HE*MA04~
LQ*HE*N179~
SE*43*0402~
ST*835*1465~
BPR*I*36.98*C*ACH*CCP*01*031100209*DA*0038865237*1066033492**01*061110557*DA*3100530*20220121~
TRN*1*160118220238249*1066033492~
REF*EV*XXXXXXXXXXXXXXXXXXXXXXXXXXXXXX~
DTM*405*20220119~
N1*PR*AETNA~
N3*151 FARMINGTON AVENUE~
N4*HARTFORD*CT*06156~
REF*2U*60054~
PER*BL*Provider Service~
N1*PE*PUTNAM GENERAL HOSPITAL*XX*1386670834~
N3*101 GREENSBORO ROAD~
N4*EATONTON*GA*31024~
REF*PQ*763404460~
REF*TJ*581020324~
LX*1~
TS3*1386670834*13*20221231*2*0~
CLP*10027305001N1R*22*-453.5*-115.17**13*210317E136450003~
NM1*QC*1*PRATER*SCARLETT*C***MI*MEBKJQBC~
NM1*82*2*PUTNAM GENERAL HOSPITAL*****XX*1386670834~
REF*1L*466153-017~
REF*CE*MEDICARE (S01) ESA PPO PLAN NET 02101~
DTM*232*20210223~
DTM*233*20210225~
DTM*050*20210317~
PER*CX**TE*8006240756~
SVC*HC>97162>GP*-125*-33.75*0420*1~
DTM*472*20210223~
CAS*CO*45*-71.25~
CAS*PR*3*-20~
LQ*HE*N59~
SVC*NU>0270*-21.7*-9.33**1~
DTM*472*20210223~
CAS*CO*45*-12.37~
LQ*HE*N59~
SVC*HC>G0283>GP*-36.4*-11.74*0420*1~
DTM*472*20210223~
CAS*CO*45*.01**59*-24.67~
LQ*HE*N59~
SVC*HC>97140>GP*-39*0*0420*0**1~
DTM*472*20210223~
CAS*CO*231*-39*1~
SVC*HC>97110>GP*-39*-12.91*0420*1~
DTM*472*20210223~
CAS*CO*59*-26.09~
SVC*HC>G0283>GP*-36.4*0*0420*1~
DTM*472*20210225~
CAS*CO*45*-24.66~
CAS*PR*3*-11.74~
SVC*HC>97140>GP*-39*-4.84*0420*1~
DTM*472*20210225~
CAS*CO*59*-25.9~
CAS*PR*3*-8.26~
SVC*HC>97110>GP*-39*-16.77*0420*1~
DTM*472*20210225~
CAS*CO*45*-22.23~
LQ*HE*N59~
SVC*HC>97110>GP*-78*-25.83*0420*2**1~
DTM*472*20210225~
CAS*CO*45*-34.23**59*-17.94~
LQ*HE*N59~
CLP*10027305001N1R*1*453.5*152.15*40*13*211209C136450000*13*2~
NM1*QC*1*PRATER*SCARLETT*C***MI*MEBKJQBC~
NM1*82*2*PUTNAM GENERAL HOSPITAL*****XX*1386670834~
REF*1L*466153-017~
REF*CE*MEDICARE (S01) ESA PPO PLAN NET 07428~
DTM*232*20210223~
DTM*233*20210225~
DTM*050*20211209~
PER*CX**TE*8006240756~
AMT*AU*453.5~
SVC*HC>97110>GP*39*18.72*0420*1~
DTM*472*20210225~
CAS*CO*45*20.28~
REF*6R*P2SQ0000900407-6~
AMT*B6*18.72~
LQ*HE*N59~
SVC*HC>97110>GP*78*28.83*0420*2**1~
DTM*472*20210225~
CAS*CO*45*31.23**59*17.94~
REF*6R*P2SQ0000900407-6~
AMT*B6*28.83~
LQ*HE*N59~
SVC*HC>97162>GP*125*40*0420*1~
DTM*472*20210223~
CAS*CO*45*65~
CAS*PR*3*20~
REF*6R*P2SQ0000900407-2~
AMT*B6*60~
LQ*HE*N59~
SVC*NU>0270*21.7*10.42**1~
DTM*472*20210223~
CAS*CO*45*11.28~
REF*6R*P2SQ0000900407-1~
AMT*B6*10.42~
LQ*HE*N59~
SVC*HC>G0283>GP*36.4*13.1*0420*1~
DTM*472*20210223~
CAS*CO*45*23.3~
REF*6R*P2SQ0000900407-5~
AMT*B6*13.1~
LQ*HE*N59~
SVC*HC>97140>GP*39*14.63*0420*1~
DTM*472*20210223~
CAS*CO*45*-.01**59*24.38~
REF*6R*P2SQ0000900407-4~
AMT*B6*14.63~
LQ*HE*N59~
SVC*HC>97110>GP*39*18.72*0420*1~
DTM*472*20210223~
CAS*CO*45*20.28~
REF*6R*P2SQ0000900407-3~
AMT*B6*18.72~
LQ*HE*N59~
SVC*HC>G0283>GP*36.4*4.84*0420*1~
DTM*472*20210225~
CAS*CO*45*23.3~
CAS*PR*3*8.26~
REF*6R*P2SQ0000900407-8~
AMT*B6*13.1~
LQ*HE*N59~
SVC*HC>97140>GP*39*2.89*0420*1~
DTM*472*20210225~
CAS*CO*45*24.37~
CAS*PR*3*11.74~
REF*6R*P2SQ0000900407-7~
AMT*B6*14.63~
LQ*HE*N59~
SE*129*1465~
GE*2*1~
IEA*1*100358959~
