ISA*00*          *00*          *ZZ*133052274      *ZZ*XXXXXXXXXXXXXXX*220119*0250*^*00501*100358959*0*P*>~
GS*HP*133052274*XX*20220119*0250*1*X*005010X221A1~
ST*835*0872~
BPR*I*59.61*C*ACH*CCP*01*031100209*DA*0038865237*1066033492**01*053902197*DA*4262085066*20220121~
TRN*1*160118220248910*1066033492~
REF*EV*XXXXXXXXXXXXXXXXXXXXXXXXXXXXXX~
DTM*405*20220119~
N1*PR*AETNA~
N3*151 FARMINGTON AVENUE~
N4*HARTFORD*CT*06156~
REF*2U*60054~
PER*BL*Provider Service~
N1*PE*TIDELANDS HEALTH WACCAMAW COMMU*XX*1972503910~
N3*PO BOX 421718~
N4*GEORGETOWN*SC*294424203~
REF*PQ*276360160~
REF*TJ*043633263~
LX*1~
TS3*1932101821*23*20221231*1*386.73~
CLP*WKC4826269*1*386.73*59.61**13*220114E009200000*23*1~
NM1*QC*1*ARSENAULT*MARY****MI*MEBVD77C~
NM1*82*2*TIDELANDS HEALTH WACCAMAW COMMU*****XX*1932101821~
REF*1L*467656-006~
REF*CE*MEDICARE (C03) ESA PPO PLAN NET 04267~
DTM*232*20211215~
DTM*233*20211215~
DTM*050*20220114~
PER*CX**TE*8006240756~
AMT*AU*386.73~
SVC*HC>99283*386.73*59.61**1~
DTM*472*20211215~
CAS*CO*45*327.12~
REF*6R*W2XP0008725998-1~
AMT*B6*59.61~
SE*33*0872~
GE*1*1~
IEA*1*100358959~
