ISA*00*          *00*          *ZZ*133052274      *ZZ*XXXXXXXXXXXXXXX*220119*0250*^*00501*100358959*0*P*>~
GS*HP*133052274*XX*20220119*0250*1*X*005010X221A1~
ST*835*1052~
BPR*I*15.82*C*ACH*CCP*01*031100209*DA*0038865237*1066033492**01*042215060*DA*01451130489*20220121~
TRN*1*160118220239735*1066033492~
REF*EV*XXXXXXXXXXXXXXXXXXXXXXXXXXXXXX~
DTM*405*20220119~
N1*PR*AETNA~
N3*151 FARMINGTON AVENUE~
N4*HARTFORD*CT*06156~
REF*2U*60054~
PER*BL*Provider Service~
N1*PE*BEECHWOOD TERRACE CARE CENTER*XX*1770718942~
N3*8700 MORAN RD~
N4*CINCINNATI*OH*452441986~
REF*PQ*200434850~
REF*TJ*264519409~
LX*1~
TS3*1770718942*22*20221231*2*0~
CLP*002692000075LX*22*-1719.32*-290.92**13*210415E932650000*22*3~
NM1*QC*1*POLISINI*DAVID*A***MI*MEBJRMYZ~
NM1*82*2*BEECHWOOD TERRACE CARE CENTER*****XX*1770718942~
REF*1L*467104-010~
REF*CE*VALUE PPO NET 03418~
DTM*232*20210301~
DTM*233*20210309~
DTM*050*20210415~
PER*CX**TE*8006240756~
SVC*HC>97110>GO>59*-61.74*0*0430*1~
DTM*472*20210301~
CAS*CO*45*-43.83~
CAS*PR*3*-17.91~
REF*6R*PZSQ0001820055-11~
SVC*HC>97530>GO>59*-134.72*-16.99*0430*2~
DTM*472*20210301~
CAS*CO*45*-95.64~
CAS*PR*3*-22.09~
REF*6R*PZSQ0001820055-12~
LQ*HE*N59~
SVC*HC>92507>GN*-139.78*-69.89*0440*1~
DTM*472*20210301~
CAS*CO*45*-69.89~
REF*6R*PZSQ0001820055-15~
LQ*HE*N59~
SVC*HC>97116>GP*-54.56*0*0420*1~
DTM*472*20210302~
CAS*CO*45*-38.74~
CAS*PR*3*-15.82~
REF*6R*PZSQ0001820055-1~
SVC*HC>97530>GP>59*-134.72*-14.9*0420*2~
DTM*472*20210302~
CAS*CO*45*-95.64~
CAS*PR*3*-24.18~
REF*6R*PZSQ0001820055-2~
LQ*HE*N59~
SVC*HC>92507>GN*-139.78*-69.89*0440*1~
DTM*472*20210302~
CAS*CO*45*-69.89~
REF*6R*PZSQ0001820055-16~
LQ*HE*N59~
SVC*HC>97116>GP*-54.56*0*0420*1~
DTM*472*20210303~
CAS*CO*45*-38.74~
CAS*PR*3*-15.82~
REF*6R*PZSQ0001820055-4~
SVC*HC>97110>GP>59*-123.48*-11.64*0420*2~
DTM*472*20210303~
CAS*CO*45*-87.66~
CAS*PR*3*-24.18~
REF*6R*PZSQ0001820055-3~
LQ*HE*N59~
SVC*HC>92507>GN*-139.78*-69.89*0440*1~
DTM*472*20210303~
CAS*CO*45*-69.89~
REF*6R*PZSQ0001820055-17~
LQ*HE*N59~
SVC*HC>97530>GO*-67.36*0*0430*1~
DTM*472*20210304~
CAS*CO*45*-47.82~
CAS*PR*3*-19.54~
REF*6R*PZSQ0001820055-14~
SVC*HC>97110>GO*-123.48*-15.36*0430*2~
DTM*472*20210304~
CAS*CO*45*-87.66~
CAS*PR*3*-20.46~
REF*6R*PZSQ0001820055-13~
LQ*HE*N59~
SVC*HC>97116>GP*-54.56*0*0420*1~
DTM*472*20210305~
CAS*CO*45*-38.74~
CAS*PR*3*-15.82~
REF*6R*PZSQ0001820055-6~
SVC*HC>97110>GP*-123.48*-11.64*0420*2~
DTM*472*20210305~
CAS*CO*45*-87.66~
CAS*PR*3*-24.18~
REF*6R*PZSQ0001820055-5~
LQ*HE*N59~
SVC*HC>97530>GP*-134.72*0*0420*2~
DTM*472*20210308~
CAS*CO*45*-95.64~
CAS*PR*3*-39.08~
REF*6R*PZSQ0001820055-8~
SVC*HC>97116>GP*-54.56*0*0420*0**1~
DTM*472*20210308~
CAS*CO*231*-54.56*1~
REF*6R*PZSQ0001820055-7~
SVC*HC>97116>GP*-54.56*0*0420*1~
DTM*472*20210309~
CAS*CO*45*-38.74~
CAS*PR*3*-15.82~
REF*6R*PZSQ0001820055-10~
SVC*HC>97110>GP*-123.48*-10.72*0420*2~
DTM*472*20210309~
CAS*CO*45*-87.66~
CAS*PR*3*-25.1~
REF*6R*PZSQ0001820055-9~
LQ*HE*N59~
CLP*002692000075LX*1*1719.32*306.74*280*13*211209C932650000*22*3~
NM1*QC*1*POLISINI*DAVID*A***MI*MEBJRMYZ~
NM1*82*2*BEECHWOOD TERRACE CARE CENTER*****XX*1770718942~
REF*1L*467104-010~
REF*CE*VALUE PPO NET 03418~
REF*F8*210415E932650000~
DTM*232*20210301~
DTM*233*20210309~
DTM*050*20211209~
PER*CX**TE*8006240756~
AMT*AU*1719.32~
SVC*HC>97110>GO>59*61.74*0*0430*1~
DTM*472*20210301~
CAS*CO*45*43.83~
CAS*PR*3*17.91~
REF*6R*PZSQ0001820055-11~
AMT*B6*17.91~
SVC*HC>97530>GO>59*134.72*16.99*0430*2~
DTM*472*20210301~
CAS*CO*45*95.64~
CAS*PR*3*22.09~
REF*6R*PZSQ0001820055-12~
AMT*B6*39.08~
LQ*HE*N59~
SVC*HC>92507>GN*139.78*69.89*0440*1~
DTM*472*20210301~
CAS*CO*45*69.89~
REF*6R*PZSQ0001820055-15~
AMT*B6*69.89~
LQ*HE*N59~
SVC*HC>97116>GP*54.56*0*0420*1~
DTM*472*20210302~
CAS*CO*45*38.74~
CAS*PR*3*15.82~
REF*6R*PZSQ0001820055-1~
AMT*B6*15.82~
SVC*HC>97530>GP>59*134.72*14.9*0420*2~
DTM*472*20210302~
CAS*CO*45*95.64~
CAS*PR*3*24.18~
REF*6R*PZSQ0001820055-2~
AMT*B6*39.08~
LQ*HE*N59~
SVC*HC>92507>GN*139.78*69.89*0440*1~
DTM*472*20210302~
CAS*CO*45*69.89~
REF*6R*PZSQ0001820055-16~
AMT*B6*69.89~
LQ*HE*N59~
SVC*HC>97116>GP*54.56*0*0420*1~
DTM*472*20210303~
CAS*CO*45*38.74~
CAS*PR*3*15.82~
REF*6R*PZSQ0001820055-4~
AMT*B6*15.82~
SVC*HC>97110>GP>59*123.48*11.64*0420*2~
DTM*472*20210303~
CAS*CO*45*87.66~
CAS*PR*3*24.18~
REF*6R*PZSQ0001820055-3~
AMT*B6*35.82~
LQ*HE*N59~
SVC*HC>92507>GN*139.78*69.89*0440*1~
DTM*472*20210303~
CAS*CO*45*69.89~
REF*6R*PZSQ0001820055-17~
AMT*B6*69.89~
LQ*HE*N59~
SVC*HC>97530>GO*67.36*0*0430*1~
DTM*472*20210304~
CAS*CO*45*47.82~
CAS*PR*3*19.54~
REF*6R*PZSQ0001820055-14~
AMT*B6*19.54~
SVC*HC>97110>GO*123.48*15.36*0430*2~
DTM*472*20210304~
CAS*CO*45*87.66~
CAS*PR*3*20.46~
REF*6R*PZSQ0001820055-13~
AMT*B6*35.82~
LQ*HE*N59~
SVC*HC>97116>GP*54.56*0*0420*1~
DTM*472*20210305~
CAS*CO*45*38.74~
CAS*PR*3*15.82~
REF*6R*PZSQ0001820055-6~
AMT*B6*15.82~
SVC*HC>97110>GP*123.48*11.64*0420*2~
DTM*472*20210305~
CAS*CO*45*87.66~
CAS*PR*3*24.18~
REF*6R*PZSQ0001820055-5~
AMT*B6*35.82~
LQ*HE*N59~
SVC*HC>97530>GP*134.72*0*0420*2~
DTM*472*20210308~
CAS*CO*45*95.64~
CAS*PR*3*39.08~
REF*6R*PZSQ0001820055-8~
AMT*B6*39.08~
SVC*HC>97116>GP*54.56*15.82*0420*1~
DTM*472*20210308~
CAS*CO*45*38.74~
REF*6R*PZSQ0001820055-7~
AMT*B6*15.82~
LQ*HE*N59~
SVC*HC>97116>GP*54.56*0*0420*1~
DTM*472*20210309~
CAS*CO*45*38.74~
CAS*PR*3*15.82~
REF*6R*PZSQ0001820055-10~
AMT*B6*15.82~
SVC*HC>97110>GP*123.48*10.72*0420*2~
DTM*472*20210309~
CAS*CO*45*87.66~
CAS*PR*3*25.1~
REF*6R*PZSQ0001820055-9~
AMT*B6*35.82~
LQ*HE*N59~
SE*236*1052~
GE*1*1~
IEA*1*100358959~
