ISA*00*          *00*          *ZZ*133052274      *ZZ*XXXXXXXXXXXXXXX*220119*0250*^*00501*100358959*0*P*>~
GS*HP*133052274*XX*20220119*0250*1*X*005010X221A1~
ST*835*1901~
BPR*I*72.04*C*ACH*CCP*01*031100209*DA*0038865237*1066033492**01*074000010*DA*641879929*20220121~
TRN*1*160118220274579*1066033492~
REF*EV*XXXXXXXXXXXXXXXXXXXXXXXXXXXXXX~
DTM*405*20220119~
N1*PR*AETNA~
N3*151 FARMINGTON AVENUE~
N4*HARTFORD*CT*06156~
REF*2U*60054~
PER*BL*Provider Service~
N1*PE*THE METHODIST HOSPITALS, INC.*XX*1720290349~
N3*27350 NETWORK PL~
N4*CHICAGO*IL*606731273~
REF*PQ*476140900~
REF*TJ*350868133~
LX*1~
TS3*1861586505*11*20221231*1*227.02~
CLP*P10015303890*1*227.02*72.04*40.2*13*220117E224810000*11*1~
NM1*QC*1*ADAMS*SANDRA****MI*MEBMZ24L~
NM1*82*2*THE METHODIST HOSPITALS, INC.*****XX*1861586505~
REF*1L*466916-116~
REF*CE*USS MEDICARE ESA PPO PLAN NET 04149~
DTM*232*20211216~
DTM*233*20211216~
DTM*050*20220117~
PER*CX**TE*8006240756~
AMT*AU*227~
SVC*HC>99213>25*100*51.24**1~
DTM*472*20211216~
CAS*CO*45*13.76~
CAS*PR*3*35~
REF*6R*MHPH0010172878-1~
AMT*B6*86.24~
LQ*HE*N59~
SVC*HC>93288>26*75*16.15**1~
DTM*472*20211216~
CAS*CO*45*54.81~
CAS*PR*2*4.04~
REF*6R*MHPH0010172878-2~
AMT*B6*20.19~
LQ*HE*N59~
SVC*HC>93005>59*52*4.65**1~
DTM*472*20211216~
CAS*CO*45*46.19~
CAS*PR*2*1.16~
REF*6R*MHPH0010172878-3~
AMT*B6*5.81~
LQ*HE*N59~
SVC*HC>3079F*.01*0**0**1~
DTM*472*20211216~
CAS*CO*97*.01*1~
REF*6R*MHPH0010172878-4~
LQ*HE*N19~
SVC*HC>3074F*.01*0**0**1~
DTM*472*20211216~
CAS*CO*97*.01*1~
REF*6R*MHPH0010172878-5~
LQ*HE*N19~
SE*59*1901~
GE*1*1~
IEA*1*100358959~
