ISA*00*          *00*          *ZZ*133052274      *ZZ*XXXXXXXXXXXXXXX*220119*0250*^*00501*100358959*0*P*>~
GS*HP*133052274*XX*20220119*0250*1*X*005010X221A1~
ST*835*0215~
BPR*H*0*C*NON************20220119~
TRN*1*922019000260395*1066033492~
REF*EV*XXXXXXXXXXXXXXXXXXXXXXXXXXXXXX~
DTM*405*20220119~
N1*PR*AETNA~
N3*151 FARMINGTON AVENUE~
N4*HARTFORD*CT*06156~
REF*2U*60054~
PER*BL*Provider Service~
N1*PE*FAYETTE COUNTY MEMORIAL HOSPITAL*XX*1508978677~
N3*PO BOX 645158~
N4*CINCINNATI*OH*452640310~
REF*PQ*501271820~
REF*TJ*852985806~
LX*1~
TS3*1508978677*23*20221231*1*834.1~
CLP*516473901*1*834.1*0*834.1*13*E4FCTSX9X0000*13*1~
NM1*QC*1*MCKNIGHT*JODACY*A~
NM1*IL*1*MCKNIGHT*CHRISTOPHER****MI*17863967W~
NM1*74*1******C*W245986630~
NM1*82*2*FAYETTE COUNTY MEMORIAL HOSPITAL*****XX*1508978677~
REF*1L*0895530-010-00104-AD~
REF*CE*Aetna HealthFund  Aetna Choice  POS II NET 00582~
DTM*232*20211119~
DTM*233*20211119~
DTM*050*20211130~
PER*CX**TE*8886323862~
AMT*AU*834.1~
SVC*NU>0250*4.35*0**0**1~
DTM*472*20211119~
CAS*PR*227*4.35*1~
REF*6R*FXXP0002505295-1~
AMT*B6*4.35~
LQ*HE*MA04~
LQ*HE*N179~
SVC*HC>G2023*35.25*0*0300*0**1~
DTM*472*20211119~
CAS*PR*227*35.25*1~
REF*6R*FXXP0002505295-2~
AMT*B6*35.25~
LQ*HE*MA04~
LQ*HE*N179~
SVC*HC>87635*154*0*0301*0**1~
DTM*472*20211119~
CAS*PR*227*154*1~
REF*6R*FXXP0002505295-3~
AMT*B6*154~
LQ*HE*MA04~
LQ*HE*N179~
SVC*HC>87880*99*0*0306*0**1~
DTM*472*20211119~
CAS*PR*227*99*1~
REF*6R*FXXP0002505295-4~
AMT*B6*99~
LQ*HE*MA04~
LQ*HE*N179~
SVC*HC>99283>25*426.5*0*0450*0**1~
DTM*472*20211119~
CAS*PR*227*426.5*1~
REF*6R*FXXP0002505295-5~
AMT*B6*426.5~
LQ*HE*MA04~
LQ*HE*N179~
SVC*HC>94761*115*0*0460*0**1~
DTM*472*20211119~
CAS*PR*227*115*1~
REF*6R*FXXP0002505295-6~
AMT*B6*115~
LQ*HE*MA04~
LQ*HE*N179~
SE*72*0215~
ST*835*1531~
BPR*I*5245.84*C*ACH*CCP*01*031100209*DA*0038865237*1066033492**01*042000013*DA*130124997649*20220121~
TRN*1*160118220239441*1066033492~
REF*EV*XXXXXXXXXXXXXXXXXXXXXXXXXXXXXX~
DTM*405*20220119~
N1*PR*AETNA~
N3*151 FARMINGTON AVENUE~
N4*HARTFORD*CT*06156~
REF*2U*60054~
PER*BL*Provider Service~
N1*PE*FAYETTE COUNTY MEMORIAL HOSPITA*XX*1508978677~
N3*P.O. BOX 645158~
N4*CINCINNATI*OH*45264~
REF*PQ*501271820~
REF*TJ*852985806~
LX*1~
TS3*1508978677*11*20221231*8*16969.05~
CLP*515602201*22*-3082*-1084.52**13*211116E151300003~
NM1*QC*1*HANAWALT*PEGGY*J***MI*MEBG8FTT~
NM1*82*2*FAYETTE COUNTY MEMORIAL HOSPITA*****XX*1508978677~
REF*1L*394100-053~
REF*CE*MEDICARE (S02) PPO PLAN NET 02101~
DTM*232*20211013~
DTM*233*20211013~
DTM*050*20211116~
PER*CX**TE*8006240756~
SVC*NU>0272*-68*0**4**1~
DTM*472*20211013~
CAS*CO*45*-43.52~
CAS*PR*3*-24.48~
LQ*HE*MA67~
LQ*HE*N694~
SVC*NU>0761*-158.5*-56.54**1~
DTM*472*20211013~
CAS*CO*45*-101.44~
CAS*PR*3*-.52~
LQ*HE*N59~
LQ*HE*N694~
SVC*NU>0761*-2855.5*-1027.98**1~
DTM*472*20211013~
CAS*CO*45*-1827.52~
LQ*HE*N59~
LQ*HE*N694~
CLP*516635501*1*225*81**13*211216E163570000*85*1~
NM1*QC*1*HANAWALT*PEGGY*J***MI*MEBG8FTT~
NM1*82*2*FAYETTE COUNTY MEMORIAL HOSPITA*****XX*1508978677~
REF*1L*394100-053~
REF*CE*MEDICARE (S02) PPO PLAN NET 03418~
DTM*232*20211130~
DTM*233*20211130~
DTM*050*20211216~
PER*CX**TE*8006240756~
AMT*AU*225~
SVC*NU>0761*124*44.64**1~
DTM*472*20211130~
CAS*CO*45*79.36~
REF*6R*FXXP0002512530-1~
AMT*B6*44.64~
LQ*HE*N59~
SVC*NU>0761*101*36.36**1~
DTM*472*20211130~
CAS*CO*45*64.64~
REF*6R*FXXP0002512530-2~
AMT*B6*36.36~
LQ*HE*N59~
CLP*515602201*1*226.5*56.54*25*13*211217E324660000*85*7~
NM1*QC*1*HANAWALT*PEGGY*J***MI*MEBG8FTT~
NM1*82*2*FAYETTE COUNTY MEMORIAL HOSPITA*****XX*1508978677~
REF*1L*394100-053~
REF*CE*MEDICARE (S02) PPO PLAN NET 03418~
DTM*232*20211013~
DTM*233*20211013~
DTM*050*20211217~
PER*CX**TE*8006240756~
AMT*AU*226.5~
SVC*NU>0272*68*0**4~
DTM*472*20211013~
CAS*CO*45*43.52~
CAS*PR*3*24.48~
REF*6R*FXXP0002513016-1~
AMT*B6*24.48~
LQ*HE*MA67~
SVC*NU>0761*158.5*56.54**1~
DTM*472*20211013~
CAS*CO*45*101.44~
CAS*PR*3*.52~
REF*6R*FXXP0002513016-2~
AMT*B6*57.06~
LQ*HE*N59~
CLP*517175201*1*137.25*19.41*30*13*211229E137940000*85*1~
NM1*QC*1*STRAIT*ERNEST****MI*MEBGQCSC~
NM1*82*2*FAYETTE COUNTY MEMORIAL HOSPITA*****XX*1508978677~
REF*1L*466236-006~
REF*CE*SERS PPO PLAN NET 03418~
DTM*232*20211223~
DTM*233*20211223~
DTM*050*20211229~
PER*CX**TE*8006240756~
AMT*AU*137.25~
SVC*HC>85610>QW*43.25*15.57*0305*1~
DTM*472*20211223~
CAS*CO*45*27.68~
REF*6R*FXXP0002518235-1~
AMT*B6*15.57~
LQ*HE*N59~
SVC*NU>0761*94*3.84**1~
DTM*472*20211223~
CAS*CO*45*60.16~
CAS*PR*3*30~
REF*6R*FXXP0002518235-2~
AMT*B6*33.84~
LQ*HE*N59~
CLP*517238901*1*158.5*32.06*25*13*220107E024840000*85*1~
NM1*QC*1*HANAWALT*PEGGY*J***MI*MEBG8FTT~
NM1*82*2*FAYETTE COUNTY MEMORIAL HOSPITA*****XX*1508978677~
REF*1L*394100-053~
REF*CE*MEDICARE (S02) PPO PLAN NET 03418~
DTM*232*20211230~
DTM*233*20211230~
DTM*050*20220107~
PER*CX**TE*8006240756~
AMT*AU*158.5~
SVC*NU>0761*158.5*32.06**1~
DTM*472*20211230~
CAS*CO*45*101.44~
CAS*PR*3*25~
REF*6R*FXXP0002522283-1~
AMT*B6*57.06~
LQ*HE*N59~
CLP*517194501*1*1241.25*336.95*102*13*220112E176730000*85*1~
NM1*QC*1*MARTINDALE*RICKI*L***MI*MEBGJ7YG~
NM1*82*2*FAYETTE COUNTY MEMORIAL HOSPITA*****XX*1508978677~
REF*1L*466235-007~
REF*CE*SERS PPO PLAN NET 03418~
DTM*232*20211224~
DTM*233*20211224~
DTM*050*20220112~
PER*CX**TE*8006240756~
AMT*AU*1213.75~
SVC*HC>96372*106.25*38.25*0260*1~
DTM*472*20211224~
CAS*CO*45*68~
REF*6R*FXXP0002518227-1~
AMT*B6*38.25~
LQ*HE*N59~
SVC*HC>36415*25.5*0*0300*0**1~
DTM*472*20211224~
CAS*CO*97*25.5*1~
REF*6R*FXXP0002518227-2~
LQ*HE*N19~
SVC*HC>86140*82.25*29.61*0302*1~
DTM*472*20211224~
CAS*CO*45*52.64~
REF*6R*FXXP0002518227-3~
AMT*B6*29.61~
LQ*HE*N59~
SVC*HC>85025*100*36*0305*1~
DTM*472*20211224~
CAS*CO*45*64~
REF*6R*FXXP0002518227-4~
AMT*B6*36~
LQ*HE*N59~
SVC*HC>85610*55.5*19.98*0305*1~
DTM*472*20211224~
CAS*CO*45*35.52~
REF*6R*FXXP0002518227-5~
AMT*B6*19.98~
LQ*HE*N59~
SVC*HC>99284>25*715.75*157.67*0450*1~
DTM*472*20211224~
CAS*CO*45*458.08~
CAS*PR*3*100~
REF*6R*FXXP0002518227-6~
AMT*B6*257.67~
LQ*HE*N59~
SVC*HC>J3430*154*55.44*0636*10~
DTM*472*20211224~
CAS*CO*45*98.56~
REF*6R*FXXP0002518227-7~
AMT*B6*55.44~
LQ*HE*N59~
SVC*HC>A9270>GY*2*0*0637*0**1~
DTM*472*20211224~
CAS*PR*96*2*1~
REF*6R*FXXP0002518227-8~
LQ*HE*N130~
CLP*516404701*1*2024*553.64*158.44*13*220113E092840000*85*1~
NM1*QC*1*HANAWALT*PEGGY*J***MI*MEBG8FTT~
NM1*82*2*FAYETTE COUNTY MEMORIAL HOSPITA*****XX*1508978677~
REF*1L*394100-053~
REF*CE*MEDICARE (S02) PPO PLAN NET 03418~
DTM*232*20211117~
DTM*233*20211215~
DTM*050*20220113~
PER*CX**TE*8006240756~
AMT*AU*1978~
SVC*NU>0272*46*0**4~
DTM*472*20211117~
CAS*CO*45*29.44~
CAS*PR*3*16.56~
REF*6R*FXXP0002525365-1~
AMT*B6*16.56~
SVC*NU>0761*158.5*48.62**1~
DTM*472*20211117~
CAS*CO*45*101.44~
CAS*PR*3*8.44~
REF*6R*FXXP0002525365-9~
AMT*B6*57.06~
LQ*HE*N59~
SVC*NU>0761*241.25*86.85**1~
DTM*472*20211117~
CAS*CO*45*154.4~
REF*6R*FXXP0002525365-10~
AMT*B6*86.85~
LQ*HE*N59~
SVC*NU>0272*46*0**0**2~
DTM*472*20211119~
CAS*OA*18*46*2~
REF*6R*FXXP0002525365-2~
LQ*HE*N522~
SVC*NU>0272*68*24.48**2~
DTM*472*20211122~
CAS*CO*45*43.52~
REF*6R*FXXP0002525365-3~
AMT*B6*24.48~
LQ*HE*N59~
SVC*NU>0272*136*23.96**6~
DTM*472*20211124~
CAS*CO*45*87.04~
CAS*PR*3*25~
REF*6R*FXXP0002525365-4~
AMT*B6*48.96~
LQ*HE*N59~
SVC*NU>0761*158.5*57.06**1~
DTM*472*20211124~
CAS*CO*45*101.44~
REF*6R*FXXP0002525365-11~
AMT*B6*57.06~
LQ*HE*N59~
SVC*NU>0761*241.25*86.85**1~
DTM*472*20211124~
CAS*CO*45*154.4~
REF*6R*FXXP0002525365-12~
AMT*B6*86.85~
LQ*HE*N59~
SVC*NU>0272*83*4.88**4~
DTM*472*20211201~
CAS*CO*45*53.12~
CAS*PR*3*25~
REF*6R*FXXP0002525365-5~
AMT*B6*29.88~
LQ*HE*N59~
SVC*NU>0761*158.5*57.06**1~
DTM*472*20211201~
CAS*CO*45*101.44~
REF*6R*FXXP0002525365-13~
AMT*B6*57.06~
LQ*HE*N59~
SVC*NU>0272*46*0**1~
DTM*472*20211206~
CAS*CO*45*29.44~
CAS*PR*3*16.56~
REF*6R*FXXP0002525365-6~
AMT*B6*16.56~
SVC*NU>0761*102*19.84**1~
DTM*472*20211206~
CAS*CO*45*65.28~
CAS*PR*3*16.88~
REF*6R*FXXP0002525365-14~
AMT*B6*36.72~
LQ*HE*N59~
SVC*NU>0272*154*30.44**7~
DTM*472*20211208~
CAS*CO*45*98.56~
CAS*PR*3*25~
REF*6R*FXXP0002525365-7~
AMT*B6*55.44~
LQ*HE*N59~
SVC*NU>0761*158.5*57.06**1~
DTM*472*20211208~
CAS*CO*45*101.44~
REF*6R*FXXP0002525365-15~
AMT*B6*57.06~
LQ*HE*N59~
SVC*NU>0272*68*0**3~
DTM*472*20211215~
CAS*CO*45*43.52~
CAS*PR*3*24.48~
REF*6R*FXXP0002525365-8~
AMT*B6*24.48~
SVC*NU>0761*158.5*56.54**1~
DTM*472*20211215~
CAS*CO*45*101.44~
CAS*PR*3*.52~
REF*6R*FXXP0002525365-16~
AMT*B6*57.06~
LQ*HE*N59~
CLP*517201301*1*16038.55*5250.76*218.78*13*220114E009080000*11*1~
NM1*QC*1*GREENLEE*LUCINDA*A***MI*MEBJ98WL~
NM1*82*2*FAYETTE COUNTY MEMORIAL HOSPITA*****XX*1508978677~
REF*G1*3040642~
REF*1L*409016-028~
REF*CE*STRS PPO ESA PLAN NET 03418~
DTM*232*20211225~
DTM*233*20211227~
DTM*050*20220114~
PER*CX**TE*8006240756~
AMT*AU*4072.08~
SVC*NU>0210*2408.18*2625.38**1~
DTM*150*20211225~
DTM*151*20211226~
CAS*CO*45*-326.59~
CAS*PR*2*109.39~
REF*6R*FXXP0002525717-2~
AMT*B6*2734.77~
LQ*HE*N59~
SVC*NU>0120*1663.9*2625.38**1~
DTM*150*20211226~
DTM*151*20211227~
CAS*CO*45*-1070.87~
CAS*PR*2*109.39~
REF*6R*FXXP0002525717-1~
AMT*B6*2734.77~
LQ*HE*N59~
SVC*NU>0260*456.25*0**0**2~
DTM*150*20211225~
DTM*151*20211227~
CAS*CO*97*456.25*2~
REF*6R*FXXP0002525717-22~
LQ*HE*N130~
SVC*NU>0260*379.25*0**0**4~
DTM*150*20211225~
DTM*151*20211227~
CAS*CO*97*379.25*4~
REF*6R*FXXP0002525717-23~
LQ*HE*N130~
SVC*NU>0260*270.5*0**0**3~
DTM*150*20211225~
DTM*151*20211227~
CAS*CO*97*270.5*3~
REF*6R*FXXP0002525717-24~
LQ*HE*N130~
SVC*NU>0270*310.5*0**0**3~
DTM*150*20211225~
DTM*151*20211227~
CAS*CO*97*310.5*3~
REF*6R*FXXP0002525717-25~
LQ*HE*N130~
SVC*NU>0250*4.1*0**0**2~
DTM*150*20211225~
DTM*151*20211227~
CAS*CO*97*4.1*2~
REF*6R*FXXP0002525717-3~
LQ*HE*N130~
SVC*NU>0250*3744*0**0**3~
DTM*150*20211225~
DTM*151*20211227~
CAS*CO*97*3744*3~
REF*6R*FXXP0002525717-4~
LQ*HE*N130~
SVC*NU>0250*20*0**0**1~
DTM*150*20211225~
DTM*151*20211227~
CAS*CO*97*20*1~
REF*6R*FXXP0002525717-5~
LQ*HE*N130~
SVC*NU>0250*2*0**0**1~
DTM*150*20211225~
DTM*151*20211227~
CAS*CO*97*2*1~
REF*6R*FXXP0002525717-6~
LQ*HE*N130~
SVC*NU>0250*20*0**0**8~
DTM*150*20211225~
DTM*151*20211227~
CAS*CO*97*20*8~
REF*6R*FXXP0002525717-7~
LQ*HE*N130~
SVC*NU>0250*2*0**0**1~
DTM*150*20211225~
DTM*151*20211227~
CAS*CO*97*2*1~
REF*6R*FXXP0002525717-8~
LQ*HE*N130~
SVC*NU>0250*2*0**0**1~
DTM*150*20211225~
DTM*151*20211227~
CAS*CO*97*2*1~
REF*6R*FXXP0002525717-9~
LQ*HE*N130~
SVC*NU>0250*38.12*0**0**4~
DTM*150*20211225~
DTM*151*20211227~
CAS*CO*97*38.12*4~
REF*6R*FXXP0002525717-10~
LQ*HE*N130~
SVC*NU>0250*10*0**0**5~
DTM*150*20211225~
DTM*151*20211227~
CAS*CO*97*10*5~
REF*6R*FXXP0002525717-11~
LQ*HE*N130~
SVC*NU>0250*1248*0**0**1~
DTM*150*20211225~
DTM*151*20211227~
CAS*CO*97*1248*1~
REF*6R*FXXP0002525717-12~
LQ*HE*N130~
SVC*NU>0250*20*0**0**8~
DTM*150*20211225~
DTM*151*20211227~
CAS*CO*97*20*8~
REF*6R*FXXP0002525717-13~
LQ*HE*N130~
SVC*NU>0250*2*0**0**1~
DTM*150*20211225~
DTM*151*20211227~
CAS*CO*97*2*1~
REF*6R*FXXP0002525717-14~
LQ*HE*N130~
SVC*NU>0250*2*0**0**1~
DTM*150*20211225~
DTM*151*20211227~
CAS*CO*97*2*1~
REF*6R*FXXP0002525717-15~
LQ*HE*N130~
SVC*NU>0250*10*0**0**5~
DTM*150*20211225~
DTM*151*20211227~
CAS*CO*97*10*5~
REF*6R*FXXP0002525717-16~
LQ*HE*N130~
SVC*NU>0250*1248*0**0**1~
DTM*150*20211225~
DTM*151*20211227~
CAS*CO*97*1248*1~
REF*6R*FXXP0002525717-17~
LQ*HE*N130~
SVC*NU>0258*20*0**0**1~
DTM*150*20211225~
DTM*151*20211227~
CAS*CO*97*20*1~
REF*6R*FXXP0002525717-18~
LQ*HE*N130~
SVC*NU>0258*40*0**0**1~
DTM*150*20211225~
DTM*151*20211227~
CAS*CO*97*40*1~
REF*6R*FXXP0002525717-19~
LQ*HE*N130~
SVC*NU>0258*20*0**0**1~
DTM*150*20211225~
DTM*151*20211227~
CAS*CO*97*20*1~
REF*6R*FXXP0002525717-20~
LQ*HE*N130~
SVC*NU>0258*20*0**0**1~
DTM*150*20211225~
DTM*151*20211227~
CAS*CO*97*20*1~
REF*6R*FXXP0002525717-21~
LQ*HE*N130~
SVC*NU>0300*25.5*0**0**1~
DTM*150*20211225~
DTM*151*20211227~
CAS*CO*97*25.5*1~
REF*6R*FXXP0002525717-26~
LQ*HE*N130~
SVC*NU>0300*25.5*0**0**1~
DTM*150*20211225~
DTM*151*20211227~
CAS*CO*97*25.5*1~
REF*6R*FXXP0002525717-27~
LQ*HE*N130~
SVC*NU>0301*518*0**0**3~
DTM*150*20211225~
DTM*151*20211227~
CAS*CO*97*518*3~
REF*6R*FXXP0002525717-28~
LQ*HE*N130~
SVC*NU>0301*352.75*0**0**2~
DTM*150*20211225~
DTM*151*20211227~
CAS*CO*97*352.75*2~
REF*6R*FXXP0002525717-29~
LQ*HE*N130~
SVC*NU>0305*100*0**0**1~
DTM*150*20211225~
DTM*151*20211227~
CAS*CO*97*100*1~
REF*6R*FXXP0002525717-30~
LQ*HE*N130~
SVC*NU>0305*100*0**0**1~
DTM*150*20211225~
DTM*151*20211227~
CAS*CO*97*100*1~
REF*6R*FXXP0002525717-31~
LQ*HE*N130~
SVC*NU>0350*2233*0**0**1~
DTM*150*20211225~
DTM*151*20211227~
CAS*CO*97*2233*1~
REF*6R*FXXP0002525717-32~
LQ*HE*N130~
SVC*NU>0424*246.5*0**0**1~
DTM*150*20211225~
DTM*151*20211227~
CAS*CO*97*246.5*1~
REF*6R*FXXP0002525717-33~
LQ*HE*N130~
SVC*NU>0434*246.5*0**0**1~
DTM*150*20211225~
DTM*151*20211227~
CAS*CO*97*246.5*1~
REF*6R*FXXP0002525717-34~
LQ*HE*N130~
SVC*NU>0460*115*0**0**1~
DTM*150*20211225~
DTM*151*20211227~
CAS*CO*97*115*1~
REF*6R*FXXP0002525717-35~
LQ*HE*N130~
SVC*NU>0460*115*0**0**1~
DTM*150*20211225~
DTM*151*20211227~
CAS*CO*97*115*1~
REF*6R*FXXP0002525717-36~
LQ*HE*N130~
SE*529*1531~
ST*835*2056~
BPR*H*0*C*NON************20220118~
TRN*1*FC9220190010027*1066033492~
REF*EV*XXXXXXXXXXXXXXXXXXXXXXXXXXXXXX~
DTM*405*20220119~
N1*PR*AETNA~
N3*151 FARMINGTON AVENUE~
N4*HARTFORD*CT*06156~
REF*2U*60054~
PER*BL*Provider Service~
N1*PE*FAYETTE COUNTY MEMORIAL HOSPITA*XX*1508978677~
N3*P.O. BOX 645158~
N4*CINCINNATI*OH*45264~
REF*PQ*501271820~
REF*TJ*852985806~
LX*1~
TS3*1508978677*85*20221231*2*0~
CLP*516429001*22*-113.25*0**13*211125E025550001~
NM1*QC*1*HANAWALT*PEGGY*J***MI*MEBG8FTT~
NM1*82*2*FAYETTE COUNTY MEMORIAL HOSPITA*****XX*1508978677~
REF*1L*394100-053~
REF*CE*MEDICARE (S02) PPO PLAN NET 02101~
DTM*232*20211119~
DTM*233*20211119~
DTM*050*20211125~
PER*CX**TE*8006240756~
SVC*NU>0761*-113.25*0**0**1~
DTM*472*20211119~
CAS*CO*97*-113.25*1~
LQ*HE*N130~
LQ*HE*N694~
CLP*516429001*1*113.25*0**13*220115E082840000*85*7~
NM1*QC*1*HANAWALT*PEGGY*J***MI*MEBG8FTT~
NM1*82*2*FAYETTE COUNTY MEMORIAL HOSPITA*****XX*1508978677~
REF*1L*394100-053~
REF*CE*MEDICARE (S02) PPO PLAN NET 03418~
DTM*232*20211119~
DTM*233*20211119~
DTM*050*20220115~
PER*CX**TE*8006240756~
SVC*HC>99213*113.25*0*0761*0**1~
DTM*472*20211119~
CAS*PI*16*113.25*1~
REF*6R*FXXP0002526539-1~
LQ*HE*MA30~
LQ*HE*MA67~
SE*47*2056~
GE*3*1~
IEA*1*100358959~
