ISA*00*          *00*          *ZZ*133052274      *ZZ*XXXXXXXXXXXXXXX*220119*0250*^*00501*100358959*0*P*>~
GS*HP*133052274*XX*20220119*0250*1*X*005010X221A1~
ST*835*0865~
BPR*I*1216.52*C*ACH*CCP*01*031100209*DA*0038865237*1066033492**01*041215016*DA*01479765496*20220121~
TRN*1*160118220255383*1066033492~
REF*EV*XXXXXXXXXXXXXXXXXXXXXXXXXXXXXX~
DTM*405*20220119~
N1*PR*AETNA~
N3*151 FARMINGTON AVENUE~
N4*HARTFORD*CT*06156~
REF*2U*60054~
PER*BL*Provider Service~
N1*PE*FCHC MEDICAL CARE, LLC*XX*1598821175~
N3*735 S SHOOP AVE~
N4*WAUSEON*OH*435671735~
REF*PQ*599227570~
REF*TJ*010877201~
LX*1~
TS3*1477653467*11*20221231*3*5890~
CLP*AAA01664559*1*2840*568.43**13*220113E402330000*22*1~
NM1*QC*1*LANDVERSICHT*RICHARD*D***MI*MEBVFJWC~
NM1*82*2*FCHC MEDICAL CARE, LLC*****XX*1477653467~
REF*1L*467094-012~
REF*CE*VALUE PPO NET 03418~
DTM*232*20211124~
DTM*233*20211124~
DTM*050*20220113~
PER*CX**TE*8006240756~
AMT*AU*2840~
SVC*HC>49651>LT*2840*568.43**1~
DTM*472*20211124~
CAS*CO*45*2271.57~
REF*6R*FCHC0003183649-1~
AMT*B6*568.43~
LQ*HE*N59~
CLP*AAA01664498*1*2840*568.43**13*220113E402340000*23*1~
NM1*QC*1*LANDVERSICHT*RICHARD*D***MI*MEBVFJWC~
NM1*82*2*FCHC MEDICAL CARE, LLC*****XX*1477653467~
REF*1L*467094-012~
REF*CE*VALUE PPO NET 03418~
DTM*232*20211123~
DTM*233*20211123~
DTM*050*20220113~
PER*CX**TE*8006240756~
AMT*AU*2840~
SVC*HC>49651*2840*568.43**1~
DTM*472*20211123~
CAS*CO*45*2271.57~
REF*6R*FCHC0003183648-1~
AMT*B6*568.43~
LQ*HE*N59~
CLP*AAA01661924*1*210*79.66*30*13*220113E453960000*11*1~
NM1*QC*1*WAACK*PENNY*L***MI*MEBNFM6Y~
NM1*82*2*FCHC MEDICAL CARE, LLC*****XX*1477653467~
REF*1L*466235-001~
REF*CE*SERS PPO PLAN NET 03418~
DTM*232*20211123~
DTM*233*20211123~
DTM*050*20220113~
PER*CX**TE*8006240756~
AMT*AU*210~
SVC*HC>99203*210*79.66**1~
DTM*472*20211123~
CAS*CO*45*100.34~
CAS*PR*3*30~
REF*6R*FCHC0003183920-1~
AMT*B6*109.66~
LQ*HE*N59~
SE*67*0865~
GE*1*1~
IEA*1*100358959~
