ISA*00*          *00*          *ZZ*133052274      *ZZ*XXXXXXXXXXXXXXX*220119*0250*^*00501*100358959*0*P*>~
GS*HP*133052274*XX*20220119*0250*1*X*005010X221A1~
ST*835*1765~
BPR*I*588.72*C*ACH*CCP*01*031100209*DA*0038865237*1066033492**01*044000037*DA*801950155*20220121~
TRN*1*160118220271417*1066033492~
REF*EV*XXXXXXXXXXXXXXXXXXXXXXXXXXXXXX~
DTM*405*20220119~
N1*PR*AETNA~
N3*151 FARMINGTON AVENUE~
N4*HARTFORD*CT*06156~
REF*2U*60054~
PER*BL*Provider Service~
N1*PE*LAKE HOSPITAL SYSTEM, INC.*XX*1952339996~
N3*P.O. BOX 781389~
N4*DETROIT*MI*482781389~
REF*PQ*249659120~
REF*TJ*341425870~
LX*1~
TS3*1356971824*11*20221231*5*1083~
CLP*4761634*1*191*112.22**13*220117E122310000*32*1~
NM1*QC*1*YANCHAR*CAROLYN*A***MI*MEBL25FF~
NM1*82*2*LAKE HOSPITAL SYSTEM, INC.*****XX*1356971824~
REF*1L*455716-062~
REF*CE*STRS PPO PLAN NET 03418~
DTM*232*20211206~
DTM*233*20211206~
DTM*050*20220117~
PER*CX**TE*8006240756~
AMT*AU*191~
SVC*HC>99336*191*112.22**1~
DTM*472*20211206~
CAS*CO*45*78.78~
REF*6R*LHPG0024421819-1~
AMT*B6*112.22~
LQ*HE*N59~
CLP*4760365*1*232*148.55**13*220117E142430000*32*1~
NM1*QC*1*DINONNO*MARIE*E***MI*MEBS87HW~
NM1*74*1**MARIA~
NM1*82*2*LAKE HOSPITAL SYSTEM, INC.*****XX*1356971824~
REF*1L*467094-011~
REF*CE*VALUE PPO NET 03418~
DTM*232*20211202~
DTM*233*20211202~
DTM*050*20220117~
PER*CX**TE*8006240756~
AMT*AU*232~
SVC*HC>90792*232*148.55**1~
DTM*472*20211202~
CAS*CO*45*83.45~
REF*6R*LHPG0024421818-1~
AMT*B6*148.55~
LQ*HE*N59~
CLP*4762116*1*191*87.22*25*13*220117E163630000*13*1~
NM1*QC*1*WOODMAN*EDWARD****MI*MEBHCRZS~
NM1*82*2*LAKE HOSPITAL SYSTEM, INC.*****XX*1356971824~
REF*1L*455716-057~
REF*CE*STRS PPO PLAN NET 03418~
DTM*232*20211213~
DTM*233*20211213~
DTM*050*20220117~
PER*CX**TE*8006240756~
AMT*AU*191~
SVC*HC>99336*191*87.22**1~
DTM*472*20211213~
CAS*CO*45*78.78~
CAS*PR*3*25~
REF*6R*LHPG0024421821-1~
AMT*B6*112.22~
LQ*HE*N59~
CLP*4761646*1*288*133.72**13*220117E163710000*12*1~
NM1*QC*1*SCHUDEL JR*WILLIAM****MI*MEBD56VZ~
NM1*82*2*LAKE HOSPITAL SYSTEM, INC.*****XX*1356971824~
REF*1L*455716-062~
REF*CE*STRS PPO PLAN NET 03418~
DTM*232*20211215~
DTM*233*20211215~
DTM*050*20220117~
PER*CX**TE*8006240756~
AMT*AU*288~
SVC*HC>99349*181*107.01**1~
DTM*472*20211215~
CAS*CO*45*73.99~
REF*6R*LHPG0024421822-1~
AMT*B6*107.01~
LQ*HE*N59~
SVC*HC>90833*107*26.71**1~
DTM*472*20211215~
CAS*CO*45*80.29~
REF*6R*LHPG0024421822-2~
AMT*B6*26.71~
LQ*HE*N59~
CLP*4761650*1*181*107.01**13*220117E185230000*12*1~
NM1*QC*1*BRASHEAR*BEVERLY*R***MI*MEBFCC5V~
NM1*82*2*LAKE HOSPITAL SYSTEM, INC.*****XX*1356971824~
REF*1L*466235-006~
REF*CE*SERS PPO PLAN NET 03418~
DTM*232*20211215~
DTM*233*20211215~
DTM*050*20220117~
PER*CX**TE*8006240756~
AMT*AU*181~
SVC*HC>99349*181*107.01**1~
DTM*472*20211215~
CAS*CO*45*73.99~
REF*6R*LHPG0024421813-1~
AMT*B6*107.01~
LQ*HE*N59~
SE*106*1765~
GE*1*1~
IEA*1*100358959~
