ISA*00*          *00*          *ZZ*133052274      *ZZ*XXXXXXXXXXXXXXX*220119*0250*^*00501*100358959*0*P*>~
GS*HP*133052274*XX*20220119*0250*1*X*005010X221A1~
ST*835*0410~
BPR*I*32346.57*C*ACH*CCP*01*011900445*DA*0000009046*1066033492**01*061201754*DA*2048615989*20220124~
TRN*1*822019000271639*1066033492~
REF*EV*XXXXXXXXXXXXXXXXXXXXXXXXXXXXXX~
DTM*405*20220119~
N1*PR*AETNA~
N3*151 FARMINGTON AVENUE~
N4*HARTFORD*CT*06156~
REF*2U*60054~
PER*BL*Provider Service~
N1*PE*BAKER COUNTY MEDICAL SERVICES, INC.*XX*1104926401~
N3*PO BOX 484~
N4*MACCLENNY*FL*320630484~
REF*PQ*233165590~
REF*TJ*593202547~
LX*1~
TS3*1104926401*11*20221231*31*87807.55~
CLP*EFBH6399*2*356.67*16.31**12*EFACW26JX0000*13*1~
CAS*OA*23*65.19~
NM1*QC*1*BATES*BARBARA*S***MI*9AP7JD6AR33~
NM1*74*1***J***C*W240146261~
NM1*82*2*BAKER COUNTY MEDICAL SERVICES, INC.*****XX*1104926401~
REF*1L*0326415-013-00100- A~
REF*CE*Open Access Aetna Select  8480 NET 01564~
DTM*232*20211230~
DTM*233*20211230~
DTM*050*20220118~
PER*CX**TE*8886323862~
AMT*AU*356.67~
SVC*HC>71045*356.67*81.5*0324*1~
DTM*472*20211230~
CAS*OA*23*275.17~
REF*6R*404013800.20211230.1~
AMT*B6*81.5~
CLP*EFBH6251*2*120.65*0**12*EFFCW14MX0000*13*1~
CAS*OA*23*7.29~
NM1*QC*1*BRINER*WILLIAM*H***MI*1WT5HH7XT67~
NM1*74*1******C*W240144494~
NM1*82*2*BAKER COUNTY MEDICAL SERVICES, INC.*****XX*1104926401~
REF*1L*0326415-013-00100- A~
REF*CE*Open Access Aetna Select  8480 NET 01564~
DTM*232*20211227~
DTM*233*20211227~
DTM*050*20220115~
PER*CX**TE*8886323862~
AMT*AU*14.83~
SVC*HC>36415*14.83*7.29*0300*1~
DTM*472*20211227~
CAS*OA*23*113.36**94*-105.82~
REF*6R*401050000.20211227.1~
AMT*B6*7.29~
SVC*HC>85610*105.82*0*0305*1~
DTM*472*20211227~
CAS*CO*97*105.82~
REF*6R*401011270.20211227.2~
LQ*HE*N20~
CLP*EFBH7180*1*385.75*288.93**12*EFFCW2X640000*13*1~
NM1*QC*1*BURNHAM*JUSTIN*T***MI*W240161303~
NM1*82*2*BAKER COUNTY MEDICAL SERVICES, INC.*****XX*1104926401~
REF*1L*0326415-010-00014- A~
REF*CE*Open Access Aetna Select  8480 NET 01564~
DTM*232*20220110~
DTM*233*20220110~
DTM*050*20220118~
PER*CX**TE*8886323862~
AMT*AU*385.75~
SVC*HC>71046*385.75*288.93*0324*1~
DTM*472*20220110~
CAS*CO*45*96.82~
REF*6R*404014600.20220110.1~
AMT*B6*288.93~
CLP*EFBH6292*2*115.61*0**12*EFPCW10KN0000*13*1~
CAS*OA*23*70.08~
NM1*QC*1*TURK*TERESA*D***MI*4W80PX3UJ14~
NM1*74*1******C*W239747176~
NM1*82*2*BAKER COUNTY MEDICAL SERVICES, INC.*****XX*1104926401~
REF*1L*0326415-013-00100- A~
REF*CE*Open Access Aetna Select  8480 NET 01564~
DTM*232*20211228~
DTM*233*20211228~
DTM*050*20220115~
PER*CX**TE*8886323862~
AMT*AU*26.52~
SVC*HC>C9803>CS*26.52*70.08*0300*1~
DTM*472*20211228~
CAS*OA*23*45.53**94*-89.09~
REF*6R*401099647.20211228.3~
AMT*B6*70.08~
SVC*HC>36415*14.83*0*0300*1~
DTM*472*20211228~
CAS*CO*97*14.83~
REF*6R*401050000.20211228.1~
LQ*HE*N20~
SVC*HC>87426>QW*74.26*0*0300*1~
DTM*472*20211228~
CAS*CO*97*74.26~
REF*6R*401099648.20211228.2~
LQ*HE*N20~
CLP*EFBH7173*1*356.67*267.15**12*EFPCW2S6P0000*13*1~
NM1*QC*1*DAVIS*MELISA*D***MI*W239756152~
NM1*82*2*BAKER COUNTY MEDICAL SERVICES, INC.*****XX*1104926401~
REF*1L*0326415-010-00014- B~
REF*CE*Open Access Aetna Select  8480 NET 01564~
DTM*232*20220110~
DTM*233*20220110~
DTM*050*20220118~
PER*CX**TE*8886323862~
AMT*AU*356.67~
SVC*HC>74018*356.67*267.15*0320*1~
DTM*472*20220110~
CAS*CO*45*89.52~
REF*6R*404021100.20220110.1~
AMT*B6*267.15~
CLP*EFBH7182*1*385.75*288.93**12*EFPCW2TF20000*13*1~
NM1*QC*1*GAINEY*JOHNNY*C***MI*W239743614~
NM1*74*1**JRJOHNNY~
NM1*82*2*BAKER COUNTY MEDICAL SERVICES, INC.*****XX*1104926401~
REF*1L*0326415-010-00014- B~
REF*CE*Open Access Aetna Select  8480 NET 01564~
DTM*232*20220110~
DTM*233*20220110~
DTM*050*20220118~
PER*CX**TE*8886323862~
AMT*AU*385.75~
SVC*HC>71046*385.75*288.93*0324*1~
DTM*472*20220110~
CAS*CO*45*96.82~
REF*6R*404014600.20220110.1~
AMT*B6*288.93~
CLP*EFBH6033*2*646.75*0**12*EFY1W1TD70000*13*1~
CAS*OA*23*69.39~
NM1*QC*1*DEMERS*ROBERT*N***MI*6TA9HN4DW46~
NM1*74*1******C*W240146082~
NM1*82*2*BAKER COUNTY MEDICAL SERVICES, INC.*****XX*1104926401~
REF*1L*0326415-013-00200- B~
REF*CE*Open Access Aetna Select  8480 NET 01564~
DTM*232*20211222~
DTM*233*20211222~
DTM*050*20220115~
PER*CX**TE*8886323862~
AMT*AU*14.83~
SVC*HC>36415*14.83*69.39*0300*1~
DTM*472*20211222~
CAS*OA*23*577.36**94*-631.92~
REF*6R*401050000.20211222.1~
AMT*B6*69.39~
SVC*HC>82607*126.99*0*0301*1~
DTM*472*20211222~
CAS*CO*97*126.99~
REF*6R*401014990.20211222.2~
LQ*HE*N20~
SVC*HC>82728*91.71*0*0301*1~
DTM*472*20211222~
CAS*CO*97*91.71~
REF*6R*401019110.20211222.3~
LQ*HE*N20~
SVC*HC>82746*149.16*0*0301*1~
DTM*472*20211222~
CAS*CO*97*149.16~
REF*6R*401055800.20211222.4~
LQ*HE*N20~
SVC*HC>83540*59.46*0*0301*1~
DTM*472*20211222~
CAS*CO*97*59.46~
REF*6R*401035400.20211222.5~
LQ*HE*N20~
SVC*HC>83550*88.69*0*0301*1~
DTM*472*20211222~
CAS*CO*97*88.69~
REF*6R*401078000.20211222.6~
LQ*HE*N20~
SVC*HC>85025*115.91*0*0305*1~
DTM*472*20211222~
CAS*CO*97*115.91~
REF*6R*401030100.20211222.7~
LQ*HE*N20~
CLP*EFBH6747*1*2073.12*1242.22*310.55*13*EPACWY9KG0000*13*1~
NM1*QC*1*HARRIS*ROBIN*L***MI*W260446159~
NM1*82*2*BAKER COUNTY MEDICAL SERVICES, INC.*****XX*1104926401~
REF*1L*0169475-021-00001- H~
REF*CE*Aetna HealthFund  Aetna Choice  POS II NET 00448~
DTM*232*20220105~
DTM*233*20220105~
DTM*050*20220112~
PER*CX**TE*8886323862~
AMT*AU*2073.12~
SVC*HC>93306*2073.12*1242.22*0483*1~
DTM*472*20220105~
CAS*CO*45*520.35~
CAS*PR*2*310.55~
REF*6R*404087201.20220105.1~
AMT*B6*1552.77~
CLP*EFBH6748*1*2551.46*1797.28*100*12*EPFCWZL9J0000*13*1~
NM1*QC*1*QUICK*ROBERT*A~
NM1*IL*1*QUICK*AMANDA****MI*W263449748~
NM1*82*2*BAKER COUNTY MEDICAL SERVICES, INC.*****XX*1104926401~
REF*1L*0326415-010-00014- B~
REF*CE*Open Access Aetna Select  8480 NET 01564~
DTM*232*20220105~
DTM*233*20220105~
DTM*050*20220112~
PER*CX**TE*8886323862~
AMT*AU*2551.46~
SVC*NU>0250*29*0**1~
DTM*472*20220105~
CAS*CO*45*7.28~
CAS*PR*3*21.72~
REF*6R*407017980.20220105.1~
AMT*B6*21.72~
SVC*HC>96372>59*82.65*0*0260*1~
DTM*472*20220105~
CAS*CO*45*20.75~
CAS*PR*3*61.9~
REF*6R*323060300.20220105.2~
AMT*B6*61.9~
SVC*HC>L1830*146.4*79.51*0274*1~
DTM*472*20220105~
CAS*CO*45*50.51~
CAS*PR*3*16.38~
REF*6R*325015600.20220105.3~
AMT*B6*95.89~
SVC*HC>73560>LT*373.71*279.91*0320*1~
DTM*472*20220105~
CAS*CO*45*93.8~
REF*6R*404003700.20220105.4~
AMT*B6*279.91~
SVC*HC>99284>25*1919.7*1437.86*0450*1~
DTM*472*20220105~
CAS*CO*45*481.84~
REF*6R*323001000.20220105.5~
AMT*B6*1437.86~
CLP*EFBH6743*1*2458.87*1841.7**12*EPFCWZMHK0000*13*1~
NM1*QC*1*CARABALLO*JULIO****MI*W258983591~
NM1*74*1*MORALES ZARAGOZA*LUZ~
NM1*82*2*BAKER COUNTY MEDICAL SERVICES, INC.*****XX*1104926401~
REF*1L*0326415-010-00014- B~
REF*CE*Open Access Aetna Select  8480 NET 01564~
DTM*232*20220104~
DTM*233*20220104~
DTM*050*20220112~
PER*CX**TE*8886323862~
AMT*AU*2458.87~
SVC*HC>71046*385.75*288.93*0324*1~
DTM*472*20220104~
CAS*CO*45*96.82~
REF*6R*404014600.20220104.1~
AMT*B6*288.93~
SVC*HC>93306*2073.12*1552.77*0483*1~
DTM*472*20220104~
CAS*CO*45*520.35~
REF*6R*404087201.20220104.2~
AMT*B6*1552.77~
CLP*EFBH6735*1*356.67*213.72*53.43*13*EPPCWWRYV0000*13*1~
NM1*QC*1*HARRIS*ROBIN*L***MI*W260446159~
NM1*82*2*BAKER COUNTY MEDICAL SERVICES, INC.*****XX*1104926401~
REF*1L*0169475-021-00001- H~
REF*CE*Aetna HealthFund  Aetna Choice  POS II NET 00448~
DTM*232*20220106~
DTM*233*20220106~
DTM*050*20220112~
PER*CX**TE*8886323862~
AMT*AU*356.67~
SVC*HC>73610>LT*356.67*213.72*0320*1~
DTM*472*20220106~
CAS*CO*45*89.52~
CAS*PR*2*53.43~
REF*6R*404016330.20220106.1~
AMT*B6*267.15~
CLP*EFBH6749*1*356.67*267.15**12*EPY1WY9LM0000*13*1~
NM1*QC*1*WILBURN*PEARL~
NM1*IL*1*WILBURN*JEREMY****MI*W239757578~
NM1*82*2*BAKER COUNTY MEDICAL SERVICES, INC.*****XX*1104926401~
REF*1L*0326415-010-00021- B~
REF*CE*Open Access Aetna Select  8480 NET 01564~
DTM*232*20220106~
DTM*233*20220106~
DTM*050*20220112~
PER*CX**TE*8886323862~
AMT*AU*356.67~
SVC*HC>73502>LT*356.67*267.15*0320*1~
DTM*472*20220106~
CAS*CO*45*89.52~
REF*6R*404083002.20220106.1~
AMT*B6*267.15~
CLP*EFBH6746*1*1254.64*928.62**12*EQ36WXCRK0000*13*1~
NM1*QC*1*HARMON*SHAKERIA*T***MI*W263261254~
NM1*82*2*BAKER COUNTY MEDICAL SERVICES, INC.*****XX*1104926401~
REF*1L*0326415-010-00014- A~
REF*CE*Open Access Aetna Select  8480 NET 01564~
DTM*232*20220105~
DTM*233*20220105~
DTM*050*20220112~
PER*CX**TE*8886323862~
AMT*AU*1254.64~
SVC*HC>36415*14.83*0*0300*0**1~
DTM*472*20220105~
CAS*CO*97*14.83*1~
REF*6R*401050000.20220105.1~
AMT*B6*11.11~
LQ*HE*N19~
SVC*HC>87426>QW*74.26*55.62*0300*1~
DTM*472*20220105~
CAS*CO*45*18.64~
REF*6R*401099648.20220105.2~
AMT*B6*55.62~
SVC*HC>C9803>CS*26.52*19.86*0300*1~
DTM*472*20220105~
CAS*CO*45*6.66~
REF*6R*401099647.20220105.3~
AMT*B6*19.86~
SVC*HC>87275*75.59*56.62*0302*1~
DTM*472*20220105~
CAS*CO*45*18.97~
REF*6R*401048800.20220105.4~
AMT*B6*56.62~
SVC*HC>99283>25*1063.44*796.52*0450*1~
DTM*472*20220105~
CAS*CO*45*266.92~
REF*6R*323000900.20220105.5~
AMT*B6*796.52~
CLP*EFBH7078*1*1404.2*1051.75**12*ERFCW0RJ60000*13*1~
NM1*QC*1*DAVIS*PATTI*L***MI*W239749296~
NM1*82*2*BAKER COUNTY MEDICAL SERVICES, INC.*****XX*1104926401~
REF*1L*0326415-010-00021- A~
REF*CE*Open Access Aetna Select  8480 NET 01564~
DTM*232*20211230~
DTM*233*20211230~
DTM*050*20220113~
PER*CX**TE*8886323862~
AMT*AU*1404.2~
SVC*HC>94727*439.21*328.97*0410*1~
DTM*472*20211230~
CAS*CO*45*110.24~
REF*6R*317013302.20211230.1~
AMT*B6*328.97~
SVC*HC>94729*439.21*328.97*0410*1~
DTM*472*20211230~
CAS*CO*45*110.24~
REF*6R*317013303.20211230.2~
AMT*B6*328.97~
SVC*HC>94060*525.78*393.81*0460*1~
DTM*472*20211230~
CAS*CO*45*131.97~
REF*6R*317013300.20211230.3~
AMT*B6*393.81~
CLP*EFBH6954*1*365.85*274.02**12*ESPCVLJ4X0000*13*1~
NM1*QC*1*HALL*HANNAH*M***MI*W239756922~
NM1*82*2*BAKER COUNTY MEDICAL SERVICES, INC.*****XX*1104926401~
REF*1L*0326415-026-00001- B~
REF*CE*Open Access Aetna Select  8480 NET 01564~
DTM*232*20220107~
DTM*233*20220107~
DTM*050*20220113~
PER*CX**TE*8886323862~
AMT*AU*365.85~
SVC*HC>73630>LT*365.85*274.02*0320*1~
DTM*472*20220107~
CAS*CO*45*91.83~
REF*6R*404081200.20220107.1~
AMT*B6*274.02~
CLP*EFBH6955*1*672.68*403.84*100*12*ESY1VMXV30000*13*1~
NM1*QC*1*JONES*SELLECCA*R***MI*W252594184~
NM1*82*2*BAKER COUNTY MEDICAL SERVICES, INC.*****XX*1104926401~
REF*1L*0326415-010-00014- B~
REF*CE*Open Access Aetna Select  8480 NET 01564~
DTM*232*20220108~
DTM*233*20220108~
DTM*050*20220113~
PER*CX**TE*8886323862~
AMT*AU*672.68~
SVC*HC>99282>25*672.68*403.84*0450*1~
DTM*472*20220108~
CAS*CO*45*168.84~
CAS*PR*3*100~
REF*6R*323000800.20220108.1~
AMT*B6*503.84~
CLP*EFBH6958*1*3181.58*1270.98*1067.75*13*ETACVPFN30000*13*1~
NM1*QC*1*PHILLIPS*JAMES*C***MI*W236696756~
NM1*82*2*BAKER COUNTY MEDICAL SERVICES, INC.*****XX*1104926401~
REF*1L*0800100-016-00001-HD~
REF*CE*Aetna HealthFund  Aetna Choice  POS II NET 00448~
DTM*232*20220108~
DTM*233*20220108~
DTM*050*20220113~
PER*CX**TE*8886323862~
AMT*AU*3181.58~
SVC*NU>0250*168.38*126.12**7~
DTM*472*20220108~
CAS*CO*45*42.26~
CAS*PR*1*126.12**187*-126.12~
REF*6R*407097240.20220108.1~
AMT*B6*126.12~
LQ*HE*N520~
SVC*HC>96372>59*82.65*61.9*0260*1~
DTM*472*20220108~
CAS*CO*45*20.75~
CAS*PR*1*61.9**187*-61.9~
REF*6R*323060300.20220108.2~
AMT*B6*61.9~
LQ*HE*N520~
SVC*NU>0270*172.01*128.84**6~
DTM*472*20220108~
CAS*CO*45*43.17~
CAS*PR*1*128.84**187*-128.84~
REF*6R*407008102.20220108.3~
AMT*B6*128.84~
LQ*HE*N520~
SVC*NU>0272*115.36*86.4**6~
DTM*472*20220108~
CAS*CO*45*28.96~
CAS*PR*1*86.4**187*-86.4~
REF*6R*407062501.20220108.4~
AMT*B6*86.4~
LQ*HE*N520~
SVC*HC>73630>LT*365.85*274.02*0320*1~
DTM*472*20220108~
CAS*CO*45*91.83~
CAS*PR*1*274.02**187*-274.02~
REF*6R*404081200.20220108.5~
AMT*B6*274.02~
LQ*HE*N520~
SVC*HC>99284>25*1919.7*414.83*0450*1~
DTM*472*20220108~
CAS*CO*45*481.84~
CAS*PR*1*1322.72**187*-322.72**2*23.03~
REF*6R*323001000.20220108.6~
AMT*B6*1437.86~
LQ*HE*N520~
SVC*HC>90715*125*49.6*0636*1~
DTM*472*20220108~
CAS*CO*45*63~
CAS*PR*2*12.4~
REF*6R*407000108.20220108.7~
AMT*B6*62~
SVC*HC>J0690*50*19.84*0636*1~
DTM*472*20220108~
CAS*CO*45*25.2~
CAS*PR*2*4.96~
REF*6R*407000134.20220108.8~
AMT*B6*24.8~
SVC*HC>90471*182.63*109.43*0771*1~
DTM*472*20220108~
CAS*CO*45*45.84~
CAS*PR*2*27.36~
REF*6R*323060700.20220108.9~
AMT*B6*136.79~
CLP*EFBH6947*1*7359.69*5401.32*100*12*ETJMVPJ3S0000*13*1~
NM1*QC*1*LEE*ERIC*S***MI*W262893104~
NM1*82*2*BAKER COUNTY MEDICAL SERVICES, INC.*****XX*1104926401~
REF*1L*0326415-010-00021- A~
REF*CE*Open Access Aetna Select  8480 NET 01564~
DTM*232*20220108~
DTM*233*20220108~
DTM*050*20220113~
PER*CX**TE*8886323862~
AMT*AU*7359.69~
SVC*NU>0258*35*0**1~
DTM*472*20220108~
CAS*CO*45*8.78~
CAS*PR*3*26.22~
REF*6R*407000402.20220108.1~
AMT*B6*26.22~
SVC*NU>0270*53.56*0**2~
DTM*472*20220108~
CAS*CO*45*13.44~
CAS*PR*3*40.12~
REF*6R*325099496.20220108.2~
AMT*B6*40.12~
SVC*NU>0272*32.96*0**1~
DTM*472*20220108~
CAS*CO*45*8.27~
CAS*PR*3*24.69~
REF*6R*407034485.20220108.3~
AMT*B6*24.69~
SVC*HC>36415*14.83*0*0300*0**1~
DTM*472*20220108~
CAS*CO*97*14.83*1~
REF*6R*401050000.20220108.4~
AMT*B6*11.11~
LQ*HE*N19~
SVC*HC>87426>QW*74.26*55.62*0300*1~
DTM*472*20220108~
CAS*CO*45*18.64~
REF*6R*401099648.20220108.5~
AMT*B6*55.62~
SVC*HC>C9803>CS*26.52*19.86*0300*1~
DTM*472*20220108~
CAS*CO*45*6.66~
REF*6R*401099647.20220108.6~
AMT*B6*19.86~
SVC*HC>80053*275.14*206.08*0301*1~
DTM*472*20220108~
CAS*CO*45*69.06~
REF*6R*401080120.20220108.7~
AMT*B6*206.08~
SVC*HC>82150*100.79*66.52*0301*1~
DTM*472*20220108~
CAS*CO*45*25.3~
CAS*PR*3*8.97~
REF*6R*401010301.20220108.8~
AMT*B6*75.49~
SVC*HC>83690*85.67*64.17*0301*1~
DTM*472*20220108~
CAS*CO*45*21.5~
REF*6R*401089700.20220108.9~
AMT*B6*64.17~
SVC*HC>87275*75.59*56.62*0302*1~
DTM*472*20220108~
CAS*CO*45*18.97~
REF*6R*401048800.20220108.10~
AMT*B6*56.62~
SVC*HC>85025*115.91*86.82*0305*1~
DTM*472*20220108~
CAS*CO*45*29.09~
REF*6R*401030100.20220108.11~
AMT*B6*86.82~
SVC*HC>74176>MH*4522.76*3387.55*0350*1~
DTM*472*20220108~
CAS*CO*45*1135.21~
REF*6R*406506116.20220108.12~
AMT*B6*3387.55~
SVC*HC>99284>25*1919.7*1437.86*0450*1~
DTM*472*20220108~
CAS*CO*45*481.84~
REF*6R*323001000.20220108.13~
AMT*B6*1437.86~
SVC*HC>J2405*27*20.22*0636*4~
DTM*472*20220108~
CAS*CO*45*6.78~
REF*6R*407029450.20220108.14~
AMT*B6*20.22~
CLP*EFBH5937*1*3812.55*2312.05*300*13*ETTXVN8CY0000*13*1~
NM1*QC*1*DOVERREEVES*KELSEY~
NM1*IL*1*MATTAIR*JAMES****MI*06281862W~
NM1*74*1******C*W196741316~
NM1*82*2*BAKER COUNTY MEDICAL SERVICES, INC.*****XX*1104926401~
REF*1L*0895530-010-00304-KD~
REF*CE*Aetna HealthFund  Aetna Choice  POS II NET 00448~
DTM*232*20211227~
DTM*233*20211227~
DTM*050*20220113~
PER*CX**TE*8886323862~
AMT*AU*3812.55~
SVC*NU>0250*105*0**5~
DTM*472*20211227~
CAS*CO*45*26.35~
CAS*PR*3*78.65~
REF*6R*407012260.20211227.1~
AMT*B6*78.65~
SVC*NU>0258*30*0**1~
DTM*472*20211227~
CAS*CO*45*7.53~
CAS*PR*3*22.47~
REF*6R*407000401.20211227.2~
AMT*B6*22.47~
SVC*HC>96365*218.7*0*0260*1~
DTM*472*20211227~
CAS*CO*45*54.89~
CAS*PR*3*163.81~
REF*6R*323007700.20211227.3~
AMT*B6*163.81~
SVC*HC>96368*111.87*48.72*0260*1~
DTM*472*20211227~
CAS*CO*45*28.08~
CAS*PR*3*35.07~
REF*6R*323071706.20211227.4~
AMT*B6*83.79~
SVC*HC>96374>59*116.92*87.57*0260*1~
DTM*472*20211227~
CAS*CO*45*29.35~
REF*6R*323061100.20211227.5~
AMT*B6*87.57~
SVC*NU>0270*154.5*115.72**5~
DTM*472*20211227~
CAS*CO*45*38.78~
REF*6R*317030350.20211227.6~
AMT*B6*115.72~
SVC*NU>0272*66.95*50.15**2~
DTM*472*20211227~
CAS*CO*45*16.8~
REF*6R*317015210.20211227.7~
AMT*B6*50.15~
SVC*HC>36415*14.83*0*0300*0**1~
DTM*472*20211227~
CAS*CO*97*14.83*1~
REF*6R*401050000.20211227.8~
AMT*B6*11.11~
LQ*HE*N19~
SVC*HC>87426>QW*74.26*55.62*0300*1~
DTM*472*20211227~
CAS*CO*45*18.64~
REF*6R*401099648.20211227.9~
AMT*B6*55.62~
SVC*HC>C9803>CS*26.52*19.86*0300*1~
DTM*472*20211227~
CAS*CO*45*6.66~
REF*6R*401099647.20211227.10~
AMT*B6*19.86~
SVC*HC>87275*75.59*56.62*0302*1~
DTM*472*20211227~
CAS*CO*45*18.97~
REF*6R*401048800.20211227.11~
AMT*B6*56.62~
SVC*HC>87880>QW*68.54*51.34*0302*1~
DTM*472*20211227~
CAS*CO*45*17.2~
REF*6R*401028780.20211227.12~
AMT*B6*51.34~
SVC*HC>71045*356.67*267.15*0324*1~
DTM*472*20211227~
CAS*CO*45*89.52~
REF*6R*404013800.20211227.13~
AMT*B6*267.15~
SVC*HC>94640*146.14*109.46*0410*1~
DTM*472*20211227~
CAS*CO*45*36.68~
REF*6R*317068900.20211227.14~
AMT*B6*109.46~
SVC*HC>94640>76*146.14*0*0410*0**1~
DTM*472*20211227~
CAS*CO*151*146.14*1~
REF*6R*317069000.20211227.15~
AMT*B6*109.46~
LQ*HE*N362~
SVC*HC>99284>25*1919.7*1437.86*0450*1~
DTM*472*20211227~
CAS*CO*45*481.84~
REF*6R*323001000.20211227.16~
AMT*B6*1437.86~
SVC*HC>94761>59*164.22*0*0460*0**1~
DTM*472*20211227~
CAS*CO*97*164.22*1~
REF*6R*317010010.20211227.17~
AMT*B6*123~
LQ*HE*N19~
SVC*HC>J7620*16*11.98*0637*2~
DTM*472*20211227~
CAS*CO*45*4.02~
REF*6R*407100135.20211227.18~
AMT*B6*11.98~
CLP*EFBH6956*1*774.96*580.45**12*ET36VJ52W0000*13*1~
NM1*QC*1*PADGETT*TRACY*L***MI*W240159476~
NM1*82*2*BAKER COUNTY MEDICAL SERVICES, INC.*****XX*1104926401~
REF*1L*0326415-010-00014- B~
REF*CE*Open Access Aetna Select  8480 NET 01564~
DTM*232*20220107~
DTM*233*20220107~
DTM*050*20220113~
PER*CX**TE*8886323862~
AMT*AU*774.96~
SVC*HC>76536*774.96*580.45*0402*1~
DTM*472*20220107~
CAS*CO*45*194.51~
REF*6R*404028200.20220107.1~
AMT*B6*580.45~
CLP*EFBH6344*1*7774.42*5697.52*100*12*EVACVJ5440000*13*1~
NM1*QC*1*IVORY*YOLANDA~
NM1*IL*1*IVORY*DARRYL****MI*W240154502~
NM1*82*2*BAKER COUNTY MEDICAL SERVICES, INC.*****XX*1104926401~
REF*1L*0326415-010-00021- B~
REF*CE*Open Access Aetna Select  8480 NET 01564~
DTM*232*20211228~
DTM*233*20211228~
DTM*050*20220113~
PER*CX**TE*8886323862~
AMT*AU*7774.42~
SVC*NU>0258*35*0**1~
DTM*472*20211228~
CAS*CO*45*8.78~
CAS*PR*3*26.22~
REF*6R*407000402.20211228.1~
AMT*B6*26.22~
SVC*HC>96365*218.7*90.03*0260*1~
DTM*472*20211228~
CAS*CO*45*54.89~
CAS*PR*3*73.78~
REF*6R*323007700.20211228.2~
AMT*B6*163.81~
SVC*HC>96374>59*116.92*87.57*0260*1~
DTM*472*20211228~
CAS*CO*45*29.35~
REF*6R*323061100.20211228.3~
AMT*B6*87.57~
SVC*HC>96375*82.65*61.9*0260*1~
DTM*472*20211228~
CAS*CO*45*20.75~
REF*6R*323071702.20211228.4~
AMT*B6*61.9~
SVC*NU>0270*87.55*65.57**3~
DTM*472*20211228~
CAS*CO*45*21.98~
REF*6R*325099496.20211228.5~
AMT*B6*65.57~
SVC*NU>0272*32.96*24.69**1~
DTM*472*20211228~
CAS*CO*45*8.27~
REF*6R*407034485.20211228.6~
AMT*B6*24.69~
SVC*HC>36415*14.83*0*0300*0**1~
DTM*472*20211228~
CAS*CO*97*14.83*1~
REF*6R*401050000.20211228.7~
AMT*B6*11.11~
LQ*HE*N19~
SVC*HC>81025*103.81*77.75*0300*1~
DTM*472*20211228~
CAS*CO*45*26.06~
REF*6R*401010840.20211228.8~
AMT*B6*77.75~
SVC*HC>80053*275.14*206.08*0301*1~
DTM*472*20211228~
CAS*CO*45*69.06~
REF*6R*401080120.20211228.9~
AMT*B6*206.08~
SVC*HC>81001*105.82*79.26*0301*1~
DTM*472*20211228~
CAS*CO*45*26.56~
REF*6R*401014250.20211228.10~
AMT*B6*79.26~
SVC*HC>83690*85.67*64.17*0301*1~
DTM*472*20211228~
CAS*CO*45*21.5~
REF*6R*401089700.20211228.11~
AMT*B6*64.17~
SVC*HC>85025*115.91*86.82*0305*1~
DTM*472*20211228~
CAS*CO*45*29.09~
REF*6R*401030100.20211228.12~
AMT*B6*86.82~
SVC*HC>74176>MH*4522.76*3387.55*0350*1~
DTM*472*20211228~
CAS*CO*45*1135.21~
REF*6R*406506116.20211228.13~
AMT*B6*3387.55~
SVC*HC>99284>25*1919.7*1437.86*0450*1~
DTM*472*20211228~
CAS*CO*45*481.84~
REF*6R*323001000.20211228.14~
AMT*B6*1437.86~
SVC*HC>J2270*30*14.88*0636*1~
DTM*472*20211228~
CAS*CO*45*15.12~
REF*6R*407100248.20211228.15~
AMT*B6*14.88~
SVC*HC>J2405*27*13.39*0636*4~
DTM*472*20211228~
CAS*CO*45*13.61~
REF*6R*407029450.20211228.16~
AMT*B6*13.39~
CLP*EFBH6712*1*100.78*75.48**13*EVJMVL3Z80000*13*1~
NM1*QC*1*ZALESNY*TAMARA****MI*12198973W~
NM1*74*1******C*W232821217~
NM1*82*2*BAKER COUNTY MEDICAL SERVICES, INC.*****XX*1104926401~
REF*1L*0895530-010-00301-KA~
REF*CE*Aetna HealthFund  Aetna Choice  POS II NET 00448~
DTM*232*20211228~
DTM*233*20211228~
DTM*050*20220113~
PER*CX**TE*8886323862~
AMT*AU*100.78~
SVC*HC>87426>QW*74.26*55.62*0300*1~
DTM*472*20211228~
CAS*CO*45*18.64~
REF*6R*401099648.20211228.1~
AMT*B6*55.62~
SVC*HC>C9803>CS*26.52*19.86*0300*1~
DTM*472*20211228~
CAS*CO*45*6.66~
REF*6R*401099647.20211228.2~
AMT*B6*19.86~
CLP*EFBH6345*1*2880.38*1928.67*214.32*13*EV36VMY3Q0000*13*1~
NM1*QC*1*TURNER*MICHAEL*B~
NM1*IL*1*BELL*LORI*D***MI*W247479762~
NM1*82*2*BAKER COUNTY MEDICAL SERVICES, INC.*****XX*1104926401~
REF*1L*0660377-031-00004-KD~
REF*CE*Aetna Choice  POS II NET 00448~
DTM*232*20211231~
DTM*233*20211231~
DTM*050*20220113~
PER*CX**TE*8886323862~
AMT*AU*2880.38~
SVC*NU>0250*38*25.61**1~
DTM*472*20211231~
CAS*CO*45*9.54~
CAS*PR*2*2.85~
REF*6R*407030560.20211231.1~
AMT*B6*28.46~
SVC*NU>0270*87.55*59.01**3~
DTM*472*20211231~
CAS*CO*45*21.98~
CAS*PR*2*6.56~
REF*6R*325099496.20211231.2~
AMT*B6*65.57~
SVC*NU>0270*31.83*21.46**1~
DTM*472*20211231~
CAS*CO*45*7.99~
CAS*PR*2*2.38~
REF*6R*325035560.20211231.4~
AMT*B6*23.84~
SVC*NU>0272*32.96*22.22**1~
DTM*472*20211231~
CAS*CO*45*8.27~
CAS*PR*2*2.47~
REF*6R*407034485.20211231.3~
AMT*B6*24.69~
SVC*HC>73090>RT>76*356.67*240.43*0320*1*HC>73090>76>RT~
DTM*472*20211231~
CAS*CO*45*89.52~
CAS*PR*2*26.72~
REF*6R*EDFM0000566664-9~
AMT*B6*267.15~
SVC*HC>73090>RT*356.67*240.43*0320*1~
DTM*472*20211231~
CAS*CO*45*89.52~
CAS*PR*2*26.72~
REF*6R*404058400.20211231.5~
AMT*B6*267.15~
SVC*HC>99284>25*1919.7*1294.07*0450*1~
DTM*472*20211231~
CAS*CO*45*481.84~
CAS*PR*2*143.79~
REF*6R*323001000.20211231.6~
AMT*B6*1437.86~
SVC*HC>J2270*30*13.39*0636*1~
DTM*472*20211231~
CAS*CO*45*15.12~
CAS*PR*2*1.49~
REF*6R*407100248.20211231.7~
AMT*B6*14.88~
SVC*HC>J2405*27*12.05*0636*4~
DTM*472*20211231~
CAS*CO*45*13.61~
CAS*PR*2*1.34~
REF*6R*407029450.20211231.8~
AMT*B6*13.39~
CLP*EFBH7265*1*543.23*406.87**12*E0PCVL9DW0000*13*1~
NM1*QC*1*HOLT*JODI*M***MI*W239763522~
NM1*82*2*BAKER COUNTY MEDICAL SERVICES, INC.*****XX*1104926401~
REF*1L*0326415-010-00021- B~
REF*CE*Open Access Aetna Select  8480 NET 01564~
DTM*232*20220111~
DTM*233*20220111~
DTM*050*20220117~
PER*CX**TE*8886323862~
AMT*AU*543.23~
SVC*HC>83520*327.55*245.33*0300*1~
DTM*472*20220111~
CAS*CO*45*82.22~
REF*6R*401098804.20220111.1~
AMT*B6*245.33~
SVC*HC>83993*215.68*161.54*0300*1~
DTM*472*20220111~
CAS*CO*45*54.14~
REF*6R*401000303.20220111.2~
AMT*B6*161.54~
CLP*EFBH7271*1*774.96*580.45**12*E1ACVPW3N0000*13*1~
NM1*QC*1*HOLMAN*GAIL*L***MI*W240143910~
NM1*82*2*BAKER COUNTY MEDICAL SERVICES, INC.*****XX*1104926401~
REF*1L*0326415-011-00100- B~
REF*CE*Open Access Aetna Select  8480 NET 01564~
DTM*232*20220111~
DTM*233*20220111~
DTM*050*20220117~
PER*CX**TE*8886323862~
AMT*AU*774.96~
SVC*HC>76536*774.96*580.45*0402*1~
DTM*472*20220111~
CAS*CO*45*194.51~
REF*6R*404028200.20220111.1~
AMT*B6*580.45~
CLP*EFBH7268*1*409.12*306.43**12*E1TXVPZ410000*13*1~
NM1*QC*1*ELLIS*RONNIE*B**III~
NM1*IL*1*ELLIS*RONNIE****MI*W240161321~
NM1*74*1**JRRONNIE~
NM1*82*2*BAKER COUNTY MEDICAL SERVICES, INC.*****XX*1104926401~
REF*1L*0326415-010-00014- B~
REF*CE*Open Access Aetna Select  8480 NET 01564~
DTM*232*20220111~
DTM*233*20220111~
DTM*050*20220117~
PER*CX**TE*8886323862~
AMT*AU*409.12~
SVC*HC>73562>RT*409.12*306.43*0320*1~
DTM*472*20220111~
CAS*CO*45*102.69~
REF*6R*404066002.20220111.1~
AMT*B6*306.43~
CLP*EFBH7274*1*592.69*443.92**12*E136VL8RH0000*13*1~
NM1*QC*1*WOOD*AMBER*M~
NM1*IL*1*WOOD*JIMMY*R***MI*W239761640~
NM1*82*2*BAKER COUNTY MEDICAL SERVICES, INC.*****XX*1104926401~
REF*1L*0326415-010-00014- B~
REF*CE*Open Access Aetna Select  8480 NET 01564~
DTM*232*20220111~
DTM*233*20220111~
DTM*050*20220117~
PER*CX**TE*8886323862~
AMT*AU*592.69~
SVC*HC>73521*592.69*443.92*0320*1~
DTM*472*20220111~
CAS*CO*45*148.77~
REF*6R*404063300.20220111.1~
AMT*B6*443.92~
CLP*EFBH7269*1*356.67*267.15**12*E2FCVP1BZ0000*13*1~
NM1*QC*1*FISH*LINDA*M~
NM1*IL*1*FISH*BENJAMIN*L***MI*W240140873~
NM1*82*2*BAKER COUNTY MEDICAL SERVICES, INC.*****XX*1104926401~
REF*1L*0326415-010-00014- B~
REF*CE*Open Access Aetna Select  8480 NET 01564~
DTM*232*20220111~
DTM*233*20220111~
DTM*050*20220117~
PER*CX**TE*8886323862~
AMT*AU*356.67~
SVC*HC>73110>LT*356.67*267.15*0320*1~
DTM*472*20220111~
CAS*CO*45*89.52~
REF*6R*404059300.20220111.1~
AMT*B6*267.15~
CLP*EFBH7272*1*2677.12*1905.18*100*12*E2PCVL8R60000*13*1~
NM1*QC*1*ROBINSON*RICK*I~
NM1*IL*1*ROBINSON*RICK*E***MI*W240159648~
NM1*82*2*BAKER COUNTY MEDICAL SERVICES, INC.*****XX*1104926401~
REF*1L*0326415-010-00021- B~
REF*CE*Open Access Aetna Select  8480 NET 01564~
DTM*232*20220111~
DTM*233*20220111~
DTM*050*20220117~
PER*CX**TE*8886323862~
AMT*AU*2677.12~
SVC*NU>0250*15*0**3~
DTM*472*20220111~
CAS*CO*45*3.76~
CAS*PR*3*11.24~
REF*6R*407006400.20220111.1~
AMT*B6*11.24~
SVC*HC>73610>LT*356.67*178.39*0320*1~
DTM*472*20220111~
CAS*CO*45*89.52~
CAS*PR*3*88.76~
REF*6R*404016330.20220111.2~
AMT*B6*267.15~
SVC*HC>71046*385.75*288.93*0324*1~
DTM*472*20220111~
CAS*CO*45*96.82~
REF*6R*404014600.20220111.3~
AMT*B6*288.93~
SVC*HC>99284>25*1919.7*1437.86*0450*1~
DTM*472*20220111~
CAS*CO*45*481.84~
REF*6R*323001000.20220111.4~
AMT*B6*1437.86~
CLP*EFBH7267*1*1222.4*804.48*100*12*E2Y1VMJ1M0000*13*1~
NM1*QC*1*DAVIS*JEFFREY*L***MI*W239745491~
NM1*82*2*BAKER COUNTY MEDICAL SERVICES, INC.*****XX*1104926401~
REF*1L*0326415-010-00012- B~
REF*CE*Open Access Aetna Select  8480 NET 01564~
DTM*232*20220111~
DTM*233*20220111~
DTM*050*20220117~
PER*CX**TE*8886323862~
AMT*AU*1222.4~
SVC*HC>36415*14.83*0*0300*0**1~
DTM*472*20220111~
CAS*CO*97*14.83*1~
REF*6R*401050000.20220111.1~
AMT*B6*11.11~
LQ*HE*N19~
SVC*HC>87275*75.59*0*0302*1~
DTM*472*20220111~
CAS*CO*45*18.97~
CAS*PR*3*56.62~
REF*6R*401048800.20220111.2~
AMT*B6*56.62~
SVC*HC>87880>QW*68.54*7.96*0302*1~
DTM*472*20220111~
CAS*CO*45*17.2~
CAS*PR*3*43.38~
REF*6R*401028780.20220111.3~
AMT*B6*51.34~
SVC*HC>99283>25*1063.44*796.52*0450*1~
DTM*472*20220111~
CAS*CO*45*266.92~
REF*6R*323000900.20220111.4~
AMT*B6*796.52~
CLP*EFBH5712*2*41484.99*1484**12*E8FCVL59G0000*11*1~
CAS*OA*23*25727.76~
CAS*PR*2*-250~
NM1*QC*1*HARVEY*TOMMY*A***MI*5HA8AY9RV35~
NM1*74*1******C*W240146983~
NM1*82*2*BAKER COUNTY MEDICAL SERVICES, INC.*****XX*1104926401~
REF*1L*0326415-013-00100- A~
REF*CE*Open Access Aetna Select  8480 NET 01564~
DTM*232*20211014~
DTM*233*20211019~
DTM*050*20220112~
PER*CX**TE*8886323862~
AMT*AU*3399~
SVC*NU>0120*3399*26961.76**5~
DTM*150*20211014~
DTM*151*20211018~
CAS*OA*23*14273.23**94*-38085.99~
CAS*PR*3*250~
REF*6R*302001000..1~
AMT*B6*27211.76~
SVC*NU>0250*6099*0**173~
DTM*150*20211014~
DTM*151*20211019~
CAS*CO*97*6099~
REF*6R*407100135..2~
LQ*HE*N20~
SVC*NU>0258*526*0**16~
DTM*150*20211014~
DTM*151*20211019~
CAS*CO*97*526~
REF*6R*407026474..3~
LQ*HE*N20~
SVC*NU>0260*7395.87*0**66~
DTM*150*20211014~
DTM*151*20211019~
CAS*CO*97*7395.87~
REF*6R*302060200..4~
LQ*HE*N20~
SVC*NU>0270*2420.5*0**54~
DTM*150*20211014~
DTM*151*20211019~
CAS*CO*97*2420.5~
REF*6R*317030350..5~
LQ*HE*N20~
SVC*NU>0272*638.6*0**19~
DTM*150*20211014~
DTM*151*20211019~
CAS*CO*97*638.6~
REF*6R*317015210..6~
LQ*HE*N20~
SVC*NU>0300*951.69*0**14~
DTM*150*20211014~
DTM*151*20211019~
CAS*CO*97*951.69~
REF*6R*401096480..7~
LQ*HE*N20~
SVC*NU>0301*2169.92*0**11~
DTM*150*20211014~
DTM*151*20211019~
CAS*CO*97*2169.92~
REF*6R*401080120..8~
LQ*HE*N20~
SVC*NU>0302*1435.2*0**4~
DTM*150*20211014~
DTM*151*20211019~
CAS*CO*97*1435.2~
REF*6R*401023900..9~
LQ*HE*N20~
SVC*NU>0305*689.39*0**6~
DTM*150*20211014~
DTM*151*20211019~
CAS*CO*97*689.39~
REF*6R*401030100..10~
LQ*HE*N20~
SVC*NU>0306*544.26*0**4~
DTM*150*20211014~
DTM*151*20211019~
CAS*CO*97*544.26~
REF*6R*401010690..11~
LQ*HE*N20~
SVC*NU>0324*356.67*0**1~
DTM*150*20211014~
DTM*151*20211019~
CAS*CO*97*356.67~
REF*6R*404013800..12~
LQ*HE*N20~
SVC*NU>0410*4512.79*0**31~
DTM*150*20211014~
DTM*151*20211019~
CAS*CO*97*4512.79~
REF*6R*317068900..13~
LQ*HE*N20~
SVC*NU>0450*2722.21*0**1~
DTM*150*20211014~
DTM*151*20211019~
CAS*CO*97*2722.21~
REF*6R*323001100..14~
LQ*HE*N20~
SVC*NU>0460*1149.54*0**7~
DTM*150*20211014~
DTM*151*20211019~
CAS*CO*97*1149.54~
REF*6R*317010010..15~
LQ*HE*N20~
SVC*NU>0483*2073.12*0**1~
DTM*150*20211014~
DTM*151*20211019~
CAS*CO*97*2073.12~
REF*6R*404087201..16~
LQ*HE*N20~
SVC*NU>0730*185.87*0**1~
DTM*150*20211014~
DTM*151*20211019~
CAS*CO*97*185.87~
REF*6R*403048100..17~
LQ*HE*N20~
SVC*NU>0732*4215.36*0**6~
DTM*150*20211014~
DTM*151*20211019~
CAS*CO*97*4215.36~
REF*6R*302005501..18~
LQ*HE*N20~
LX*2~
TS3*1902874225*22*20221231*1*405.9~
CLP*2220120078CL*1*405.9*0*405.9*13*EGJMW2GV90000*22*1~
NM1*QC*1*GRAHAM*WILLIE*E***MI*W23480644001~
NM1*74*1******C*W234806440~
NM1*82*2*BAKER COUNTY MEDICAL SERVICES*****XX*1104926401~
REF*1L*0473495-020-00001-AE~
REF*CE*Aetna Choice  POS II NET 03034~
DTM*232*20211203~
DTM*233*20211203~
DTM*050*20220117~
PER*CX**TE*8886323862~
AMT*AU*405.9~
SVC*HC>00813>QZ>P3*405.9*0**0**42~
DTM*472*20211203~
CAS*PR*96*405.9*42~
REF*6R*EDFP0000572991-1~
AMT*B6*405.9~
LQ*HE*N95~
SE*1127*0410~
ST*835*0411~
BPR*H*0*C*NON************20220119~
TRN*1*922019000271626*1066033492~
REF*EV*XXXXXXXXXXXXXXXXXXXXXXXXXXXXXX~
DTM*405*20220119~
N1*PR*AETNA~
N3*151 FARMINGTON AVENUE~
N4*HARTFORD*CT*06156~
REF*2U*60054~
PER*BL*Provider Service~
N1*PE*BAKER COUNTY MEDICAL SERVICES, INC.*XX*1104926401~
N3*PO BOX 484~
N4*MACCLENNY*FL*320630484~
REF*PQ*233165590~
REF*TJ*593202547~
LX*1~
TS3*1104926401*22*20221231*1*3275.56~
CLP*EFBH4837*1*3275.56*0**13*PM36WQVCX0000*13*1~
NM1*QC*1*ANDREPONT*PATRICIA~
NM1*IL*1*ANDREPONT*LUBERT*M***MI*W240367229~
NM1*82*2*BAKER COUNTY MEDICAL SERVICES, INC.*****XX*1104926401~
REF*G1*060725409~
REF*1L*0870133-011-00002-AB~
REF*CE*Aetna Open Access  Managed Choice NET 00448~
DTM*232*20211208~
DTM*233*20211208~
DTM*050*20220111~
PER*CX**TE*8886323862~
AMT*AU*3275.56~
SVC*HC>70551>MH*3275.56*0*0611*0**1~
DTM*472*20211208~
CAS*OA*193*3275.56*1~
REF*6R*406500016.20211208.1~
AMT*B6*3275.56~
LQ*HE*N1~
SE*36*0411~
ST*835*0412~
BPR*H*0*C*NON************20220119~
TRN*1*922019000271627*1066033492~
REF*EV*XXXXXXXXXXXXXXXXXXXXXXXXXXXXXX~
DTM*405*20220119~
N1*PR*AETNA~
N3*151 FARMINGTON AVENUE~
N4*HARTFORD*CT*06156~
REF*2U*60054~
PER*BL*Provider Service~
N1*PE*BAKER COUNTY MEDICAL SERVICES, INC.*XX*1386082220~
N3*159 N 3RD ST~
N4*MACCLENNY*FL*320632103~
REF*PQ*233165590~
REF*TJ*593202547~
LX*1~
TS3*1386082220*72*20221231*1*240~
CLP*2213630025CL*2*240*0**12*E3TXVLN100000*71*1~
CAS*OA*23*238.15~
NM1*QC*1*TURK*TERESA*D***MI*4W80PX3UJ14~
NM1*74*1******C*W239747176~
NM1*82*2*BAKER RURAL HEALTH CENTER, INC.*****XX*1386082220~
REF*1L*0326415-013-00100- A~
REF*CE*Open Access Aetna Select  8480~
DTM*232*20211228~
DTM*233*20211228~
DTM*050*20220115~
PER*CX**TE*8886323862~
AMT*AU*240~
SVC*HC>99213>CG>CS*240*238.15*0521*1~
DTM*472*20211228~
CAS*OA*23*1.85~
REF*6R*EDFP0000564919-1~
AMT*B6*238.15~
SE*35*0412~
ST*835*0414~
BPR*I*2798.35*C*ACH*CCP*01*011900445*DA*0000009046*1066033492**01*061201754*DA*2048615989*20220124~
TRN*1*822019000271635*1066033492~
REF*EV*XXXXXXXXXXXXXXXXXXXXXXXXXXXXXX~
DTM*405*20220119~
N1*PR*AETNA~
N3*151 FARMINGTON AVENUE~
N4*HARTFORD*CT*06156~
REF*2U*60054~
PER*BL*Provider Service~
N1*PE*BAKER COUNTY MEDICAL SERVICES, INC.*XX*1578822508~
N3*PO BOX 467~
N4*MACCLENNY*FL*320630467~
REF*PQ*233165590~
REF*TJ*593202547~
LX*1~
TS3*1003912635*23*20221231*6*2496.4~
CLP*2213630135CL*1*127.6*93.31**12*E5JMVCW140000*23*1~
NM1*QC*1*BAKER*JESSICA****MI*W256693410~
NM1*82*2*BAKER COUNTY MEDICAL SERVICES*****XX*1578822508~
REF*1L*0144255-013-00001-CA~
REF*CE*Open Access Aetna Select  8480~
DTM*232*20211225~
DTM*233*20211225~
DTM*050*20220103~
PER*CX**TE*8886323862~
AMT*AU*127.6~
SVC*HC>99283*127.6*93.31**1~
DTM*472*20211225~
CAS*CO*45*34.29~
REF*6R*EDFP0000564734-1~
AMT*B6*93.31~
CLP*2213650132CL*1*302*129.34**12*E536VJM0Z0000*23*1~
NM1*QC*1*BEHRENS*SAVANNA*F***MI*W245222109~
NM1*82*2*BAKER COUNTY MEDICAL SERVICES*****XX*1578822508~
REF*1L*0326415-010-00008- B~
REF*CE*Open Access Aetna Select  8480~
DTM*232*20211230~
DTM*233*20211230~
DTM*050*20220106~
PER*CX**TE*8886323862~
AMT*AU*302~
SVC*HC>10060>LT*302*129.34**1~
DTM*472*20211230~
CAS*CO*45*172.66~
REF*6R*EDFP0000567461-1~
AMT*B6*129.34~
CLP*2213630117CL*1*127.6*93.31**12*E6FCVFYJ70000*23*1~
NM1*QC*1*EVETT*JARED*D***MI*W264900028~
NM1*74*1**STACEY*L~
NM1*82*2*BAKER COUNTY MEDICAL SERVICES*****XX*1578822508~
REF*1L*0326415-010-00014- B~
REF*CE*Open Access Aetna Select  8480~
DTM*232*20211228~
DTM*233*20211228~
DTM*050*20220103~
PER*CX**TE*8886323862~
AMT*AU*127.6~
SVC*HC>99283*127.6*93.31**1~
DTM*472*20211228~
CAS*CO*45*34.29~
REF*6R*EDFP0000564733-1~
AMT*B6*93.31~
CLP*2213650209CL*1*1684*1515.6*168.4*13*E6FCVH0840000*23*1~
NM1*QC*1*TURNER*MICHAEL~
NM1*IL*1*BELL*LORI****MI*W247479762~
NM1*82*2*BAKER COUNTY MEDICAL SERVICES*****XX*1578822508~
REF*1L*0660377-031-00004-KD~
REF*CE*Aetna Choice  POS II~
DTM*232*20211231~
DTM*233*20211231~
DTM*050*20220106~
PER*CX**TE*8886323862~
AMT*AU*1684~
SVC*HC>25605>RT*1684*1515.6**1~
DTM*472*20211231~
CAS*PR*2*168.4~
REF*6R*EDFP0000567464-1~
AMT*B6*1684~
CLP*2213630069CL*1*127.6*93.31**13*E6PCVGMHD0000*23*1~
NM1*QC*1*GRAHAM*MICHAEL*L***MI*W234806440~
NM1*74*1**WILLIE*E~
NM1*82*2*BAKER COUNTY MEDICAL SERVICES*****XX*1578822508~
REF*1L*0473495-020-00001-AE~
REF*CE*Aetna Choice  POS II~
DTM*232*20211228~
DTM*233*20211228~
DTM*050*20220103~
PER*CX**TE*8886323862~
AMT*AU*127.6~
SVC*HC>99283*127.6*93.31**1~
DTM*472*20211228~
CAS*CO*45*34.29~
REF*6R*EDFP0000564732-1~
AMT*B6*93.31~
CLP*2213630205CL*1*127.6*127.6**13*E6Y1VGWZC0000*23*1~
NM1*QC*1*HARRIS*ROSETTE*O***MI*W251447196~
NM1*82*2*BAKER COUNTY MEDICAL SERVICES*****XX*1578822508~
REF*1L*0169475-024-00001-AG~
REF*CE*Aetna Choice  POS II~
DTM*232*20211226~
DTM*233*20211226~
DTM*050*20220103~
PER*CX**TE*8886323862~
AMT*AU*127.6~
SVC*HC>99283*127.6*127.6**1~
DTM*472*20211226~
REF*6R*EDFP0000564735-1~
AMT*B6*127.6~
LX*2~
TS3*1184682049*23*20221231*1*127.6~
CLP*2213650222CL*1*127.6*93.31**12*E5JMVFZTL0000*23*1~
NM1*QC*1*GANDY*BRELAND*L***MI*W247799273~
NM1*82*2*BAKER COUNTY MEDICAL SERVICES*****XX*1578822508~
REF*1L*0326415-010-00014- B~
REF*CE*Open Access Aetna Select  8480~
DTM*232*20211231~
DTM*233*20211231~
DTM*050*20220106~
PER*CX**TE*8886323862~
AMT*AU*127.6~
SVC*HC>99283*127.6*93.31**1~
DTM*472*20211231~
CAS*CO*45*34.29~
REF*6R*EDFP0000567465-1~
AMT*B6*93.31~
LX*3~
TS3*1922026061*23*20221231*3*612~
CLP*2213280101CL*1*242.2*0*242.2*13*EHPCV46JW0000*23*1~
NM1*QC*1*STEWART*WESTON****MI*W157485515~
NM1*74*1*GORDON*HUGH~
NM1*82*2*BAKER COUNTY MEDICAL SERVICES*****XX*1578822508~
REF*1L*0868598-018-00001-AB~
REF*CE*Aetna Choice  POS II~
DTM*232*20211120~
DTM*233*20211120~
DTM*050*20211130~
PER*CX**TE*8886323862~
AMT*AU*242.2~
SVC*HC>99284*242.2*0**0**1~
DTM*472*20211120~
CAS*PR*227*242.2*1~
REF*6R*EDFP0000548969-1~
AMT*B6*242.2~
LQ*HE*MA04~
LQ*HE*N179~
CLP*2213650056CL*1*242.2*158.53**12*E5TXVFZTH0000*23*1~
NM1*QC*1*TARTE*WALLACE*E***MI*W240146016~
NM1*82*2*BAKER COUNTY MEDICAL SERVICES*****XX*1578822508~
REF*1L*0326415-010-00014- A~
REF*CE*Open Access Aetna Select  8480~
DTM*232*20211230~
DTM*233*20211230~
DTM*050*20220106~
PER*CX**TE*8886323862~
AMT*AU*242.2~
SVC*HC>99284*242.2*158.53**1~
DTM*472*20211230~
CAS*CO*45*83.67~
REF*6R*EDFP0000567459-1~
AMT*B6*158.53~
CLP*2213650182CL*1*127.6*93.31**12*E536VJM0F0000*23*1~
NM1*QC*1*AMBROSE*BRUCE*K***MI*W239746195~
NM1*74*1**JOY*M~
NM1*82*2*BAKER COUNTY MEDICAL SERVICES*****XX*1578822508~
REF*1L*0326415-010-00014- B~
REF*CE*Open Access Aetna Select  8480~
DTM*232*20211230~
DTM*233*20211230~
DTM*050*20220106~
PER*CX**TE*8886323862~
AMT*AU*127.6~
SVC*HC>99283*127.6*93.31**1~
DTM*472*20211230~
CAS*CO*45*34.29~
REF*6R*EDFP0000567463-1~
AMT*B6*93.31~
LX*4~
TS3*1952322125*23*20221231*2*484.4~
CLP*2220040001CL*1*242.2*242.2**12*E5TXVFZSY0000*23*1~
NM1*QC*1*RUMSEY*CRYSTAL*L***MI*W240154884~
NM1*74*1**KEVIN*N~
NM1*82*2*BAKER COUNTY MEDICAL SERVICES*****XX*1578822508~
REF*1L*0326415-010-00014- B~
REF*CE*Open Access Aetna Select  8480~
DTM*232*20220101~
DTM*233*20220101~
DTM*050*20220106~
PER*CX**TE*8886323862~
AMT*AU*242.2~
SVC*HC>99284*242.2*242.2**1~
DTM*472*20220101~
REF*6R*EDFP0000567458-1~
AMT*B6*242.2~
CLP*2213630246CL*1*242.2*158.53**12*E7ACVC2340000*23*1~
NM1*QC*1*IVORY*YOLANDA****MI*W240154502~
NM1*74*1**DARRYL~
NM1*82*2*BAKER COUNTY MEDICAL SERVICES*****XX*1578822508~
REF*1L*0326415-010-00021- B~
REF*CE*Open Access Aetna Select  8480~
DTM*232*20211228~
DTM*233*20211228~
DTM*050*20220103~
PER*CX**TE*8886323862~
AMT*AU*242.2~
SVC*HC>99284*242.2*158.53**1~
DTM*472*20211228~
CAS*CO*45*83.67~
REF*6R*EDFP0000564737-1~
AMT*B6*158.53~
SE*211*0414~
ST*835*1479~
BPR*I*386.23*C*ACH*CCP*01*031100209*DA*0038865237*1066033492**01*061201754*DA*2048615989*20220121~
TRN*1*160118220237591*1066033492~
REF*EV*XXXXXXXXXXXXXXXXXXXXXXXXXXXXXX~
DTM*405*20220119~
N1*PR*AETNA~
N3*151 FARMINGTON AVENUE~
N4*HARTFORD*CT*06156~
REF*2U*60054~
PER*BL*Provider Service~
N1*PE*BAKER COUNTY MEDICAL SERVICES,*XX*1104926401~
N3*P.O. BOX 484~
N4*MACCLENNY*FL*32063~
REF*PQ*233165590~
REF*TJ*593202547~
LX*1~
TS3*1104926401*13*20221231*1*5204.1~
CLP*EFBH5916*1*5204.1*386.23*90*13*220114E109390000*13*1~
NM1*QC*1*SZARBAN*FRANCIS****MI*MEBTRH1T~
NM1*82*2*BAKER COUNTY MEDICAL SERVICES,*****XX*1104926401~
REF*1L*467101-017~
REF*CE*PREMIER PPO NET 03413~
DTM*232*20211227~
DTM*233*20211227~
DTM*050*20220114~
PER*CX**TE*8006240756~
AMT*AU*4809.82~
SVC*NU>0250*4*0**0**1~
DTM*472*20211227~
CAS*CO*97*4*1~
REF*6R*407058830.20211227.1~
LQ*HE*N130~
SVC*HC>96372>59*82.65*0*0260*0**1~
DTM*472*20211227~
CAS*CO*97*82.65*1~
REF*6R*323060300.20211227.2~
LQ*HE*N130~
SVC*HC>70486>MH*2890.12*109.78*0351*1~
DTM*472*20211227~
CAS*CO*45*2780.34~
REF*6R*406022320.20211227.3~
AMT*B6*109.78~
LQ*HE*N59~
SVC*HC>99284>25*1919.7*276.45*0450*1~
DTM*472*20211227~
CAS*CO*45*1553.25~
CAS*PR*3*90~
REF*6R*323001000.20211227.4~
AMT*B6*366.45~
LQ*HE*N59~
SVC*HC>90715*125*0*0636*0**1~
DTM*472*20211227~
CAS*CO*97*125*1~
REF*6R*407000108.20211227.5~
LQ*HE*N130~
SVC*HC>90471*182.63*0*0771*0**1~
DTM*472*20211227~
CAS*CO*97*182.63*1~
REF*6R*323060700.20211227.6~
LQ*HE*N130~
SE*61*1479~
GE*5*1~
IEA*1*100358959~
