ISA*00*          *00*          *ZZ*133052274      *ZZ*XXXXXXXXXXXXXXX*220119*0250*^*00501*100358959*0*P*>~
GS*HP*133052274*XX*20220119*0250*1*X*005010X221A1~
ST*835*0388~
BPR*I*2388.85*C*ACH*CCP*01*011900445*DA*0000009046*1066033492**01*072000326*DA*955236901*20220124~
TRN*1*822019000267021*1066033492~
REF*EV*XXXXXXXXXXXXXXXXXXXXXXXXXXXXXX~
DTM*405*20220119~
N1*PR*AETNA~
N3*151 FARMINGTON AVENUE~
N4*HARTFORD*CT*06156~
REF*2U*60054~
PER*BL*Provider Service~
N1*PE*BRONSON SOUTH HAVEN HOSPITAL*XX*1174749170~
N3*PO BOX 77000 DEPT 77933~
N4*DETROIT*MI*482772000~
REF*PQ*778300390~
REF*TJ*381676780~
LX*1~
TS3*1376840371*11*20221231*7*1120~
CLP*P1109453700*1*160*134*20*12*EBPCWZ4S90000*11*1~
NM1*QC*1*WINKEL*TREVOR*PAUL~
NM1*IL*1*WINKEL*TAMMY*M***MI*W154510339~
NM1*82*1*GOCZA RICHARDS*ILONA*M***XX*1174749170~
REF*1L*0100655-019-00613-DJ~
REF*CE*Open Choice NET 04632~
DTM*232*20220114~
DTM*233*20220114~
DTM*050*20220117~
PER*CX**TE*8886323862~
AMT*AU*160~
SVC*HC>99214*160*134**1~
DTM*472*20220114~
CAS*CO*45*6~
CAS*PR*3*20~
REF*6R*P1109453700-1~
AMT*B6*154~
CLP*P1109453440*1*160*134*20*12*EBY1W2S9P0000*11*1~
NM1*QC*1*PERRY*DENNIS*W**JR*MI*W179539066~
NM1*82*1*GOCZA RICHARDS*ILONA*M***XX*1174749170~
REF*1L*0100655-019-00613-DJ~
REF*CE*Open Choice NET 04632~
DTM*232*20220114~
DTM*233*20220114~
DTM*050*20220117~
PER*CX**TE*8886323862~
AMT*F5*20~
AMT*AU*160~
SVC*HC>99214*160*134**1~
DTM*472*20220114~
CAS*CO*45*6~
CAS*PR*3*20~
REF*6R*P1109453440-1~
AMT*B6*154~
CLP*P1109453460*1*160*0*154*12*ECJMW2L8Y0000*11*1~
NM1*QC*1*HARTMANN*JEAN****MI*W179633407~
NM1*82*1*GOCZA RICHARDS*ILONA*M***XX*1174749170~
REF*1L*0863124-019-00611-BB~
REF*CE*Aetna HealthFund  Open Choice  PPO NET 04632~
DTM*232*20220114~
DTM*233*20220114~
DTM*050*20220117~
PER*CX**TE*8886323862~
AMT*AU*160~
SVC*HC>99214*160*0**1~
DTM*472*20220114~
CAS*CO*45*6~
CAS*PR*1*154~
REF*6R*P1109453460-1~
AMT*B6*154~
CLP*P1109521930*1*160*134*20*12*ETJMVSGCB0000*11*1~
NM1*QC*1*SHIRLEY*LILY*BELLE~
NM1*IL*1*SHIRLEY*AMY*C***MI*W179752275~
NM1*82*1*GOCZA RICHARDS*ILONA*M***XX*1174749170~
REF*1L*0100655-019-00653-DJ~
REF*CE*Open Choice NET 04632~
DTM*232*20220117~
DTM*233*20220117~
DTM*050*20220118~
PER*CX**TE*8886323862~
AMT*AU*160~
SVC*HC>99214*160*134**1~
DTM*472*20220117~
CAS*CO*45*6~
CAS*PR*3*20~
REF*6R*P1109521930-1~
AMT*B6*154~
CLP*P1109453530*1*160*0*154*12*E3TXVMDVF0000*11*1~
NM1*QC*1*AVERY*JAKEN*E~
NM1*IL*1*AVERY*LORETTA*L***MI*W154511013~
NM1*82*1*GOCZA RICHARDS*ILONA*M***XX*1174749170~
REF*1L*0863124-019-00611-BB~
REF*CE*Aetna HealthFund  Open Choice  PPO NET 04632~
DTM*232*20220114~
DTM*233*20220114~
DTM*050*20220117~
PER*CX**TE*8886323862~
AMT*AU*160~
SVC*HC>99214*160*0**1~
DTM*472*20220114~
CAS*CO*45*6~
CAS*PR*1*154~
REF*6R*P1109453530-1~
AMT*B6*154~
CLP*P1109331070*1*160*134*20*12*E6Y1VNT940000*11*1~
NM1*QC*1*ROMANO*VINCENZO*IV~
NM1*IL*1*ROMANO*VINCENT***III*MI*W180147985~
NM1*82*1*GOCZA RICHARDS*ILONA*M***XX*1174749170~
REF*1L*0100655-019-00613-DJ~
REF*CE*Open Choice NET 04632~
DTM*232*20220112~
DTM*233*20220112~
DTM*050*20220113~
PER*CX**TE*8886323862~
AMT*AU*160~
SVC*HC>99214*160*134**1~
DTM*472*20220112~
CAS*CO*45*6~
CAS*PR*3*20~
REF*6R*P1109331070-1~
AMT*B6*154~
CLP*P1109331170*1*160*0*154*12*E736VKTS90000*11*1~
NM1*QC*1*MORENOGONZALEZ*FLOR*ESTELA~
NM1*IL*1*MORENOGONZALEZ*JORGE****MI*W263796551~
NM1*74*1*GONZALEZ~
NM1*82*1*GOCZA RICHARDS*ILONA*M***XX*1174749170~
REF*1L*0144229-016-00006-AZ~
REF*CE*Aetna HealthFund  Open Access Aetna Sele NET 04634~
DTM*232*20220112~
DTM*233*20220112~
DTM*050*20220113~
PER*CX**TE*8886323862~
AMT*AU*160~
SVC*HC>99214*160*0**1~
DTM*472*20220112~
CAS*CO*45*6~
CAS*PR*1*154~
REF*6R*P1109331170-1~
AMT*B6*154~
LX*2~
TS3*1346224086*22*20221231*1*118~
CLP*P1108809230*1*118*51.22**12*EPACWS5SV0000*22*1~
NM1*QC*1*VANDERMAAS*ROBERT****MI*W179539118~
NM1*82*1*CAUDILL*ALLAN*D***XX*1174749170~
REF*1L*0865358-019-00953-RA~
REF*CE*Open Choice NET 04632~
DTM*232*20211109~
DTM*233*20211109~
DTM*050*20211231~
PER*CX**TE*8886323862~
AMT*AU*118~
SVC*HC>97597*118*51.22**1~
DTM*472*20211109~
CAS*CO*45*66.78~
REF*6R*P1108809230-1~
AMT*B6*51.22~
LX*3~
TS3*1699887125*11*20221231*2*138~
CLP*P1109522270*1*110*0*110*12*EVJMVP1F20000*11*1~
NM1*QC*1*ALEMANGORDON*GABRIELLE****MI*W268437107~
NM1*74*1*ALEMAN-GORDON~
NM1*82*1*HEINRICH*SUSAN*P***XX*1174749170~
REF*1L*0174981-017-00001-BA~
REF*CE*Open Access Aetna Select  8480 NET 04634~
DTM*232*20220114~
DTM*233*20220114~
DTM*050*20220118~
PER*CX**TE*8886323862~
AMT*AU*110~
SVC*HC>99213*110*0**1~
DTM*472*20220114~
CAS*PR*1*110~
REF*6R*P1109522270-1~
AMT*B6*110~
CLP*P1107576110*1*28*0*18.14*12*E6FCTYMZ40000*11*1~
NM1*QC*1*WRIGHT*EBONY*DANIELLE~
NM1*IL*1*WRIGHT*GERALD*E***MI*W154510192~
NM1*82*1*HEINRICH*SUSAN*P***XX*1174749170~
REF*1L*0100655-019-00613-DJ~
REF*CE*Open Choice NET 04632~
DTM*232*20211101~
DTM*233*20211101~
DTM*050*20220111~
PER*CX**TE*8886323862~
AMT*AU*28~
SVC*HC>98966*28*0**1~
DTM*472*20211101~
CAS*CO*45*9.86~
CAS*PR*3*18.14~
REF*6R*P1107576110-1~
AMT*B6*18.14~
LX*4~
TS3*1861477903*11*20221231*2*270~
CLP*P1109388910*1*110*0*110*12*EZ36VLKL00000*11*1~
NM1*QC*1*MCCLURE*ISAAC*BRIAN~
NM1*IL*1*MCCLURE*CHRISTOPHER*N***MI*W196356525~
NM1*82*1*LODER*ANDREA*S***XX*1174749170~
REF*1L*0863124-019-00641-BB~
REF*CE*Aetna HealthFund  Open Choice  PPO NET 04632~
DTM*232*20220113~
DTM*233*20220113~
DTM*050*20220114~
PER*CX**TE*8886323862~
AMT*AU*110~
SVC*HC>99213*110*0**1~
DTM*472*20220113~
CAS*PR*1*110~
REF*6R*P1109388910-1~
AMT*B6*110~
CLP*P1108608990*1*160*140*20*12*E9ACT4RCF0000*11*1~
NM1*QC*1*FRENCH*ADALYNN~
NM1*IL*1*FRENCH*JAMIE*A***MI*W186556413~
NM1*82*1*LODER*ANDREA*S***XX*1174749170~
REF*1L*0100655-019-00643-DJ~
REF*CE*Open Choice NET 04632~
DTM*232*20211223~
DTM*233*20211223~
DTM*050*20211227~
PER*CX**TE*8886323862~
AMT*F5*20~
AMT*AU*160~
SVC*HC>99214*160*140**1~
DTM*472*20211223~
CAS*PR*3*20~
REF*6R*P1108608990-1~
AMT*B6*160~
LX*5~
TS3*1003309345*11*20221231*2*383~
CLP*P1109388440*1*166*119.72**12*EYY1VLKMG0000*11*1~
NM1*QC*1*PRICE*MICHAEL*G***MI*W179539106~
NM1*82*2*BRONSON SOUTH HAVEN HOME CARE*****XX*1174749170~
REF*1L*0100655-019-00643-DJ~
REF*CE*Open Choice NET 04632~
DTM*232*20220107~
DTM*233*20220107~
DTM*050*20220114~
PER*CX**TE*8886323862~
AMT*AU*166~
SVC*HC>99395*166*119.72**1~
DTM*472*20220107~
CAS*CO*45*46.28~
REF*6R*P1109388440-1~
AMT*B6*119.72~
CLP*P1109388810*1*217*119.03**13*EZACVLKLX0000*11*1~
CAS*PI*100*35~
NM1*QC*1*PARDUE*HARRELL****MI*W255417895~
NM1*82*2*BRONSON SOUTH HAVEN HOME CARE*****XX*1174749170~
REF*1L*0141086-010-00704- F~
REF*CE*Aetna Choice  POS II NET 04633~
DTM*232*20220107~
DTM*233*20220107~
DTM*050*20220114~
PER*CX**TE*8886323862~
AMT*F5*35~
AMT*AU*217~
SVC*HC>99386*217*154.03**1~
DTM*472*20220107~
CAS*CO*45*62.97~
REF*6R*P1109388810-1~
AMT*B6*154.03~
LX*6~
TS3*1417572827*11*20221231*1*160~
CLP*P1109331290*1*160*0*117.64*12*E6PCVNKLX0000*11*1~
NM1*QC*1*GORIL*ROBERT****MI*W160096224~
NM1*82*2*BRONSON SOUTH HAVEN HOME CARE*****XX*1174749170~
REF*1L*0863124-019-00611-BB~
REF*CE*Aetna HealthFund  Open Choice  PPO NET 04632~
DTM*232*20220112~
DTM*233*20220112~
DTM*050*20220113~
PER*CX**TE*8886323862~
AMT*AU*160~
SVC*HC>99214*160*0**1~
DTM*472*20220112~
CAS*CO*45*42.36~
CAS*PR*1*117.64~
REF*6R*P1109331290-1~
AMT*B6*117.64~
LX*7~
TS3*1508401019*11*20221231*1*110~
CLP*P1109331120*1*110*0*80.91*13*E736VKT050000*11*1~
NM1*QC*1*AMSDEN*PATRICIA****MI*W263561949~
NM1*82*2*BRONSON SOUTH HAVEN HOME CARE*****XX*1174749170~
REF*1L*0144229-010-00001- B~
REF*CE*Aetna HealthFund  Aetna Choice  POS II NET 04633~
DTM*232*20220104~
DTM*233*20220104~
DTM*050*20220113~
PER*CX**TE*8886323862~
AMT*AU*110~
SVC*HC>99213*110*0**1~
DTM*472*20220104~
CAS*CO*45*29.09~
CAS*PR*1*80.91~
REF*6R*P1109331120-1~
AMT*B6*80.91~
LX*8~
TS3*1598259434*11*20221231*2*138~
CLP*P1109453490*1*28*0*15.86*12*EC36WZQBP0000*11*1~
NM1*QC*1*JESSER*CARL*E***MI*W179580290~
NM1*82*2*BRONSON SOUTH HAVEN HOME CARE*****XX*1174749170~
REF*1L*0100655-019-00613-DJ~
REF*CE*Open Choice NET 04632~
DTM*232*20220114~
DTM*233*20220114~
DTM*050*20220117~
PER*CX**TE*8886323862~
AMT*AU*28~
SVC*HC>98966*28*0**1~
DTM*472*20220114~
CAS*CO*45*12.14~
CAS*PR*3*15.86~
REF*6R*P1109453490-1~
AMT*B6*15.86~
CLP*P1107641070*1*110*60.91*20*12*E6PCT0PMB0000*11*1~
NM1*QC*1*WRIGHT*EBONY*DANIELLE~
NM1*IL*1*WRIGHT*GERALD*E***MI*W154510192~
NM1*82*2*BRONSON SOUTH HAVEN HOME CARE*****XX*1174749170~
REF*1L*0100655-019-00613-DJ~
REF*CE*Open Choice NET 04632~
DTM*232*20211203~
DTM*233*20211203~
DTM*050*20220111~
PER*CX**TE*8886323862~
AMT*AU*110~
SVC*HC>99213*110*60.91**1~
DTM*472*20211203~
CAS*CO*45*29.09~
CAS*PR*3*20~
REF*6R*P1107641070-1~
AMT*B6*80.91~
LX*9~
TS3*1699762336*11*20221231*1*2690~
CLP*P1108809550*1*2690*729.14*12.57*12*EPACWS5RK0000*11*1~
CAS*PI*100*7.43~
NM1*QC*1*ELDER*MARIE*A***MI*W154463153~
NM1*82*1*NIKKEL*MARK*R***XX*1174749170~
REF*1L*0100655-019-00763-DJ~
REF*CE*Open Choice NET 04632~
DTM*232*20211215~
DTM*233*20211215~
DTM*050*20211231~
PER*CX**TE*8886323862~
AMT*F5*20~
AMT*AU*2690~
SVC*HC>99213>25*110*110**1~
DTM*472*20211215~
REF*6R*P1108809550-2~
AMT*B6*110~
SVC*HC>20610>RT*180*71.21**1~
DTM*472*20211215~
CAS*CO*45*96.22~
CAS*PR*2*12.57~
REF*6R*P1108809550-1~
AMT*B6*83.78~
SVC*HC>J7325*2400*555.36**48~
DTM*472*20211215~
CAS*CO*45*1844.64~
REF*6R*P1108809550-3~
AMT*B6*555.36~
LX*10~
TS3*1174633135*11*20221231*2*197~
CLP*P1108564410*1*87*59.03**13*E9RVT1MJV0000*11*1~
NM1*QC*1*MALDONADO*ABIGAIL*VANESSA~
NM1*IL*1*MALDONADO*GERARDO*Y***MI*W257132383~
NM1*82*1*WINTER*ROBERT*N***XX*1174749170~
REF*1L*0800103-019-00002-HE~
REF*CE*Aetna HealthFund  Aetna Choice  POS II NET 04633~
DTM*232*20211223~
DTM*233*20211223~
DTM*050*20211227~
PER*CX**TE*8886323862~
AMT*AU*87~
SVC*HC>90715*55*35.8**1~
DTM*472*20211223~
CAS*CO*45*19.2~
REF*6R*P1108564410-1~
AMT*B6*35.8~
SVC*HC>90471*32*23.23**1~
DTM*472*20211223~
CAS*CO*45*8.77~
REF*6R*P1108564410-2~
AMT*B6*23.23~
CLP*P1108564070*1*110*90*20*12*E903T4KTP0000*11*1~
NM1*QC*1*SCHOOLCRAFT*MADYSEN*TAYLOR~
NM1*IL*1*PILLARS*JOSEPH*ALAN***MI*W179580293~
NM1*82*1*WINTER*ROBERT*N***XX*1174749170~
REF*1L*0100655-019-00613-DJ~
REF*CE*Open Choice NET 04632~
DTM*232*20211223~
DTM*233*20211223~
DTM*050*20211227~
PER*CX**TE*8886323862~
AMT*AU*110~
SVC*HC>99213*110*90**1~
DTM*472*20211223~
CAS*PR*3*20~
REF*6R*P1108564070-1~
AMT*B6*110~
LX*11~
TS3*1336120427*11*20221231*1*160~
CLP*P1109388870*1*160*123.31*20*12*EYPCVLKML0000*11*1~
NM1*QC*1*KOLBERG*LEONARD*A~
NM1*IL*1*KOLBERG*RITA*S***MI*W154510929~
NM1*82*1*MILLER*BRICE*J***XX*1174749170~
REF*1L*0100655-019-00613-DJ~
REF*CE*Open Choice NET 04632~
DTM*232*20220113~
DTM*233*20220113~
DTM*050*20220114~
PER*CX**TE*8886323862~
AMT*F5*20~
AMT*AU*160~
SVC*HC>99214*160*123.31**1~
DTM*472*20220113~
CAS*CO*45*16.69~
CAS*PR*3*20~
REF*6R*P1109388870-1~
AMT*B6*143.31~
LX*12~
TS3*1013196534*11*20221231*2*220~
CLP*P1109521910*1*110*48.77*20*12*ETACVSBZ60000*11*1~
NM1*QC*1*PRICE*PAISLEY*ANN~
NM1*IL*1*PRICE*MICHAEL*G***MI*W179539106~
NM1*82*1*LAPENNA*NICHOLAS*S***XX*1174749170~
REF*1L*0100655-019-00643-DJ~
REF*CE*Open Choice NET 04632~
DTM*232*20220117~
DTM*233*20220117~
DTM*050*20220118~
PER*CX**TE*8886323862~
AMT*F5*20~
AMT*AU*110~
SVC*HC>99213*110*48.77**1~
DTM*472*20220117~
CAS*CO*45*41.23~
CAS*PR*3*20~
REF*6R*P1109521910-1~
AMT*B6*68.77~
CLP*P1109521920*1*110*48.77*20*12*ET36VM28M0000*11*1~
NM1*QC*1*WOLFE*JOCELYN~
NM1*IL*1*PRICE*MICHAEL*G***MI*W179539106~
NM1*82*1*LAPENNA*NICHOLAS*S***XX*1174749170~
REF*1L*0100655-019-00643-DJ~
REF*CE*Open Choice NET 04632~
DTM*232*20220117~
DTM*233*20220117~
DTM*050*20220118~
PER*CX**TE*8886323862~
AMT*F5*20~
AMT*AU*110~
SVC*HC>99213*110*48.77**1~
DTM*472*20220117~
CAS*CO*45*41.23~
CAS*PR*3*20~
REF*6R*P1109521920-1~
AMT*B6*68.77~
LX*13~
TS3*1619069606*11*20221231*3*498~
CLP*P1109522230*1*178*139.64**12*EVTXVPTT60000*11*1~
NM1*QC*1*MAYS*VIVIAN*E***MI*W460836576~
NM1*82*1*MCDOWELL*RUTH****XX*1174749170~
REF*1L*0100655-019-00663-DJ~
REF*CE*Open Choice NET 04632~
DTM*232*20220112~
DTM*233*20220112~
DTM*050*20220118~
PER*CX**TE*8886323862~
AMT*AU*178~
SVC*HC>99396*178*139.64**1~
DTM*472*20220112~
CAS*CO*45*38.36~
REF*6R*P1109522230-1~
AMT*B6*139.64~
CLP*P1109522250*1*160*123.31*20*12*EV36VQWJ40000*11*1~
NM1*QC*1*WALKER*EUNICE*M***MI*W183587166~
NM1*82*1*MCDOWELL*RUTH****XX*1174749170~
REF*1L*0100655-019-00643-DJ~
REF*CE*Open Choice NET 04632~
DTM*232*20220114~
DTM*233*20220114~
DTM*050*20220118~
PER*CX**TE*8886323862~
AMT*F5*20~
AMT*AU*160~
SVC*HC>99214*160*123.31**1~
DTM*472*20220114~
CAS*CO*45*16.69~
CAS*PR*3*20~
REF*6R*P1109522250-1~
AMT*B6*143.31~
CLP*P1109331200*1*160*0*143.31*13*E7ACVK0QL0000*10*1~
NM1*QC*1*FAIRLEY*AUBREY****MI*W264589265~
NM1*82*1*MCDOWELL*RUTH****XX*1174749170~
REF*1L*0868991-019-00001- T~
REF*CE*Aetna Choice  POS II NET 04633~
DTM*232*20220112~
DTM*233*20220112~
DTM*050*20220113~
PER*CX**TE*8886323862~
AMT*AU*160~
SVC*HC>99214>95*160*0**1~
DTM*472*20220112~
CAS*CO*45*16.69~
CAS*PR*1*143.31~
REF*6R*P1109331200-1~
AMT*B6*143.31~
SE*505*0388~
ST*835*1319~
BPR*I*28.49*C*ACH*CCP*01*031100209*DA*0038865237*1066033492**01*072000326*DA*955236901*20220121~
TRN*1*160118220239080*1066033492~
REF*EV*XXXXXXXXXXXXXXXXXXXXXXXXXXXXXX~
DTM*405*20220119~
N1*PR*AETNA~
N3*151 FARMINGTON AVENUE~
N4*HARTFORD*CT*06156~
REF*2U*60054~
PER*BL*Provider Service~
N1*PE*BRONSON SOUTH HAVEN HOSPITAL*XX*1174749170~
N3*PO BOX 77000 DEPT 77933~
N4*DETROIT*MI*482772000~
REF*PQ*778300390~
REF*TJ*381676780~
LX*1~
TS3*1598259434*11*20221231*1*77~
CLP*P1108380610*1*77*28.49**13*211221E233040002*11*1~
NM1*QC*1*DURAND*WILLIAM*R***MI*MEBTLC1M~
NM1*82*2*BRONSON SOUTH HAVEN HOSPITAL*****XX*1598259434~
REF*1L*467478-067~
REF*CE*WEST ADV PLAN 125 NET 03957~
DTM*232*20211217~
DTM*233*20211217~
DTM*050*20211221~
PER*CX**TE*8006240756~
AMT*AU*77~
SVC*HC>G0179*77*28.49**1~
DTM*472*20211217~
CAS*CO*45*48.51~
REF*6R*P1108380610-1~
AMT*B6*28.49~
LQ*HE*N59~
SE*34*1319~
ST*835*1321~
BPR*I*241.77*C*ACH*CCP*01*031100209*DA*0038865237*1066033492**01*072000326*DA*955236901*20220121~
TRN*1*160118220246013*1066033492~
REF*EV*XXXXXXXXXXXXXXXXXXXXXXXXXXXXXX~
DTM*405*20220119~
N1*PR*AETNA~
N3*151 FARMINGTON AVENUE~
N4*HARTFORD*CT*06156~
REF*2U*60054~
PER*BL*Provider Service~
N1*PE*BRONSON SOUTH HAVEN HOSPITAL*XX*1174749170~
N3*P.O. BOX 77000-DEPT.  77933~
N4*DETROIT*MI*48277~
REF*PQ*778300390~
REF*TJ*381676780~
LX*1~
TS3*1598259434*11*20221231*3*447~
CLP*P1107223910*1*247*115.82*10*13*211124E693520002*11*1~
NM1*QC*1*SCHIELE*RICHARD*G***MI*MEBTKYNJ~
NM1*82*2*BRONSON SOUTH HAVEN HOSPITAL*****XX*1598259434~
REF*1L*467478-067~
REF*CE*WEST ADV PLAN 125~
DTM*232*20211123~
DTM*233*20211123~
DTM*050*20211124~
PER*CX**TE*8006240756~
AMT*I*.13~
AMT*F5*10~
AMT*AU*160~
SVC*HC>99214>25*160*115.82**1~
DTM*472*20211123~
CAS*CO*45*34.18~
CAS*PR*3*10~
REF*6R*P1107223910-1~
AMT*B6*125.82~
LQ*HE*N6~
SVC*HC>90715*55*0**0**1~
DTM*472*20211123~
CAS*CO*109*55*1~
REF*6R*P1107223910-2~
LQ*HE*N418~
SVC*HC>90471*32*0**0**1~
DTM*472*20211123~
CAS*CO*109*32*1~
REF*6R*P1107223910-3~
LQ*HE*N418~
CLP*P1108380620*1*160*125.82**13*211221E042920003*11*1~
NM1*QC*1*DURAND*WILLIAM*R***MI*MEBTLC1M~
NM1*82*2*BRONSON SOUTH HAVEN HOSPITAL*****XX*1598259434~
REF*1L*467478-067~
REF*CE*WEST ADV PLAN 125~
DTM*232*20211220~
DTM*233*20211220~
DTM*050*20211221~
PER*CX**TE*8006240756~
AMT*F5*10~
AMT*AU*160~
SVC*HC>99214*160*125.82**1~
DTM*472*20211220~
CAS*CO*45*34.18~
REF*6R*P1108380620-1~
AMT*B6*125.82~
LQ*HE*N6~
CLP*P1108380600*1*40*0**13*211221E659190002*11*1~
NM1*QC*1*DURAND*WILLIAM*R***MI*MEBTLC1M~
NM1*82*2*BRONSON SOUTH HAVEN HOSPITAL*****XX*1598259434~
REF*1L*467478-067~
REF*CE*WEST ADV PLAN 125~
DTM*232*20211220~
DTM*233*20211220~
DTM*050*20211221~
PER*CX**TE*8006240756~
SVC*HC>G9007*40*0**0**1~
DTM*472*20211220~
CAS*CO*97*40*1~
REF*6R*P1108380600-1~
LQ*HE*N19~
PLB*1174749170*20221231*L6*-.13~
SE*79*1321~
GE*3*1~
IEA*1*100358959~
