ISA*00*          *00*          *ZZ*133052274      *ZZ*XXXXXXXXXXXXXXX*220119*0250*^*00501*100358959*0*P*>~
GS*HP*133052274*XX*20220119*0250*1*X*005010X221A1~
ST*835*0840~
BPR*H*0*C*NON************20220119~
TRN*1*922019000348922*1066033492~
REF*EV*XXXXXXXXXXXXXXXXXXXXXXXXXXXXXX~
DTM*405*20220119~
N1*PR*AETNA~
N3*151 FARMINGTON AVENUE~
N4*HARTFORD*CT*06156~
REF*2U*60054~
PER*BL*Provider Service~
N1*PE*VAN WERT COUNTY HOSPITAL ASSOCIATION*XX*1942267760~
N3*1250 S WASHINGTON ST~
N4*VAN WERT*OH*458912551~
REF*PQ*714606770~
REF*TJ*344429514~
LX*1~
TS3*1942267760*11*20221231*3*135~
CLP*VW6110079560200*22*-5184.11*-3806.86**13*EZACQNYP50000*13*1~
NM1*QC*1*BOYER*LLOYD*E~
NM1*IL*1*BOYER*CAROL*S***MI*W197027293~
NM1*82*2*VAN WERT COUNTY HOSPITAL*****XX*1942267760~
MOA***MA15~
REF*1L*0835867-010-00012- A~
REF*CE*Aetna Choice  POS II NET 00414~
DTM*232*20210516~
DTM*233*20210517~
DTM*050*20210603~
PER*CX**TE*8886323862~
SVC*HC>J0360*-14.32*-10.77*0636*1~
DTM*472*20210516~
CAS*CO*45*-.86~
CAS*PR*2*-2.69~
REF*6R*VWCH0001110635-19~
SVC*HC>J1885*-52.5*-39.48*0636*2~
DTM*472*20210517~
CAS*CO*45*-3.15~
CAS*PR*2*-9.87~
REF*6R*VWCH0001110635-43~
SVC*HC>J2765*-9.75*-7.34*0636*1~
DTM*472*20210517~
CAS*CO*45*-.58~
CAS*PR*2*-1.83~
REF*6R*VWCH0001110635-44~
SVC*HC>J1200*-5.76*-4.33*0636*1~
DTM*472*20210517~
CAS*CO*45*-.35~
CAS*PR*2*-1.08~
REF*6R*VWCH0001110635-42~
SVC*HC>J2405*-96.2*-72.34*0636*4~
DTM*472*20210516~
CAS*CO*45*-5.77~
CAS*PR*2*-18.09~
REF*6R*VWCH0001110635-23~
SVC*HC>J2270*-11.24*-8.46*0636*1~
DTM*472*20210516~
CAS*CO*45*-.67~
CAS*PR*2*-2.11~
REF*6R*VWCH0001110635-22~
SVC*HC>J2270*-11.57*-8.7*0636*1~
DTM*472*20210516~
CAS*CO*45*-.69~
CAS*PR*2*-2.18~
REF*6R*VWCH0001110635-21~
SVC*HC>J1170*-31.14*-23.42*0636*2~
DTM*472*20210516~
CAS*CO*45*-1.87~
CAS*PR*2*-5.85~
REF*6R*VWCH0001110635-20~
SVC*HC>G0378*-919.8*-691.69*0762*12~
DTM*472*20210517~
CAS*PR*2*-172.92~
REF*6R*VWCH0001110635-45~
SVC*NU>0250*-61.98*-46.61**10~
DTM*472*20210516~
CAS*CO*45*-3.72~
CAS*PR*2*-11.65~
REF*6R*VWCH0001110635-1~
SVC*NU>0250*-116.35*-87.5**15~
DTM*472*20210517~
CAS*CO*45*-6.98~
CAS*PR*2*-21.87~
REF*6R*VWCH0001110635-25~
SVC*NU>0258*-17.5*-13.16**1~
DTM*472*20210517~
CAS*CO*45*-1.05~
CAS*PR*2*-3.29~
REF*6R*VWCH0001110635-26~
SVC*NU>0258*-35*-26.32**2~
DTM*472*20210516~
CAS*CO*45*-2.1~
CAS*PR*2*-6.58~
REF*6R*VWCH0001110635-2~
SVC*HC>99285>25*-1575*-1184.4*0450*1~
DTM*472*20210516~
CAS*CO*45*-94.5~
CAS*PR*2*-296.1~
REF*6R*VWCH0001110635-18~
SVC*NU>0270*-114.45*-86.06**1~
DTM*472*20210516~
CAS*CO*45*-6.87~
CAS*PR*2*-21.52~
REF*6R*VWCH0001110635-7~
SVC*HC>70486*-1293.6*-972.78*0351*1~
DTM*472*20210516~
CAS*CO*45*-77.62~
CAS*PR*2*-243.2~
REF*6R*VWCH0001110635-17~
SVC*HC>70450*-696.15*-523.5*0351*1~
DTM*472*20210516~
CAS*CO*59*-41.77~
CAS*PR*2*-130.88~
REF*6R*VWCH0001110635-16~
SVC*HC>96361*-121.8*0*0260*0**1~
DTM*472*20210516~
CAS*PI*B15*-121.8*1~
REF*6R*VWCH0001110635-3~
LQ*HE*N20~
LQ*HE*N674~
CLP*VW6110079560200*1*5184.11*3636.7*909.17*13*EZACQNYP50003*13*1~
NM1*QC*1*BOYER*LLOYD*E~
NM1*IL*1*BOYER*CAROL*S***MI*W197027293~
NM1*82*2*VAN WERT COUNTY HOSPITAL*****XX*1942267760~
MOA***MA15~
REF*1L*0835867-010-00012- A~
REF*CE*Aetna Choice  POS II NET 00414~
REF*F8*EZACQNYP50000~
DTM*232*20210516~
DTM*233*20210517~
DTM*050*20210603~
PER*CX**TE*8886323862~
AMT*AU*5184.11~
SVC*HC>J0360*14.32*10.77*0636*1~
DTM*472*20210516~
CAS*CO*45*.86~
CAS*PR*2*2.69~
REF*6R*VWCH0001110635-19~
AMT*B6*13.46~
SVC*HC>J1885*52.5*39.48*0636*2~
DTM*472*20210517~
CAS*CO*45*3.15~
CAS*PR*2*9.87~
REF*6R*VWCH0001110635-43~
AMT*B6*49.35~
SVC*HC>J2765*9.75*7.34*0636*1~
DTM*472*20210517~
CAS*CO*45*.58~
CAS*PR*2*1.83~
REF*6R*VWCH0001110635-44~
AMT*B6*9.17~
SVC*HC>J1200*5.76*4.33*0636*1~
DTM*472*20210517~
CAS*CO*45*.35~
CAS*PR*2*1.08~
REF*6R*VWCH0001110635-42~
AMT*B6*5.41~
SVC*HC>J2405*96.2*72.34*0636*4~
DTM*472*20210516~
CAS*CO*45*5.77~
CAS*PR*2*18.09~
REF*6R*VWCH0001110635-23~
AMT*B6*90.43~
SVC*HC>J2270*11.24*8.46*0636*1~
DTM*472*20210516~
CAS*CO*45*.67~
CAS*PR*2*2.11~
REF*6R*VWCH0001110635-22~
AMT*B6*10.57~
SVC*HC>J2270*11.57*8.7*0636*1~
DTM*472*20210516~
CAS*CO*45*.69~
CAS*PR*2*2.18~
REF*6R*VWCH0001110635-21~
AMT*B6*10.88~
SVC*HC>J1170*31.14*23.42*0636*2~
DTM*472*20210516~
CAS*CO*45*1.87~
CAS*PR*2*5.85~
REF*6R*VWCH0001110635-20~
AMT*B6*29.27~
SVC*HC>G0378*919.8*691.69*0762*12~
DTM*472*20210517~
CAS*CO*45*55.19~
CAS*PR*2*172.92~
REF*6R*VWCH0001110635-45~
AMT*B6*864.61~
SVC*NU>0250*61.98*46.61**10~
DTM*472*20210516~
CAS*CO*45*3.72~
CAS*PR*2*11.65~
REF*6R*VWCH0001110635-1~
AMT*B6*58.26~
SVC*NU>0250*116.35*87.5**15~
DTM*472*20210517~
CAS*CO*45*6.98~
CAS*PR*2*21.87~
REF*6R*VWCH0001110635-25~
AMT*B6*109.37~
SVC*NU>0258*17.5*13.16**1~
DTM*472*20210517~
CAS*CO*45*1.05~
CAS*PR*2*3.29~
REF*6R*VWCH0001110635-26~
AMT*B6*16.45~
SVC*NU>0258*35*26.32**2~
DTM*472*20210516~
CAS*CO*45*2.1~
CAS*PR*2*6.58~
REF*6R*VWCH0001110635-2~
AMT*B6*32.9~
SVC*HC>99285>25*1575*1184.4*0450*1~
DTM*472*20210516~
CAS*CO*45*94.5~
CAS*PR*2*296.1~
REF*6R*VWCH0001110635-18~
AMT*B6*1480.5~
SVC*NU>0270*114.45*86.06**1~
DTM*472*20210516~
CAS*CO*45*6.87~
CAS*PR*2*21.52~
REF*6R*VWCH0001110635-7~
AMT*B6*107.58~
SVC*HC>70486*1293.6*972.78*0351*1~
DTM*472*20210516~
CAS*CO*45*77.62~
CAS*PR*2*243.2~
REF*6R*VWCH0001110635-17~
AMT*B6*1215.98~
SVC*HC>70450*696.15*261.75*0351*1~
DTM*472*20210516~
CAS*CO*59*368.96~
CAS*PR*2*65.44~
REF*6R*VWCH0001110635-16~
AMT*B6*327.19~
SVC*HC>96361*121.8*91.59*0260*1~
DTM*472*20210516~
CAS*CO*45*7.31~
CAS*PR*2*22.9~
REF*6R*VWCH0001110635-3~
AMT*B6*114.49~
CLP*VW6110100659000*1*135*0*135*13*E6Y1TWL8H0000*13*1~
NM1*QC*1*FOSTER*JEFFREY*A***MI*W225125213~
NM1*82*2*VAN WERT COUNTY HOSPITAL*****XX*1942267760~
REF*1L*0835867-010-00101- A~
REF*CE*Aetna Choice  POS II NET 00414~
DTM*232*20211123~
DTM*233*20211123~
DTM*050*20211129~
PER*CX**TE*8886323862~
AMT*AU*135~
SVC*HC>87635*135*0*0306*0**1~
DTM*472*20211123~
CAS*PR*227*135*1~
REF*6R*VWCH0001320884-1~
AMT*B6*135~
LQ*HE*MA04~
LQ*HE*N179~
PLB*1942267760*20221231*FB>922019000348922*-170.16~
SE*258*0840~
ST*835*0904~
BPR*H*0*C*NON************20220117~
TRN*1*FC9220190004186*1066033492~
REF*EV*XXXXXXXXXXXXXXXXXXXXXXXXXXXXXX~
DTM*405*20220119~
N1*PR*AETNA~
N3*151 FARMINGTON AVENUE~
N4*HARTFORD*CT*06156~
REF*2U*60054~
PER*BL*Provider Service~
N1*PE*VAN WERT MEDICAL SERVICES, LTD.*XX*1982107975~
N3*PO BOX 447~
N4*MIDDLETOWN*OH*450420447~
REF*PQ*047090060~
REF*TJ*202812541~
LX*1~
TS3*1780647560*22*20221231*1*110~
CLP*6702759491*1*110*0**13*220114E110350000*22*1~
NM1*QC*1*MATHEW*DAVID*W***MI*MEBF7HCD~
NM1*82*2*VAN WERT MEDICAL SERVICES, LTD.*****XX*1780647560~
REF*1L*455716-060~
REF*CE*STRS PPO PLAN NET 03418~
DTM*232*20211129~
DTM*233*20211129~
DTM*050*20220114~
PER*CX**TE*8006240756~
SVC*HC>73502>26>RT*65*0**0**1~
DTM*472*20211129~
CAS*CO*B13*65*1~
REF*6R*VWMS0001380958-3~
SVC*HC>72220>26*15*0**0**1~
DTM*472*20211129~
CAS*CO*B13*15*1~
REF*6R*VWMS0001380958-1~
SVC*HC>72100>26*30*0**0**1~
DTM*472*20211129~
CAS*CO*B13*30*1~
REF*6R*VWMS0001380958-2~
SE*39*0904~
ST*835*0905~
BPR*I*26.67*C*ACH*CCP*01*031100209*DA*0038865237*1066033492**01*042200910*DA*5313613472*20220121~
TRN*1*160118220248876*1066033492~
REF*EV*XXXXXXXXXXXXXXXXXXXXXXXXXXXXXX~
DTM*405*20220119~
N1*PR*AETNA~
N3*151 FARMINGTON AVENUE~
N4*HARTFORD*CT*06156~
REF*2U*60054~
PER*BL*Provider Service~
N1*PE*VAN WERT MEDICAL SERVICES, LTD.*XX*1942268735~
N3*PO BOX 447~
N4*MIDDLETOWN*OH*450420447~
REF*PQ*047090060~
REF*TJ*202812541~
LX*1~
TS3*1780647560*23*20221231*4*235~
CLP*6702765530*1*33*8.89**13*220114E009840000*23*1~
NM1*QC*1*GOOD*RICHARD*B***MI*MEBD9VHX~
NM1*82*2*VAN WERT MEDICAL SERVICES, LTD.*****XX*1780647560~
REF*1L*466235-004~
REF*CE*SERS PPO PLAN NET 03418~
DTM*232*20211230~
DTM*233*20211230~
DTM*050*20220114~
PER*CX**TE*8006240756~
AMT*AU*33~
SVC*HC>71045>26*33*8.89**1~
DTM*472*20211230~
CAS*CO*45*24.11~
REF*6R*VWMS0001380891-1~
AMT*B6*8.89~
LQ*HE*N59~
CLP*6702765520*1*136*0**13*220114E034720000*23*1~
NM1*QC*1*GOOD*RICHARD*B***MI*MEBD9VHX~
NM1*82*2*VAN WERT MEDICAL SERVICES, LTD.*****XX*1780647560~
REF*1L*466235-004~
REF*CE*SERS PPO PLAN NET 03418~
DTM*232*20211230~
DTM*233*20211230~
DTM*050*20220114~
PER*CX**TE*8006240756~
SVC*HC>71275>26*136*0**0**1~
DTM*472*20211230~
CAS*CO*B13*136*1~
REF*6R*VWMS0001380890-1~
CLP*6702765650*1*33*8.89**13*220114E059960000*23*1~
NM1*QC*1*ICKES*GARY*E***MI*MEBTF1WT~
NM1*82*2*VAN WERT MEDICAL SERVICES, LTD.*****XX*1780647560~
REF*1L*467542-049~
REF*CE*MEDICARE (C03) ESA PPO PLAN NET 03418~
DTM*232*20211227~
DTM*233*20211227~
DTM*050*20220114~
PER*CX**TE*8006240756~
AMT*AU*33~
SVC*HC>71045>26*33*8.89**1~
DTM*472*20211227~
CAS*CO*45*24.11~
REF*6R*VWMS0001380808-1~
AMT*B6*8.89~
LQ*HE*N59~
CLP*6702765430*1*33*8.89**13*220114E059970000*23*1~
NM1*QC*1*OWENS*MARSHA*R***MI*MEBKK8KF~
NM1*82*2*VAN WERT MEDICAL SERVICES, LTD.*****XX*1780647560~
REF*1L*455716-060~
REF*CE*STRS PPO PLAN NET 03418~
DTM*232*20211229~
DTM*233*20211229~
DTM*050*20220114~
PER*CX**TE*8006240756~
AMT*AU*33~
SVC*HC>71045>26*33*8.89**1~
DTM*472*20211229~
CAS*CO*45*24.11~
REF*6R*VWMS0001380687-1~
AMT*B6*8.89~
LQ*HE*N59~
SE*79*0905~
ST*835*1280~
BPR*I*2787.45*C*ACH*CCP*01*031100209*DA*0038865237*1066033492**01*042200910*DA*5311708902*20220121~
TRN*1*160118220238370*1066033492~
REF*EV*XXXXXXXXXXXXXXXXXXXXXXXXXXXXXX~
DTM*405*20220119~
N1*PR*AETNA~
N3*151 FARMINGTON AVENUE~
N4*HARTFORD*CT*06156~
REF*2U*60054~
PER*BL*Provider Service~
N1*PE*VAN WERT COUNTY HOSPITAL*XX*1942267760~
N3*1250 S WASHINGTON STREET~
N4*VAN WERT*OH*45891~
REF*PQ*714606770~
REF*TJ*344429514~
LX*1~
TS3*1942267760*11*20221231*62*101675.93~
CLP*VW6110059899100*22*-26409.35*-18110.47**13*201007E774930000*11*1**470*1.9684~
NM1*QC*1*ROLLINS*JOHN*K***MI*MEBNKDMV~
NM1*82*2*VAN WERT COUNTY HOSPITAL*****XX*1942267760~
REF*G1*9598598~
REF*1L*466235-004~
REF*CE*SERS PPO PLAN NET 03418~
DTM*232*20200923~
DTM*233*20200925~
DTM*050*20201007~
PER*CX**TE*8006240756~
SVC*NU>0121*-866*-18110.47**1~
DTM*150*20200923~
DTM*151*20200924~
CAS*CO*45*17544.47~
CAS*PR*3*-300~
REF*6R*VWCH0000862631-1~
SVC*NU>0121*-1275*0**0**1~
DTM*150*20200924~
DTM*151*20200925~
CAS*CO*97*-1275*1~
REF*6R*VWCH0000862631-2~
LQ*HE*M2~
SVC*NU>0360*-4990*0**0**6~
DTM*150*20200923~
DTM*151*20200925~
CAS*CO*97*-4990*6~
REF*6R*VWCH0000862631-13~
LQ*HE*M2~
SVC*NU>0270*-56*0**0**2~
DTM*150*20200923~
DTM*151*20200925~
CAS*CO*97*-56*2~
REF*6R*VWCH0000862631-5~
LQ*HE*M2~
SVC*NU>0272*-2536*0**0**15~
DTM*150*20200923~
DTM*151*20200925~
CAS*CO*97*-2536*15~
REF*6R*VWCH0000862631-6~
LQ*HE*M2~
SVC*NU>0710*-491*0**0**3~
DTM*150*20200923~
DTM*151*20200925~
CAS*CO*97*-491*3~
REF*6R*VWCH0000862631-19~
LQ*HE*M2~
SVC*NU>0761*-536*0**0**2~
DTM*150*20200923~
DTM*151*20200925~
CAS*CO*97*-536*2~
REF*6R*VWCH0000862631-20~
LQ*HE*M2~
SVC*NU>0278*-11000*0**0**8~
DTM*150*20200923~
DTM*151*20200925~
CAS*CO*97*-11000*8~
REF*6R*VWCH0000862631-7~
LQ*HE*M2~
SVC*NU>0250*-1111.75*0**0**137~
DTM*150*20200923~
DTM*151*20200925~
CAS*CO*97*-1111.75*137~
REF*6R*VWCH0000862631-3~
LQ*HE*M2~
SVC*NU>0258*-26.6*0**0**2~
DTM*150*20200923~
DTM*151*20200925~
CAS*CO*97*-26.6*2~
REF*6R*VWCH0000862631-4~
LQ*HE*M2~
SVC*NU>0300*-523*0**0**6~
DTM*150*20200923~
DTM*151*20200925~
CAS*CO*97*-523*6~
REF*6R*VWCH0000862631-8~
LQ*HE*M2~
SVC*NU>0301*-532*0**0**20~
DTM*150*20200923~
DTM*151*20200925~
CAS*CO*97*-532*20~
REF*6R*VWCH0000862631-9~
LQ*HE*M2~
SVC*NU>0305*-168*0**0**2~
DTM*150*20200923~
DTM*151*20200925~
CAS*CO*97*-168*2~
REF*6R*VWCH0000862631-10~
LQ*HE*M2~
SVC*NU>0307*-28*0**0**1~
DTM*150*20200923~
DTM*151*20200925~
CAS*CO*97*-28*1~
REF*6R*VWCH0000862631-11~
LQ*HE*M2~
SVC*NU>0320*-158*0**0**1~
DTM*150*20200923~
DTM*151*20200925~
CAS*CO*97*-158*1~
REF*6R*VWCH0000862631-12~
LQ*HE*M2~
SVC*NU>0370*-918*0**0**7~
DTM*150*20200923~
DTM*151*20200925~
CAS*CO*97*-918*7~
REF*6R*VWCH0000862631-14~
LQ*HE*M2~
SVC*NU>0420*-441*0**0**5~
DTM*150*20200923~
DTM*151*20200925~
CAS*CO*97*-441*5~
REF*6R*VWCH0000862631-15~
LQ*HE*M2~
SVC*NU>0424*-269*0**0**1~
DTM*150*20200923~
DTM*151*20200925~
CAS*CO*97*-269*1~
REF*6R*VWCH0000862631-16~
LQ*HE*M2~
SVC*NU>0430*-287*0**0**3~
DTM*150*20200923~
DTM*151*20200925~
CAS*CO*97*-287*3~
REF*6R*VWCH0000862631-17~
LQ*HE*M2~
SVC*NU>0434*-197*0**0**1~
DTM*150*20200923~
DTM*151*20200925~
CAS*CO*97*-197*1~
REF*6R*VWCH0000862631-18~
LQ*HE*M2~
CLP*VW6110059899100*1*26409.35*0*300*13*201007E774930002*11*1**470*1.9684~
NM1*QC*1*ROLLINS*JOHN*K***MI*MEBNKDMV~
NM1*82*2*VAN WERT COUNTY HOSPITAL*****XX*1942267760~
REF*G1*9598598~
REF*1L*466235-004~
REF*CE*SERS PPO PLAN NET 03418~
REF*F8*201007E774930000~
DTM*232*20200923~
DTM*233*20200925~
DTM*050*20201007~
PER*CX**TE*8006240756~
AMT*AU*866~
SVC*NU>0121*866*0**1~
DTM*150*20200923~
DTM*151*20200924~
CAS*CO*5*566~
CAS*PR*3*300~
REF*6R*VWCH0000862631-1~
AMT*B6*18410.47~
LQ*HE*M77~
SVC*NU>0121*1275*0**0**1~
DTM*150*20200924~
DTM*151*20200925~
CAS*CO*97*1275*1~
REF*6R*VWCH0000862631-2~
LQ*HE*M2~
SVC*NU>0360*4990*0**0**6~
DTM*150*20200923~
DTM*151*20200925~
CAS*CO*97*4990*6~
REF*6R*VWCH0000862631-13~
LQ*HE*M2~
SVC*NU>0270*56*0**0**2~
DTM*150*20200923~
DTM*151*20200925~
CAS*CO*97*56*2~
REF*6R*VWCH0000862631-5~
LQ*HE*M2~
SVC*NU>0272*2536*0**0**15~
DTM*150*20200923~
DTM*151*20200925~
CAS*CO*97*2536*15~
REF*6R*VWCH0000862631-6~
LQ*HE*M2~
SVC*NU>0710*491*0**0**3~
DTM*150*20200923~
DTM*151*20200925~
CAS*CO*97*491*3~
REF*6R*VWCH0000862631-19~
LQ*HE*M2~
SVC*NU>0761*536*0**0**2~
DTM*150*20200923~
DTM*151*20200925~
CAS*CO*97*536*2~
REF*6R*VWCH0000862631-20~
LQ*HE*M2~
SVC*NU>0278*11000*0**0**8~
DTM*150*20200923~
DTM*151*20200925~
CAS*CO*97*11000*8~
REF*6R*VWCH0000862631-7~
LQ*HE*M2~
SVC*NU>0250*1111.75*0**0**137~
DTM*150*20200923~
DTM*151*20200925~
CAS*CO*97*1111.75*137~
REF*6R*VWCH0000862631-3~
LQ*HE*M2~
SVC*NU>0258*26.6*0**0**2~
DTM*150*20200923~
DTM*151*20200925~
CAS*CO*97*26.6*2~
REF*6R*VWCH0000862631-4~
LQ*HE*M2~
SVC*NU>0300*523*0**0**6~
DTM*150*20200923~
DTM*151*20200925~
CAS*CO*97*523*6~
REF*6R*VWCH0000862631-8~
LQ*HE*M2~
SVC*NU>0301*532*0**0**20~
DTM*150*20200923~
DTM*151*20200925~
CAS*CO*97*532*20~
REF*6R*VWCH0000862631-9~
LQ*HE*M2~
SVC*NU>0305*168*0**0**2~
DTM*150*20200923~
DTM*151*20200925~
CAS*CO*97*168*2~
REF*6R*VWCH0000862631-10~
LQ*HE*M2~
SVC*NU>0307*28*0**0**1~
DTM*150*20200923~
DTM*151*20200925~
CAS*CO*97*28*1~
REF*6R*VWCH0000862631-11~
LQ*HE*M2~
SVC*NU>0320*158*0**0**1~
DTM*150*20200923~
DTM*151*20200925~
CAS*CO*97*158*1~
REF*6R*VWCH0000862631-12~
LQ*HE*M2~
SVC*NU>0370*918*0**0**7~
DTM*150*20200923~
DTM*151*20200925~
CAS*CO*97*918*7~
REF*6R*VWCH0000862631-14~
LQ*HE*M2~
SVC*NU>0420*441*0**0**5~
DTM*150*20200923~
DTM*151*20200925~
CAS*CO*97*441*5~
REF*6R*VWCH0000862631-15~
LQ*HE*M2~
SVC*NU>0424*269*0**0**1~
DTM*150*20200923~
DTM*151*20200925~
CAS*CO*97*269*1~
REF*6R*VWCH0000862631-16~
LQ*HE*M2~
SVC*NU>0430*287*0**0**3~
DTM*150*20200923~
DTM*151*20200925~
CAS*CO*97*287*3~
REF*6R*VWCH0000862631-17~
LQ*HE*M2~
SVC*NU>0434*197*0**0**1~
DTM*150*20200923~
DTM*151*20200925~
CAS*CO*97*197*1~
REF*6R*VWCH0000862631-18~
LQ*HE*M2~
CLP*VW6110094004500*22*-516.6*-120.39**13*211117E162140003~
NM1*QC*1*LANGDON*KEITH*D***MI*MEBLNPKP~
NM1*82*2*VAN WERT COUNTY HOSPITAL*****XX*1942267760~
REF*1L*455716-060~
REF*CE*STRS PPO PLAN NET 02101~
DTM*232*20211005~
DTM*233*20211007~
DTM*050*20211117~
PER*CX**TE*8006240756~
SVC*HC>97110>GP*-199.5*-49.95*0420*2**1~
DTM*472*20211005~
CAS*CO*45*-147.47~
CAS*PR*3*-2.08~
LQ*HE*N59~
LQ*HE*N694~
SVC*HC>97140>GP*-117.6*-20.49*0420*1~
DTM*472*20211005~
CAS*CO*45*-96.26~
CAS*PR*3*-.85~
LQ*HE*N59~
LQ*HE*N694~
SVC*HC>97110>GP*-199.5*-49.95*0420*2**1~
DTM*472*20211007~
CAS*CO*45*-147.47~
CAS*PR*3*-2.08~
LQ*HE*N59~
LQ*HE*N694~
CLP*VW6110096607300*22*-2969.75*-1394.42**13*211125E340460002~
NM1*QC*1*FEASBY*STEPHEN*G***MI*MEBSG8VP~
NM1*82*2*VAN WERT COUNTY HOSPITAL*****XX*1942267760~
REF*1L*466235-004~
REF*CE*SERS PPO PLAN NET 02101~
DTM*232*20211119~
DTM*233*20211119~
DTM*050*20211125~
PER*CX**TE*8006240756~
SVC*NU>0250*-8.4*0**0**1~
DTM*472*20211119~
CAS*CO*97*-8.4*1~
LQ*HE*N130~
LQ*HE*N694~
SVC*NU>0258*-27.3*0**0**1~
DTM*472*20211119~
CAS*CO*97*-27.3*2~
LQ*HE*N130~
LQ*HE*N694~
SVC*NU>0272*-343.05*0**0**1~
DTM*472*20211119~
CAS*CO*97*-343.05*2~
LQ*HE*N130~
LQ*HE*N694~
SVC*HC>55700*-2102.1*-1394.42*0360*1~
DTM*472*20211119~
CAS*CO*B13*-52.56**45*-455.12~
CAS*PR*3*-200~
LQ*HE*N59~
LQ*HE*N694~
SVC*HC>00902*-266.7*0*0370*0**1~
DTM*472*20211119~
CAS*CO*97*-266.7*1~
LQ*HE*N130~
LQ*HE*N694~
SVC*HC>J1580*-9.62*0*0636*0**1~
DTM*472*20211119~
CAS*CO*97*-9.62*2~
LQ*HE*N130~
LQ*HE*N694~
SVC*HC>J2704*-14.51*0*0636*0**1~
DTM*472*20211119~
CAS*CO*97*-14.51*30~
LQ*HE*N130~
LQ*HE*N694~
SVC*HC>A9270>GY*-2.77*0*0637*0**1~
DTM*472*20211119~
CAS*PR*96*-2.77*1~
LQ*HE*N130~
LQ*HE*N694~
SVC*NU>0710*-195.3*0**0**1~
DTM*472*20211119~
CAS*CO*97*-195.3*3~
LQ*HE*N130~
LQ*HE*N694~
CLP*VW6110099607300*22*-88.25*-20.09**13*211206E302520003~
NM1*QC*1*HILVERS*CAROL*A***MI*MEBNZYXC~
NM1*82*2*VAN WERT COUNTY HOSPITAL*****XX*1942267760~
REF*1L*441297-006~
REF*CE*MEDICARE (S02) PPO PLAN NET 02101~
DTM*232*20211117~
DTM*233*20211117~
DTM*050*20211206~
PER*CX**TE*8006240756~
SVC*HC>82570*-17.65*-5.18*0301*1~
DTM*472*20211117~
CAS*CO*45*-12.47~
LQ*HE*N59~
LQ*HE*N694~
SVC*HC>84156*-17.65*-3.67*0301*1~
DTM*472*20211117~
CAS*CO*45*-13.98~
LQ*HE*N59~
LQ*HE*N694~
SVC*HC>87086*-31.38*-8.07*0306*1~
DTM*472*20211117~
CAS*CO*45*-23.31~
LQ*HE*N59~
LQ*HE*N694~
SVC*HC>81001*-21.57*-3.17*0307*1~
DTM*472*20211117~
CAS*CO*45*-18.4~
LQ*HE*N59~
LQ*HE*N694~
CLP*VW6110102436900*22*-2557.8*-329.86**13*211216E296630005~
NM1*QC*1*SHADRACH*ROBERT*A***MI*MEBVG52J~
NM1*82*2*VAN WERT COUNTY HOSPITAL*****XX*1942267760~
REF*1L*467098-029~
REF*CE*VALUE PPO NET 02101~
DTM*232*20211205~
DTM*233*20211205~
DTM*050*20211216~
PER*CX**TE*8006240756~
SVC*NU>0270*-114.45*0**0**1~
DTM*472*20211205~
CAS*CO*97*-114.45*1~
LQ*HE*N130~
LQ*HE*N694~
SVC*HC>36415*-21*0*0300*0**1~
DTM*472*20211205~
CAS*CO*97*-21*1~
LQ*HE*N130~
LQ*HE*N694~
SVC*HC>36415>59*-21*0*0300*0**1~
DTM*472*20211205~
CAS*CO*97*-21*1~
LQ*HE*N130~
LQ*HE*N694~
SVC*HC>80053*-309.75*0*0301*0**1~
DTM*472*20211205~
CAS*CO*97*-309.75*1~
LQ*HE*N130~
LQ*HE*N694~
SVC*HC>83605*-123.9*0*0301*0**1~
DTM*472*20211205~
CAS*CO*97*-123.9*1~
LQ*HE*N130~
LQ*HE*N694~
SVC*HC>84484*-115.5*0*0301*0**1~
DTM*472*20211205~
CAS*CO*97*-115.5*1~
LQ*HE*N130~
LQ*HE*N694~
SVC*HC>85025*-88.2*0*0305*0**1~
DTM*472*20211205~
CAS*CO*97*-88.2*1~
LQ*HE*N130~
LQ*HE*N694~
SVC*HC>87040*-88.2*0*0306*0**1~
DTM*472*20211205~
CAS*CO*97*-88.2*1~
LQ*HE*N130~
LQ*HE*N694~
SVC*HC>87040>91*-88.2*0*0306*0**1~
DTM*472*20211205~
CAS*CO*97*-88.2*1~
LQ*HE*N130~
LQ*HE*N694~
SVC*HC>71045*-165.9*-76.39*0324*1~
DTM*472*20211205~
CAS*CO*45*-89.51~
LQ*HE*N59~
LQ*HE*N694~
SVC*HC>99284>25*-1421.7*-253.47*0450*1~
DTM*472*20211205~
CAS*CO*45*-1078.23~
CAS*PR*3*-90~
LQ*HE*N59~
LQ*HE*N694~
CLP*VW6110096607302*1*4645.55*1440.49*202.77*13*211223E329700000*13*7~
NM1*QC*1*FEASBY*STEPHEN*G***MI*MEBSG8VP~
NM1*82*2*VAN WERT COUNTY HOSPITAL*****XX*1942267760~
REF*1L*466235-004~
REF*CE*SERS PPO PLAN NET 03418~
DTM*232*20211119~
DTM*233*20211119~
DTM*050*20211223~
PER*CX**TE*8006240756~
AMT*AU*2102.1~
SVC*NU>0250*8.4*0**0**1~
DTM*472*20211119~
CAS*CO*97*8.4*1~
REF*6R*VWCH0001353952-1~
LQ*HE*MA67~
LQ*HE*N130~
SVC*NU>0258*27.3*0**0**2~
DTM*472*20211119~
CAS*CO*97*27.3*2~
REF*6R*VWCH0001353952-2~
LQ*HE*MA67~
LQ*HE*N130~
SVC*NU>0272*343.05*0**0**2~
DTM*472*20211119~
CAS*CO*97*343.05*2~
REF*6R*VWCH0001353952-3~
LQ*HE*MA67~
LQ*HE*N130~
SVC*HC>88305*1675.8*0*0312*0**14~
DTM*472*20211119~
CAS*CO*97*1675.8*14~
REF*6R*VWCH0001353952-4~
LQ*HE*MA67~
LQ*HE*N130~
SVC*HC>55700*2102.1*1440.49*0360*1~
DTM*472*20211119~
CAS*CO*B13*52.56**45*409.05~
CAS*PR*2*200~
REF*6R*VWCH0001353952-5~
AMT*B6*1640.49~
LQ*HE*N59~
SVC*HC>00902*266.7*0*0370*0**1~
DTM*472*20211119~
CAS*CO*97*266.7*1~
REF*6R*VWCH0001353952-6~
LQ*HE*MA67~
LQ*HE*N130~
SVC*HC>J1580*9.62*0*0636*0**2~
DTM*472*20211119~
CAS*CO*97*9.62*2~
REF*6R*VWCH0001353952-7~
LQ*HE*MA67~
LQ*HE*N130~
SVC*HC>J2704*14.51*0*0636*0**30~
DTM*472*20211119~
CAS*CO*97*14.51*30~
REF*6R*VWCH0001353952-8~
LQ*HE*MA67~
LQ*HE*N130~
SVC*HC>A9270>GY*2.77*0*0637*0**1~
DTM*472*20211119~
CAS*PR*96*2.77*1~
REF*6R*VWCH0001353952-9~
LQ*HE*MA67~
LQ*HE*N130~
SVC*NU>0710*195.3*0**0**3~
DTM*472*20211119~
CAS*CO*97*195.3*3~
REF*6R*VWCH0001353952-10~
LQ*HE*MA67~
LQ*HE*N130~
CLP*VW6110101266000*1*889.35*231.97*9.66*13*220105E017940000*13*1~
NM1*QC*1*OKULEY*KAY*C***MI*MEBJTHJM~
NM1*82*2*VAN WERT COUNTY HOSPITAL*****XX*1942267760~
REF*1L*455716-060~
REF*CE*STRS PPO PLAN NET 03418~
DTM*232*20211201~
DTM*233*20211221~
DTM*050*20220105~
PER*CX**TE*8006240756~
AMT*AU*889.35~
SVC*HC>97110>GP*99.75*21.92*0420*1~
DTM*472*20211201~
CAS*CO*45*76.92~
CAS*PR*2*.91~
REF*6R*VWCH0001369081-1~
AMT*B6*22.83~
LQ*HE*N59~
SVC*HC>97112>GP*195.3*57.45*0420*2~
DTM*472*20211201~
CAS*CO*45*135.46~
CAS*PR*2*2.39~
REF*6R*VWCH0001369081-2~
AMT*B6*59.84~
LQ*HE*N59~
SVC*HC>97110>GP*199.5*43.83*0420*2~
DTM*472*20211215~
CAS*CO*45*153.84~
CAS*PR*2*1.83~
REF*6R*VWCH0001369081-3~
AMT*B6*45.66~
LQ*HE*N59~
SVC*HC>97112>GP*97.65*32.47*0420*1~
DTM*472*20211215~
CAS*CO*45*63.83~
CAS*PR*2*1.35~
REF*6R*VWCH0001369081-4~
AMT*B6*33.82~
LQ*HE*N59~
SVC*HC>97110>GP*199.5*43.83*0420*2~
DTM*472*20211221~
CAS*CO*45*153.84~
CAS*PR*2*1.83~
REF*6R*VWCH0001369081-5~
AMT*B6*45.66~
LQ*HE*N59~
SVC*HC>97112>GP*97.65*32.47*0420*1~
DTM*472*20211221~
CAS*CO*45*63.83~
CAS*PR*2*1.35~
REF*6R*VWCH0001369081-6~
AMT*B6*33.82~
LQ*HE*N59~
CLP*VW6110105298100*1*2025.45*430.97*25*13*220105E101030000*13*1~
NM1*QC*1*HECK*JAMES*A***MI*MEBFCGXZ~
NM1*82*2*VAN WERT COUNTY HOSPITAL*****XX*1942267760~
REF*1L*466235-003~
REF*CE*SERS PPO PLAN NET 03418~
DTM*232*20211227~
DTM*233*20211227~
DTM*050*20220105~
PER*CX**TE*8006240756~
AMT*AU*2025.45~
SVC*HC>93306*2025.45*430.97*0483*1~
DTM*472*20211227~
CAS*CO*45*1569.48~
CAS*PR*3*25~
REF*6R*VWCH0001368703-1~
AMT*B6*455.97~
LQ*HE*N59~
CLP*VW6110105642800*22*-2851.8*0**13*220105E101040003~
NM1*QC*1*LANE*SANDRA*L***MI*MEBVFCHC~
NM1*82*2*VAN WERT COUNTY HOSPITAL*****XX*1942267760~
REF*1L*467098-029~
REF*CE*VALUE PPO NET 02101~
DTM*232*20211227~
DTM*233*20211227~
DTM*050*20220105~
PER*CX**TE*8006240756~
SVC*HC>93306*-2025.45*0*0483*0**1~
DTM*472*20211227~
CAS*CO*96*-2025.45*1~
LQ*HE*N115~
LQ*HE*N694~
SVC*HC>71250*-826.35*0*0352*1~
DTM*472*20211227~
CAS*CO*45*-723.45~
CAS*PR*3*-102.9~
LQ*HE*N694~
CLP*VW6110104258300*1*413.7*98.78*4.12*13*220105E268160000*13*1~
NM1*QC*1*ROHRS*REESA****MI*MEBTZHRT~
NM1*82*2*VAN WERT COUNTY HOSPITAL*****XX*1942267760~
REF*1L*455716-060~
REF*CE*STRS PPO PLAN NET 03418~
DTM*232*20211227~
DTM*233*20211227~
DTM*050*20220105~
PER*CX**TE*8006240756~
AMT*AU*413.7~
SVC*HC>76856*413.7*98.78*0402*1~
DTM*472*20211227~
CAS*CO*45*310.8~
CAS*PR*2*4.12~
REF*6R*VWCH0001368928-1~
AMT*B6*102.9~
LQ*HE*N59~
CLP*VW6110105930100*1*180.56*3*48.77*13*220105E268170000*13*1~
NM1*QC*1*LANE*BETTY*J***MI*MEBTFTVT~
NM1*82*2*VAN WERT COUNTY HOSPITAL*****XX*1942267760~
REF*1L*467542-015~
REF*CE*MEDICARE (C03) ESA PPO PLAN NET 03418~
DTM*232*20211228~
DTM*233*20211228~
DTM*050*20220105~
PER*CX**TE*8006240756~
AMT*AU*180.56~
SVC*HC>84432*53.55*0*0301*1~
DTM*472*20211228~
CAS*CO*45*37.49~
CAS*PR*1*16.06~
REF*6R*VWCH0001368973-2~
AMT*B6*16.06~
SVC*HC>84443*56.86*0*0301*1~
DTM*472*20211228~
CAS*CO*45*40.06~
CAS*PR*1*16.8~
REF*6R*VWCH0001368973-3~
AMT*B6*16.8~
SVC*HC>86800*52.5*0*0302*1~
DTM*472*20211228~
CAS*CO*45*36.59~
CAS*PR*1*15.91~
REF*6R*VWCH0001368973-4~
AMT*B6*15.91~
SVC*HC>36415*17.65*3*0300*1~
DTM*472*20211228~
CAS*CO*45*14.65~
REF*6R*VWCH0001368973-1~
AMT*B6*3~
LQ*HE*N59~
CLP*VW6110100862100*1*1795.5*431.22*17.94*13*220105E268210000*13*1~
NM1*QC*1*JEWETT*HELEN*M***MI*MEBD32TR~
NM1*82*2*VAN WERT COUNTY HOSPITAL*****XX*1942267760~
REF*1L*455716-060~
REF*CE*STRS PPO PLAN NET 03418~
DTM*232*20211201~
DTM*233*20211223~
DTM*050*20220105~
PER*CX**TE*8006240756~
AMT*AU*1795.5~
SVC*HC>97110>GP*299.25*71.87*0420*3~
DTM*472*20211201~
CAS*CO*45*224.39~
CAS*PR*2*2.99~
REF*6R*VWCH0001369083-1~
AMT*B6*74.86~
LQ*HE*N59~
SVC*HC>97110>GP*299.25*71.87*0420*3~
DTM*472*20211208~
CAS*CO*45*224.39~
CAS*PR*2*2.99~
REF*6R*VWCH0001369083-2~
AMT*B6*74.86~
LQ*HE*N59~
SVC*HC>97110>GP*299.25*71.87*0420*3~
DTM*472*20211214~
CAS*CO*45*224.39~
CAS*PR*2*2.99~
REF*6R*VWCH0001369083-3~
AMT*B6*74.86~
LQ*HE*N59~
SVC*HC>97110>GP*299.25*71.87*0420*3~
DTM*472*20211216~
CAS*CO*45*224.39~
CAS*PR*2*2.99~
REF*6R*VWCH0001369083-4~
AMT*B6*74.86~
LQ*HE*N59~
SVC*HC>97110>GP*299.25*71.87*0420*3~
DTM*472*20211221~
CAS*CO*45*224.39~
CAS*PR*2*2.99~
REF*6R*VWCH0001369083-5~
AMT*B6*74.86~
LQ*HE*N59~
SVC*HC>97110>GP*299.25*71.87*0420*3~
DTM*472*20211223~
CAS*CO*45*224.39~
CAS*PR*2*2.99~
REF*6R*VWCH0001369083-6~
AMT*B6*74.86~
LQ*HE*N59~
CLP*VW6110105748900*1*3982.2*888.42**13*220105E351030000*13*1~
NM1*QC*1*ICKES*GARY*E***MI*MEBTF1WT~
NM1*82*2*VAN WERT COUNTY HOSPITAL*****XX*1942267760~
REF*1L*467542-049~
REF*CE*MEDICARE (C03) ESA PPO PLAN NET 03418~
DTM*232*20211227~
DTM*233*20211227~
DTM*050*20220105~
PER*CX**TE*8006240756~
AMT*AU*2547.9~
SVC*NU>0250*2.16*0**0**2~
DTM*472*20211227~
CAS*CO*97*2.16*2~
REF*6R*VWCH0001368980-1~
LQ*HE*N130~
SVC*NU>0258*17.5*0**0**1~
DTM*472*20211227~
CAS*CO*97*17.5*1~
REF*6R*VWCH0001368980-2~
LQ*HE*N130~
SVC*HC>96365*420*192.16*0260*1~
DTM*472*20211227~
CAS*CO*45*227.84~
REF*6R*VWCH0001368980-3~
AMT*B6*192.16~
LQ*HE*N59~
SVC*HC>96366*123.9*37.77*0260*1~
DTM*472*20211227~
CAS*CO*45*86.13~
REF*6R*VWCH0001368980-4~
AMT*B6*37.77~
LQ*HE*N59~
SVC*HC>96375*128.1*37.77*0260*1~
DTM*472*20211227~
CAS*CO*45*90.33~
REF*6R*VWCH0001368980-5~
AMT*B6*37.77~
LQ*HE*N59~
SVC*NU>0270*114.45*0**0**1~
DTM*472*20211227~
CAS*CO*97*114.45*1~
REF*6R*VWCH0001368980-6~
LQ*HE*N130~
SVC*NU>0271*27.3*0**0**1~
DTM*472*20211227~
CAS*CO*97*27.3*1~
REF*6R*VWCH0001368980-7~
LQ*HE*N130~
SVC*NU>0272*11.55*0**0**1~
DTM*472*20211227~
CAS*CO*97*11.55*1~
REF*6R*VWCH0001368980-8~
LQ*HE*N130~
SVC*HC>80053*309.75*0*0301*0**1~
DTM*472*20211227~
CAS*CO*97*309.75*1~
REF*6R*VWCH0001368980-9~
LQ*HE*N130~
SVC*HC>83880*298.2*0*0301*0**1~
DTM*472*20211227~
CAS*CO*97*298.2*1~
REF*6R*VWCH0001368980-10~
LQ*HE*N130~
SVC*HC>84484*115.5*0*0301*0**1~
DTM*472*20211227~
CAS*CO*97*115.5*1~
REF*6R*VWCH0001368980-11~
LQ*HE*N130~
SVC*HC>85025*88.2*0*0305*0**1~
DTM*472*20211227~
CAS*CO*97*88.2*1~
REF*6R*VWCH0001368980-12~
LQ*HE*N130~
SVC*HC>87635*135*51.31*0306*1~
DTM*472*20211227~
CAS*CO*45*83.69~
REF*6R*VWCH0001368980-13~
AMT*B6*51.31~
LQ*HE*N59~
SVC*HC>71045*165.9*76.39*0324*1~
DTM*472*20211227~
CAS*CO*45*89.51~
REF*6R*VWCH0001368980-14~
AMT*B6*76.39~
LQ*HE*N59~
SVC*HC>94640*306.6*0*0410*0**1~
DTM*472*20211227~
CAS*CO*97*306.6*1~
REF*6R*VWCH0001368980-15~
LQ*HE*N130~
SVC*HC>99285>CS>25*1575*493.02*0450*1~
DTM*472*20211227~
CAS*CO*45*1081.98~
REF*6R*VWCH0001368980-16~
AMT*B6*493.02~
LQ*HE*N59~
SVC*HC>J2930*52.61*0*0636*0**1~
DTM*472*20211227~
CAS*CO*97*52.61*1~
REF*6R*VWCH0001368980-17~
LQ*HE*N130~
SVC*HC>J3475*84.7*0*0636*0**4~
DTM*472*20211227~
CAS*CO*97*84.7*4~
REF*6R*VWCH0001368980-18~
LQ*HE*N130~
SVC*HC>J9999>GY*3.73*0*0637*0*HC>A9270>GY*2~
DTM*472*20211227~
CAS*CO*97*3.73*2~
REF*6R*VWCH0001368980-19~
LQ*HE*N130~
SVC*HC>J9999>GY*2.05*0*0637*0*HC>A9270>GY*3~
DTM*472*20211227~
CAS*CO*97*2.05*3~
REF*6R*VWCH0001368980-20~
LQ*HE*N130~
CLP*VW6110106475700*1*200.71*44.43**13*220106E040750000*13*1~
NM1*QC*1*WEBB*LARRY*G***MI*MEBD6V3X~
NM1*82*2*VAN WERT COUNTY HOSPITAL*****XX*1942267760~
REF*1L*455716-060~
REF*CE*STRS PPO PLAN NET 03418~
DTM*232*20211231~
DTM*233*20211231~
DTM*050*20220106~
PER*CX**TE*8006240756~
AMT*AU*200.71~
SVC*HC>80053*58.82*10.56*0301*1~
DTM*472*20211231~
CAS*CO*45*48.26~
REF*6R*VWCH0001370202-2~
AMT*B6*10.56~
LQ*HE*N59~
SVC*HC>80061*41.88*13.39*0301*1~
DTM*472*20211231~
CAS*CO*45*28.49~
REF*6R*VWCH0001370202-3~
AMT*B6*13.39~
LQ*HE*N59~
SVC*HC>83036*41.18*9.71*0301*1~
DTM*472*20211231~
CAS*CO*45*31.47~
REF*6R*VWCH0001370202-4~
AMT*B6*9.71~
LQ*HE*N59~
SVC*HC>85025*41.18*7.77*0305*1~
DTM*472*20211231~
CAS*CO*45*33.41~
REF*6R*VWCH0001370202-5~
AMT*B6*7.77~
LQ*HE*N59~
SVC*HC>36415*17.65*3*0300*1~
DTM*472*20211231~
CAS*CO*45*14.65~
REF*6R*VWCH0001370202-1~
AMT*B6*3~
LQ*HE*N59~
CLP*VW6110105190100*1*3777.9*833.81*34.74*13*220106E226700000*13*1~
NM1*QC*1*FRITZ*JACQUELINE*J***MI*MEBD8BSK~
NM1*82*2*VAN WERT COUNTY HOSPITAL*****XX*1942267760~
REF*1L*455716-060~
REF*CE*STRS PPO PLAN NET 03418~
DTM*232*20211229~
DTM*233*20211229~
DTM*050*20220106~
PER*CX**TE*8006240756~
AMT*AU*3777.9~
SVC*HC>95810*3777.9*833.81*0740*1~
DTM*472*20211229~
CAS*CO*45*2909.35~
CAS*PR*2*34.74~
REF*6R*VWCH0001370263-1~
AMT*B6*868.55~
LQ*HE*N59~
CLP*VW6110105730300*1*1519.8*199.77*49.94*13*220106E321190000*13*1~
NM1*QC*1*METZ*RONALD*E***MI*MEBTKSPR~
NM1*82*2*VAN WERT COUNTY HOSPITAL*****XX*1942267760~
REF*1L*467478-044~
REF*CE*WEST ADV PLAN 125 NET 03418~
DTM*232*20211228~
DTM*233*20211228~
DTM*050*20220106~
PER*CX**TE*8006240756~
AMT*AU*666.75~
SVC*HC>94060*666.75*199.77*0460*1~
DTM*472*20211228~
CAS*CO*45*417.04~
CAS*PR*2*49.94~
REF*6R*VWCH0001370020-2~
AMT*B6*249.71~
LQ*HE*N59~
SVC*HC>94726*666.75*0*0460*0**1~
DTM*472*20211228~
CAS*CO*97*666.75*1~
REF*6R*VWCH0001370020-3~
LQ*HE*N130~
SVC*HC>94729*143.85*0*0460*0**1~
DTM*472*20211228~
CAS*CO*97*143.85*1~
REF*6R*VWCH0001370020-4~
LQ*HE*N130~
SVC*NU>0272*42.45*0**0**1~
DTM*472*20211228~
CAS*CO*97*42.45*1~
REF*6R*VWCH0001370020-1~
LQ*HE*N130~
CLP*VW6110104784700*1*3777.9*868.55**13*220106E321200000*13*1~
NM1*QC*1*AULD*JOHN*R***MI*MEBTF60T~
NM1*82*2*VAN WERT COUNTY HOSPITAL*****XX*1942267760~
REF*1L*467542-015~
REF*CE*MEDICARE (C03) ESA PPO PLAN NET 03418~
DTM*232*20211228~
DTM*233*20211228~
DTM*050*20220106~
PER*CX**TE*8006240756~
AMT*AU*3777.9~
SVC*HC>95810*3777.9*868.55*0740*1~
DTM*472*20211228~
CAS*CO*45*2909.35~
REF*6R*VWCH0001370009-1~
AMT*B6*868.55~
LQ*HE*N59~
CLP*VW6110106035300*1*952.35*118.69*100*13*220106E414430000*13*1~
NM1*QC*1*GOOD*RICHARD*B***MI*MEBD9VHX~
NM1*82*2*VAN WERT COUNTY HOSPITAL*****XX*1942267760~
REF*1L*466235-004~
REF*CE*SERS PPO PLAN NET 03418~
DTM*232*20211228~
DTM*233*20211228~
DTM*050*20220106~
PER*CX**TE*8006240756~
AMT*AU*837.9~
SVC*NU>0270*114.45*0**0**1~
DTM*472*20211228~
CAS*CO*97*114.45*1~
REF*6R*VWCH0001370038-1~
LQ*HE*N130~
SVC*HC>99283*837.9*118.69*0450*1~
DTM*472*20211228~
CAS*CO*45*619.21~
CAS*PR*3*100~
REF*6R*VWCH0001370038-2~
AMT*B6*218.69~
LQ*HE*N59~
CLP*VW6110106314900*1*2468.8*498.4*75*13*220106E414440000*13*1~
NM1*QC*1*WEBB*DIANE*E***MI*MEBD6Q0X~
NM1*82*2*VAN WERT COUNTY HOSPITAL*****XX*1942267760~
REF*1L*455716-060~
REF*CE*STRS PPO PLAN NET 03418~
DTM*232*20211230~
DTM*233*20211230~
DTM*050*20220106~
PER*CX**TE*8006240756~
AMT*AU*1963.5~
SVC*NU>0258*35*0**0**2~
DTM*472*20211230~
CAS*CO*97*35*2~
REF*6R*VWCH0001370133-1~
LQ*HE*N130~
SVC*HC>96360*420*117.16*0260*1~
DTM*472*20211230~
CAS*CO*45*227.84~
CAS*PR*3*75~
REF*6R*VWCH0001370133-2~
AMT*B6*192.16~
LQ*HE*N59~
SVC*HC>96361*121.8*37.77*0260*1~
DTM*472*20211230~
CAS*CO*45*84.03~
REF*6R*VWCH0001370133-3~
AMT*B6*37.77~
LQ*HE*N59~
SVC*NU>0272*72.35*0**0**1~
DTM*472*20211230~
CAS*CO*97*72.35*1~
REF*6R*VWCH0001370133-4~
LQ*HE*N130~
SVC*HC>80053*309.75*0*0301*0**1~
DTM*472*20211230~
CAS*CO*97*309.75*1~
REF*6R*VWCH0001370133-5~
LQ*HE*N130~
SVC*HC>85025*88.2*0*0305*0**1~
DTM*472*20211230~
CAS*CO*97*88.2*1~
REF*6R*VWCH0001370133-6~
LQ*HE*N130~
SVC*HC>99284>25*1421.7*343.47*0450*1~
DTM*472*20211230~
CAS*CO*45*1078.23~
REF*6R*VWCH0001370133-7~
AMT*B6*343.47~
LQ*HE*N59~
CLP*VW6110106093401*1*2523.39*471.17*2.05*13*220107E093690000*13*1~
NM1*QC*1*SCHAUFELBERG*LARRY*W***MI*MEBD7Z0K~
NM1*82*2*VAN WERT COUNTY HOSPITAL*****XX*1942267760~
REF*1L*455716-060~
REF*CE*STRS PPO PLAN NET 03418~
DTM*232*20211229~
DTM*233*20211229~
DTM*050*20220107~
PER*CX**TE*8006240756~
AMT*AU*1722.6~
SVC*NU>0270*114.45*0**0**1~
DTM*472*20211229~
CAS*CO*97*114.45*1~
REF*6R*VWCH0001371909-1~
LQ*HE*N130~
SVC*HC>80048*204.75*0*0301*0**1~
DTM*472*20211229~
CAS*CO*97*204.75*1~
REF*6R*VWCH0001371909-2~
LQ*HE*N130~
SVC*HC>83735*50.4*0*0301*0**1~
DTM*472*20211229~
CAS*CO*97*50.4*1~
REF*6R*VWCH0001371909-3~
LQ*HE*N130~
SVC*HC>84484*115.5*0*0301*0**1~
DTM*472*20211229~
CAS*CO*97*115.5*1~
REF*6R*VWCH0001371909-4~
LQ*HE*N130~
SVC*HC>85025*88.2*0*0305*0**1~
DTM*472*20211229~
CAS*CO*97*88.2*1~
REF*6R*VWCH0001371909-5~
LQ*HE*N130~
SVC*HC>87635*135*51.31*0306*1~
DTM*472*20211229~
CAS*CO*45*83.69~
REF*6R*VWCH0001371909-6~
AMT*B6*51.31~
LQ*HE*N59~
SVC*HC>71045*165.9*76.39*0324*1~
DTM*472*20211229~
CAS*CO*45*89.51~
REF*6R*VWCH0001371909-7~
AMT*B6*76.39~
LQ*HE*N59~
SVC*HC>99284>CS>25*1421.7*343.47*0450*1~
DTM*472*20211229~
CAS*CO*45*1078.23~
REF*6R*VWCH0001371909-8~
AMT*B6*343.47~
LQ*HE*N59~
SVC*HC>J9999>GY*13.34*0*0637*0*HC>A9270>GY*2~
DTM*472*20211229~
CAS*CO*97*13.34*2~
REF*6R*VWCH0001371909-9~
LQ*HE*N130~
SVC*HC>A9270>GY*2.05*0*0637*0**3~
DTM*472*20211229~
CAS*PR*96*2.05*3~
REF*6R*VWCH0001371909-10~
LQ*HE*N130~
SVC*HC>93005*212.1*0*0730*0**1~
DTM*472*20211229~
CAS*CO*97*212.1*1~
REF*6R*VWCH0001371909-11~
LQ*HE*N130~
CLP*VW6110102206200*1*1210.65*175.41*179.26*13*220107E164470000*13*1~
NM1*QC*1*RHOADES*CONSTANCE*L***MI*MEBH8H4V~
NM1*82*2*VAN WERT COUNTY HOSPITAL*****XX*1942267760~
REF*1L*455716-060~
REF*CE*STRS PPO PLAN NET 03418~
DTM*232*20211210~
DTM*233*20211228~
DTM*050*20220107~
PER*CX**TE*8006240756~
AMT*AU*1210.65~
SVC*HC>97161>GP*217.35*73.02*0424*1~
DTM*472*20211210~
CAS*CO*45*119.33~
CAS*PR*3*25~
REF*6R*VWCH0001371912-2~
AMT*B6*98.02~
LQ*HE*N59~
SVC*HC>97110>GP*99.75*0*0420*1~
DTM*472*20211210~
CAS*CO*45*76.92~
CAS*PR*1*22.83~
REF*6R*VWCH0001371912-1~
AMT*B6*22.83~
SVC*HC>97112>GP*97.65*0*0420*1~
DTM*472*20211213~
CAS*CO*45*63.83~
CAS*PR*1*33.82~
REF*6R*VWCH0001371912-4~
AMT*B6*33.82~
SVC*HC>97110>GP*199.5*0*0420*2~
DTM*472*20211213~
CAS*CO*45*153.84~
CAS*PR*1*45.66~
REF*6R*VWCH0001371912-3~
AMT*B6*45.66~
SVC*HC>97112>GP*97.65*0*0420*1~
DTM*472*20211220~
CAS*CO*45*63.83~
CAS*PR*1*33.82~
REF*6R*VWCH0001371912-6~
AMT*B6*33.82~
SVC*HC>97110>GP*199.5*30.52*0420*2~
DTM*472*20211220~
CAS*CO*45*153.84~
CAS*PR*1*13.87**2*1.27~
REF*6R*VWCH0001371912-5~
AMT*B6*45.66~
LQ*HE*N59~
SVC*HC>97110>GP*299.25*71.87*0420*3~
DTM*472*20211228~
CAS*CO*45*224.39~
CAS*PR*2*2.99~
REF*6R*VWCH0001371912-7~
AMT*B6*74.86~
LQ*HE*N59~
CLP*VW6110100794000*1*1260*624.66*32.88*13*220107E234260000*13*1~
NM1*QC*1*KAVERMAN*JAMES*R***MI*MEBPN4JV~
NM1*82*2*VAN WERT COUNTY HOSPITAL*****XX*1942267760~
REF*1L*467119-546~
REF*CE*GROUP MEDICARE SELECT PLAN NET 03418~
DTM*232*20211201~
DTM*233*20211227~
DTM*050*20220107~
PER*CX**TE*8006240756~
AMT*AU*1260~
SVC*HC>93798*210*104.11*0943*1~
DTM*472*20211201~
CAS*CO*45*100.41~
CAS*PR*2*5.48~
REF*6R*VWCH0001371789-1~
AMT*B6*109.59~
LQ*HE*N59~
SVC*HC>93798*210*104.11*0943*1~
DTM*472*20211206~
CAS*CO*45*100.41~
CAS*PR*2*5.48~
REF*6R*VWCH0001371789-2~
AMT*B6*109.59~
LQ*HE*N59~
SVC*HC>93798*210*104.11*0943*1~
DTM*472*20211215~
CAS*CO*45*100.41~
CAS*PR*2*5.48~
REF*6R*VWCH0001371789-3~
AMT*B6*109.59~
LQ*HE*N59~
SVC*HC>93798*210*104.11*0943*1~
DTM*472*20211220~
CAS*CO*45*100.41~
CAS*PR*2*5.48~
REF*6R*VWCH0001371789-4~
AMT*B6*109.59~
LQ*HE*N59~
SVC*HC>93798*210*104.11*0943*1~
DTM*472*20211222~
CAS*CO*45*100.41~
CAS*PR*2*5.48~
REF*6R*VWCH0001371789-5~
AMT*B6*109.59~
LQ*HE*N59~
SVC*HC>93798*210*104.11*0943*1~
DTM*472*20211227~
CAS*CO*45*100.41~
CAS*PR*2*5.48~
REF*6R*VWCH0001371789-6~
AMT*B6*109.59~
LQ*HE*N59~
CLP*VW6110093678500*1*840*420.84*17.52*13*220107E234290000*13*1~
NM1*QC*1*WEBB*BETTY*O***MI*MEBD7M1Z~
NM1*82*2*VAN WERT COUNTY HOSPITAL*****XX*1942267760~
REF*1L*455716-060~
REF*CE*STRS PPO PLAN NET 03418~
DTM*232*20211209~
DTM*233*20211223~
DTM*050*20220107~
PER*CX**TE*8006240756~
AMT*AU*840~
SVC*HC>93798*210*105.21*0943*1~
DTM*472*20211209~
CAS*CO*45*100.41~
CAS*PR*2*4.38~
REF*6R*VWCH0001371947-1~
AMT*B6*109.59~
LQ*HE*N59~
SVC*HC>93798*210*105.21*0943*1~
DTM*472*20211214~
CAS*CO*45*100.41~
CAS*PR*2*4.38~
REF*6R*VWCH0001371947-2~
AMT*B6*109.59~
LQ*HE*N59~
SVC*HC>93798*210*105.21*0943*1~
DTM*472*20211216~
CAS*CO*45*100.41~
CAS*PR*2*4.38~
REF*6R*VWCH0001371947-3~
AMT*B6*109.59~
LQ*HE*N59~
SVC*HC>93798*210*105.21*0943*1~
DTM*472*20211223~
CAS*CO*45*100.41~
CAS*PR*2*4.38~
REF*6R*VWCH0001371947-4~
AMT*B6*109.59~
LQ*HE*N59~
CLP*VW6110104845400*1*306.6*92.07*25.91*13*220107E234340000*13*1~
NM1*QC*1*GERDEMAN*MARY*E***MI*101356370500~
NM1*74*1******C*MEBD4V3X~
NM1*82*2*VAN WERT COUNTY HOSPITAL*****XX*1942267760~
REF*1L*455716-060~
REF*CE*STRS PPO PLAN NET 03418~
DTM*232*20211227~
DTM*233*20211227~
DTM*050*20220107~
PER*CX**TE*8006240756~
AMT*AU*306.6~
SVC*HC>97166>GO*206.85*70.15*0434*1~
DTM*472*20211227~
CAS*CO*45*111.7~
CAS*PR*3*25~
REF*6R*VWCH0001371811-2~
AMT*B6*95.15~
LQ*HE*N59~
SVC*HC>97110>GO*99.75*21.92*0430*1~
DTM*472*20211227~
CAS*CO*45*76.92~
CAS*PR*2*.91~
REF*6R*VWCH0001371811-1~
AMT*B6*22.83~
LQ*HE*N59~
CLP*VW6110104130000*1*1597.05*380.99*37.81*13*220107E304740000*13*1~
NM1*QC*1*CONOVER*JOANN*N***MI*MEBHNWCL~
NM1*82*2*VAN WERT COUNTY HOSPITAL*****XX*1942267760~
REF*1L*455716-060~
REF*CE*STRS PPO PLAN NET 03418~
DTM*232*20211215~
DTM*233*20211230~
DTM*050*20220107~
PER*CX**TE*8006240756~
AMT*AU*1597.05~
SVC*HC>97162>GP*282.45*73.02*0424*1~
DTM*472*20211215~
CAS*CO*45*184.43~
CAS*PR*3*25~
REF*6R*VWCH0001371804-2~
AMT*B6*98.02~
LQ*HE*N59~
SVC*HC>97110>GP*99.75*21.92*0420*1~
DTM*472*20211215~
CAS*CO*45*76.92~
CAS*PR*2*.91~
REF*6R*VWCH0001371804-1~
AMT*B6*22.83~
LQ*HE*N59~
SVC*HC>97140>GP*117.6*20.49*0420*1~
DTM*472*20211220~
CAS*CO*45*96.26~
CAS*PR*2*.85~
REF*6R*VWCH0001371804-4~
AMT*B6*21.34~
LQ*HE*N59~
SVC*HC>97110>GP*199.5*49.95*0420*2~
DTM*472*20211220~
CAS*CO*45*147.47~
CAS*PR*2*2.08~
REF*6R*VWCH0001371804-3~
AMT*B6*52.03~
LQ*HE*N59~
SVC*HC>97110>GP*299.25*71.87*0420*3~
DTM*472*20211222~
CAS*CO*45*224.39~
CAS*PR*2*2.99~
REF*6R*VWCH0001371804-5~
AMT*B6*74.86~
LQ*HE*N59~
SVC*HC>97110>GP*299.25*71.87*0420*3~
DTM*472*20211227~
CAS*CO*45*224.39~
CAS*PR*2*2.99~
REF*6R*VWCH0001371804-6~
AMT*B6*74.86~
LQ*HE*N59~
SVC*HC>97110>GP*299.25*71.87*0420*3~
DTM*472*20211230~
CAS*CO*45*224.39~
CAS*PR*2*2.99~
REF*6R*VWCH0001371804-7~
AMT*B6*74.86~
LQ*HE*N59~
CLP*VW6110103657700*1*1050*547.95**13*220107E304760000*13*1~
NM1*QC*1*HALL*ROBERT*C***MI*MEBMZSBB~
NM1*82*2*VAN WERT COUNTY HOSPITAL*****XX*1942267760~
REF*1L*455716-060~
REF*CE*STRS PPO PLAN NET 03418~
DTM*232*20211213~
DTM*233*20211227~
DTM*050*20220107~
PER*CX**TE*8006240756~
AMT*AU*1050~
SVC*HC>93798*210*109.59*0943*1~
DTM*472*20211213~
CAS*CO*45*100.41~
REF*6R*VWCH0001371737-1~
AMT*B6*109.59~
LQ*HE*N59~
SVC*HC>93798*210*109.59*0943*1~
DTM*472*20211215~
CAS*CO*45*100.41~
REF*6R*VWCH0001371737-2~
AMT*B6*109.59~
LQ*HE*N59~
SVC*HC>93798*210*109.59*0943*1~
DTM*472*20211220~
CAS*CO*45*100.41~
REF*6R*VWCH0001371737-3~
AMT*B6*109.59~
LQ*HE*N59~
SVC*HC>93798*210*109.59*0943*1~
DTM*472*20211222~
CAS*CO*45*100.41~
REF*6R*VWCH0001371737-4~
AMT*B6*109.59~
LQ*HE*N59~
SVC*HC>93798*210*109.59*0943*1~
DTM*472*20211227~
CAS*CO*45*100.41~
REF*6R*VWCH0001371737-5~
AMT*B6*109.59~
LQ*HE*N59~
CLP*VW6110106317800*1*549.75*124.64*3.06*13*220108E012440000*13*1~
NM1*QC*1*BAKER*DARLE*R***MI*MEBJGK0Z~
NM1*82*2*VAN WERT COUNTY HOSPITAL*****XX*1942267760~
REF*1L*455716-060~
REF*CE*STRS PPO PLAN NET 03418~
DTM*232*20211230~
DTM*233*20211230~
DTM*050*20220108~
PER*CX**TE*8006240756~
AMT*AU*300.9~
SVC*HC>80048*52.95*0*0301*0**1~
DTM*472*20211230~
CAS*CO*97*52.95*1~
REF*6R*VWCH0001372984-2~
LQ*HE*N130~
SVC*HC>85025*41.18*0*0305*0**1~
DTM*472*20211230~
CAS*CO*97*41.18*1~
REF*6R*VWCH0001372984-3~
LQ*HE*N130~
SVC*HC>87635*135*51.31*0306*1~
DTM*472*20211230~
CAS*CO*45*83.69~
REF*6R*VWCH0001372984-4~
AMT*B6*51.31~
LQ*HE*N59~
SVC*HC>87641*115.5*0*0306*0**1~
DTM*472*20211230~
CAS*CO*97*115.5*1~
REF*6R*VWCH0001372984-5~
LQ*HE*N130~
SVC*HC>81003*21.57*0*0307*0**1~
DTM*472*20211230~
CAS*CO*97*21.57*1~
REF*6R*VWCH0001372984-6~
LQ*HE*N130~
SVC*HC>36415*17.65*0*0300*0**1~
DTM*472*20211230~
CAS*CO*97*17.65*1~
REF*6R*VWCH0001372984-1~
LQ*HE*N130~
SVC*HC>71046*165.9*73.33*0324*1~
DTM*472*20211230~
CAS*CO*45*89.51~
CAS*PR*2*3.06~
REF*6R*VWCH0001372984-7~
AMT*B6*76.39~
LQ*HE*N59~
CLP*VW6110105950800*1*1365.79*161.86*6.74*13*220108E012450000*13*1~
NM1*QC*1*DOLBY*REX*E***MI*MEBD81GV~
NM1*82*2*VAN WERT COUNTY HOSPITAL*****XX*1942267760~
REF*1L*455716-060~
REF*CE*STRS PPO PLAN NET 03418~
DTM*232*20211230~
DTM*233*20211230~
DTM*050*20220108~
PER*CX**TE*8006240756~
AMT*AU*935.55~
SVC*HC>71260*935.55*161.86*0352*1~
DTM*472*20211230~
CAS*CO*45*766.95~
CAS*PR*2*6.74~
REF*6R*VWCH0001373165-1~
AMT*B6*168.6~
LQ*HE*N59~
SVC*HC>Q9967*430.24*0*0636*0**85~
DTM*472*20211230~
CAS*CO*97*430.24*85~
REF*6R*VWCH0001373165-2~
LQ*HE*N130~
CLP*VW6110100657200*1*2568.3*557.88*23.23*13*220108E012470000*13*1~
NM1*QC*1*DELONG*BRENDA*A***MI*MEBVVJ2X~
NM1*82*2*VAN WERT COUNTY HOSPITAL*****XX*1942267760~
REF*1L*455716-060~
REF*CE*STRS PPO PLAN NET 03418~
DTM*232*20211202~
DTM*233*20211228~
DTM*050*20220108~
PER*CX**TE*8006240756~
AMT*AU*2568.3~
SVC*HC>97110>GO*199.5*49.95*0430*2~
DTM*472*20211202~
CAS*CO*45*147.47~
CAS*PR*2*2.08~
REF*6R*VWCH0001373257-1~
AMT*B6*52.03~
LQ*HE*N59~
SVC*HC>97140>GO*117.6*20.49*0430*1~
DTM*472*20211202~
CAS*CO*45*96.26~
CAS*PR*2*.85~
REF*6R*VWCH0001373257-2~
AMT*B6*21.34~
LQ*HE*N59~
SVC*HC>97018>59>GO*31.5*3.91*0430*1~
DTM*472*20211207~
CAS*CO*45*27.43~
CAS*PR*2*.16~
REF*6R*VWCH0001373257-3~
AMT*B6*4.07~
LQ*HE*N59~
SVC*HC>97110>GO*199.5*49.95*0430*2~
DTM*472*20211207~
CAS*CO*45*147.47~
CAS*PR*2*2.08~
REF*6R*VWCH0001373257-4~
AMT*B6*52.03~
LQ*HE*N59~
SVC*HC>97140>GO*117.6*20.49*0430*1~
DTM*472*20211207~
CAS*CO*45*96.26~
CAS*PR*2*.85~
REF*6R*VWCH0001373257-5~
AMT*B6*21.34~
LQ*HE*N59~
SVC*HC>97018>59>GO*31.5*3.91*0430*1~
DTM*472*20211209~
CAS*CO*45*27.43~
CAS*PR*2*.16~
REF*6R*VWCH0001373257-6~
AMT*B6*4.07~
LQ*HE*N59~
SVC*HC>97110>GO*99.75*28.03*0430*1~
DTM*472*20211209~
CAS*CO*45*70.55~
CAS*PR*2*1.17~
REF*6R*VWCH0001373257-7~
AMT*B6*29.2~
LQ*HE*N59~
SVC*HC>97140>GO*117.6*20.49*0430*1~
DTM*472*20211209~
CAS*CO*45*96.26~
CAS*PR*2*.85~
REF*6R*VWCH0001373257-8~
AMT*B6*21.34~
LQ*HE*N59~
SVC*HC>97035>GO*53.55*10.46*0430*1~
DTM*472*20211213~
CAS*CO*45*42.65~
CAS*PR*2*.44~
REF*6R*VWCH0001373257-9~
AMT*B6*10.9~
LQ*HE*N59~
SVC*HC>97110>GO*99.75*28.03*0430*1~
DTM*472*20211213~
CAS*CO*45*70.55~
CAS*PR*2*1.17~
REF*6R*VWCH0001373257-10~
AMT*B6*29.2~
LQ*HE*N59~
SVC*HC>97140>GO*117.6*20.49*0430*1~
DTM*472*20211213~
CAS*CO*45*96.26~
CAS*PR*2*.85~
REF*6R*VWCH0001373257-11~
AMT*B6*21.34~
LQ*HE*N59~
SVC*HC>97035>GO*53.55*10.46*0430*1~
DTM*472*20211221~
CAS*CO*45*42.65~
CAS*PR*2*.44~
REF*6R*VWCH0001373257-12~
AMT*B6*10.9~
LQ*HE*N59~
SVC*HC>97110>GO*199.5*49.95*0430*2~
DTM*472*20211221~
CAS*CO*45*147.47~
CAS*PR*2*2.08~
REF*6R*VWCH0001373257-13~
AMT*B6*52.03~
LQ*HE*N59~
SVC*HC>97140>GO*117.6*20.49*0430*1~
DTM*472*20211221~
CAS*CO*45*96.26~
CAS*PR*2*.85~
REF*6R*VWCH0001373257-14~
AMT*B6*21.34~
LQ*HE*N59~
SVC*HC>97035>GO*53.55*10.46*0430*1~
DTM*472*20211222~
CAS*CO*45*42.65~
CAS*PR*2*.44~
REF*6R*VWCH0001373257-15~
AMT*B6*10.9~
LQ*HE*N59~
SVC*HC>97110>GO*199.5*49.95*0430*2~
DTM*472*20211222~
CAS*CO*45*147.47~
CAS*PR*2*2.08~
REF*6R*VWCH0001373257-16~
AMT*B6*52.03~
LQ*HE*N59~
SVC*HC>97140>GO*117.6*20.49*0430*1~
DTM*472*20211222~
CAS*CO*45*96.26~
CAS*PR*2*.85~
REF*6R*VWCH0001373257-17~
AMT*B6*21.34~
LQ*HE*N59~
SVC*HC>97035>GO*53.55*10.46*0430*1~
DTM*472*20211227~
CAS*CO*45*42.65~
CAS*PR*2*.44~
REF*6R*VWCH0001373257-18~
AMT*B6*10.9~
LQ*HE*N59~
SVC*HC>97110>GO*99.75*28.03*0430*1~
DTM*472*20211227~
CAS*CO*45*70.55~
CAS*PR*2*1.17~
REF*6R*VWCH0001373257-19~
AMT*B6*29.2~
LQ*HE*N59~
SVC*HC>97140>GO*117.6*20.49*0430*1~
DTM*472*20211227~
CAS*CO*45*96.26~
CAS*PR*2*.85~
REF*6R*VWCH0001373257-20~
AMT*B6*21.34~
LQ*HE*N59~
SVC*HC>97035>GO*53.55*10.46*0430*1~
DTM*472*20211228~
CAS*CO*45*42.65~
CAS*PR*2*.44~
REF*6R*VWCH0001373257-21~
AMT*B6*10.9~
LQ*HE*N59~
SVC*HC>97110>GO*199.5*49.95*0430*2~
DTM*472*20211228~
CAS*CO*45*147.47~
CAS*PR*2*2.08~
REF*6R*VWCH0001373257-22~
AMT*B6*52.03~
LQ*HE*N59~
SVC*HC>97140>GO*117.6*20.49*0430*1~
DTM*472*20211228~
CAS*CO*45*96.26~
CAS*PR*2*.85~
REF*6R*VWCH0001373257-23~
AMT*B6*21.34~
LQ*HE*N59~
CLP*VW6110095800801*1*300.3*105.12**13*220108E062560000*13*1~
NM1*QC*1*WITTEN*SHARON*A***MI*MEBD73JR~
NM1*82*2*VAN WERT COUNTY HOSPITAL*****XX*1942267760~
REF*1L*455716-060~
REF*CE*STRS PPO PLAN NET 03418~
DTM*232*20211213~
DTM*233*20211215~
DTM*050*20220108~
PER*CX**TE*8006240756~
AMT*AU*300.3~
SVC*HC>G0424*150.15*52.56*0948*1~
DTM*472*20211213~
CAS*CO*45*97.59~
REF*6R*VWCH0001373213-1~
AMT*B6*52.56~
LQ*HE*N59~
SVC*HC>G0424*150.15*52.56*0948*1~
DTM*472*20211215~
CAS*CO*45*97.59~
REF*6R*VWCH0001373213-2~
AMT*B6*52.56~
LQ*HE*N59~
CLP*VW6110095800803*1*150.15*52.56**13*220108E062570000*13*1~
NM1*QC*1*WITTEN*SHARON*A***MI*MEBD73JR~
NM1*82*2*VAN WERT COUNTY HOSPITAL*****XX*1942267760~
REF*1L*455716-060~
REF*CE*STRS PPO PLAN NET 03418~
DTM*232*20211206~
DTM*233*20211206~
DTM*050*20220108~
PER*CX**TE*8006240756~
AMT*AU*150.15~
SVC*HC>G0424*150.15*52.56*0948*1~
DTM*472*20211206~
CAS*CO*45*97.59~
REF*6R*VWCH0001373215-1~
AMT*B6*52.56~
LQ*HE*N59~
CLP*VW6110095800804*1*150.15*52.56**13*220108E062580000*13*1~
NM1*QC*1*WITTEN*SHARON*A***MI*MEBD73JR~
NM1*82*2*VAN WERT COUNTY HOSPITAL*****XX*1942267760~
REF*1L*455716-060~
REF*CE*STRS PPO PLAN NET 03418~
DTM*232*20211210~
DTM*233*20211210~
DTM*050*20220108~
PER*CX**TE*8006240756~
AMT*AU*150.15~
SVC*HC>G0424*150.15*52.56*0948*1~
DTM*472*20211210~
CAS*CO*45*97.59~
REF*6R*VWCH0001373216-1~
AMT*B6*52.56~
LQ*HE*N59~
CLP*VW6110100633000*1*1044.75*264.5*33.09*13*220108E112520000*13*1~
NM1*QC*1*DELONG*BRENDA*A***MI*MEBVVJ2X~
NM1*82*2*VAN WERT COUNTY HOSPITAL*****XX*1942267760~
REF*1L*455716-060~
REF*CE*STRS PPO PLAN NET 03418~
DTM*232*20211123~
DTM*233*20211130~
DTM*050*20220108~
PER*CX**TE*8006240756~
AMT*AU*1044.75~
SVC*HC>97166>GO*206.85*70.15*0434*1~
DTM*472*20211123~
CAS*CO*45*111.7~
CAS*PR*3*25~
REF*6R*VWCH0001373256-3~
AMT*B6*95.15~
LQ*HE*N59~
SVC*HC>97760>GO*103.95*31.56*0430*1~
DTM*472*20211123~
CAS*CO*45*71.08~
CAS*PR*2*1.31~
REF*6R*VWCH0001373256-2~
AMT*B6*32.87~
LQ*HE*N59~
SVC*HC>97110>GO>59*199.5*43.83*0430*2~
DTM*472*20211123~
CAS*CO*45*153.84~
CAS*PR*2*1.83~
REF*6R*VWCH0001373256-1~
AMT*B6*45.66~
LQ*HE*N59~
SVC*HC>97140>GO*117.6*20.49*0430*1~
DTM*472*20211124~
CAS*CO*45*96.26~
CAS*PR*2*.85~
REF*6R*VWCH0001373256-5~
AMT*B6*21.34~
LQ*HE*N59~
SVC*HC>97110>GO*99.75*28.03*0430*1~
DTM*472*20211124~
CAS*CO*45*70.55~
CAS*PR*2*1.17~
REF*6R*VWCH0001373256-4~
AMT*B6*29.2~
LQ*HE*N59~
SVC*HC>97140>GO*117.6*20.49*0430*1~
DTM*472*20211130~
CAS*CO*45*96.26~
CAS*PR*2*.85~
REF*6R*VWCH0001373256-7~
AMT*B6*21.34~
LQ*HE*N59~
SVC*HC>97110>GO*199.5*49.95*0430*2~
DTM*472*20211130~
CAS*CO*45*147.47~
CAS*PR*2*2.08~
REF*6R*VWCH0001373256-6~
AMT*B6*52.03~
LQ*HE*N59~
CLP*VW6110100679504*1*317.1*73.37**13*220108E112530000*13*1~
NM1*QC*1*GRUNDEN*GLEN*L***MI*101336691900~
NM1*74*1******C*MEBFBJ9W~
NM1*82*2*VAN WERT COUNTY HOSPITAL*****XX*1942267760~
REF*1L*466235-004~
REF*CE*SERS PPO PLAN NET 03418~
DTM*232*20211210~
DTM*233*20211210~
DTM*050*20220108~
PER*CX**TE*8006240756~
AMT*AU*317.1~
SVC*HC>97110>GP*199.5*52.03*0420*2~
DTM*472*20211210~
CAS*CO*45*147.47~
REF*6R*VWCH0001373331-1~
AMT*B6*52.03~
LQ*HE*N59~
SVC*HC>97140>GP*117.6*21.34*0420*1~
DTM*472*20211210~
CAS*CO*45*96.26~
REF*6R*VWCH0001373331-2~
AMT*B6*21.34~
LQ*HE*N59~
CLP*VW6110100679502*1*951.3*160.11*60*13*220108E112540000*13*1~
NM1*QC*1*GRUNDEN*GLEN*L***MI*101336691900~
NM1*74*1******C*MEBFBJ9W~
NM1*82*2*VAN WERT COUNTY HOSPITAL*****XX*1942267760~
REF*1L*466235-004~
REF*CE*SERS PPO PLAN NET 03418~
DTM*232*20211214~
DTM*233*20211220~
DTM*050*20220108~
PER*CX**TE*8006240756~
AMT*AU*951.3~
SVC*HC>97110>GP*199.5*32.03*0420*2~
DTM*472*20211214~
CAS*CO*45*147.47~
CAS*PR*3*20~
REF*6R*VWCH0001373329-1~
AMT*B6*52.03~
LQ*HE*N59~
SVC*HC>97140>GP*117.6*21.34*0420*1~
DTM*472*20211214~
CAS*CO*45*96.26~
REF*6R*VWCH0001373329-2~
AMT*B6*21.34~
LQ*HE*N59~
SVC*HC>97110>GP*199.5*32.03*0420*2~
DTM*472*20211217~
CAS*CO*45*147.47~
CAS*PR*3*20~
REF*6R*VWCH0001373329-3~
AMT*B6*52.03~
LQ*HE*N59~
SVC*HC>97140>GP*117.6*21.34*0420*1~
DTM*472*20211217~
CAS*CO*45*96.26~
REF*6R*VWCH0001373329-4~
AMT*B6*21.34~
LQ*HE*N59~
SVC*HC>97110>GP*199.5*32.03*0420*2~
DTM*472*20211220~
CAS*CO*45*147.47~
CAS*PR*3*20~
REF*6R*VWCH0001373329-5~
AMT*B6*52.03~
LQ*HE*N59~
SVC*HC>97140>GP*117.6*21.34*0420*1~
DTM*472*20211220~
CAS*CO*45*96.26~
REF*6R*VWCH0001373329-6~
AMT*B6*21.34~
LQ*HE*N59~
CLP*VW6110095800800*1*150.15*52.56**13*220108E162840000*13*1~
NM1*QC*1*WITTEN*SHARON*A***MI*MEBD73JR~
NM1*82*2*VAN WERT COUNTY HOSPITAL*****XX*1942267760~
REF*1L*455716-060~
REF*CE*STRS PPO PLAN NET 03418~
DTM*232*20211202~
DTM*233*20211202~
DTM*050*20220108~
PER*CX**TE*8006240756~
AMT*AU*150.15~
SVC*HC>G0424*150.15*52.56*0948*1~
DTM*472*20211202~
CAS*CO*45*97.59~
REF*6R*VWCH0001373212-1~
AMT*B6*52.56~
LQ*HE*N59~
CLP*VW6110105599000*1*847.66*192.16**13*220108E162850000*13*1~
NM1*QC*1*WITTEN*SHARON*A***MI*MEBD73JR~
NM1*82*2*VAN WERT COUNTY HOSPITAL*****XX*1942267760~
REF*1L*455716-060~
REF*CE*STRS PPO PLAN NET 03418~
DTM*232*20211230~
DTM*233*20211230~
DTM*050*20220108~
PER*CX**TE*8006240756~
AMT*AU*531.3~
SVC*HC>83880*298.2*0*0301*0**1~
DTM*472*20211230~
CAS*CO*97*298.2*1~
REF*6R*VWCH0001373211-3~
LQ*HE*N130~
SVC*HC>96374*531.3*192.16*0260*1~
DTM*472*20211230~
CAS*CO*45*339.14~
REF*6R*VWCH0001373211-2~
AMT*B6*192.16~
LQ*HE*N59~
SVC*NU>0250*18.16*0**0**2~
DTM*472*20211230~
CAS*CO*97*18.16*2~
REF*6R*VWCH0001373211-1~
LQ*HE*N130~
CLP*VW6110106487900*1*4982.84*804**13*220108E162860000*13*1~
NM1*QC*1*TARLTON*DEBORAH*J***MI*MEBTXFVZ~
NM1*82*2*VAN WERT COUNTY HOSPITAL*****XX*1942267760~
REF*1L*467098-029~
REF*CE*VALUE PPO NET 03418~
DTM*232*20211231~
DTM*233*20211231~
DTM*050*20220108~
PER*CX**TE*8006240756~
AMT*AU*3225.15~
SVC*HC>99285>CS>25*0*0*0450*1**0~
DTM*472*20211231~
SVC*NU>0250*10.36*0**0**1~
DTM*472*20211231~
CAS*CO*97*10.36*1~
REF*6R*VWCH0001373159-1~
LQ*HE*N130~
SVC*NU>0258*17.5*0**0**1~
DTM*472*20211231~
CAS*CO*97*17.5*1~
REF*6R*VWCH0001373159-2~
LQ*HE*N130~
SVC*HC>96361*121.8*37.77*0260*1~
DTM*472*20211231~
CAS*CO*45*84.03~
REF*6R*VWCH0001373159-3~
AMT*B6*37.77~
LQ*HE*N59~
SVC*HC>96374*531.3*192.16*0260*1~
DTM*472*20211231~
CAS*CO*45*339.14~
REF*6R*VWCH0001373159-4~
AMT*B6*192.16~
LQ*HE*N59~
SVC*NU>0271*27.3*0**0**1~
DTM*472*20211231~
CAS*CO*97*27.3*1~
REF*6R*VWCH0001373159-5~
LQ*HE*N130~
SVC*HC>36415*21*0*0300*0**1~
DTM*472*20211231~
CAS*CO*97*21*1~
REF*6R*VWCH0001373159-6~
LQ*HE*N130~
SVC*HC>80053*309.75*0*0301*0**1~
DTM*472*20211231~
CAS*CO*97*309.75*1~
REF*6R*VWCH0001373159-7~
LQ*HE*N130~
SVC*HC>83605*123.9*0*0301*0**1~
DTM*472*20211231~
CAS*CO*97*123.9*1~
REF*6R*VWCH0001373159-8~
LQ*HE*N130~
SVC*HC>83880*298.2*0*0301*0**1~
DTM*472*20211231~
CAS*CO*97*298.2*1~
REF*6R*VWCH0001373159-9~
LQ*HE*N130~
SVC*HC>84443*142.8*0*0301*0**1~
DTM*472*20211231~
CAS*CO*97*142.8*1~
REF*6R*VWCH0001373159-10~
LQ*HE*N130~
SVC*HC>84484*115.5*0*0301*0**1~
DTM*472*20211231~
CAS*CO*97*115.5*1~
REF*6R*VWCH0001373159-11~
LQ*HE*N130~
SVC*HC>85025*88.2*0*0305*0**1~
DTM*472*20211231~
CAS*CO*97*88.2*1~
REF*6R*VWCH0001373159-12~
LQ*HE*N130~
SVC*HC>85379*33.6*0*0305*0**1~
DTM*472*20211231~
CAS*CO*97*33.6*1~
REF*6R*VWCH0001373159-13~
LQ*HE*N130~
SVC*HC>87635*135*51.31*0306*1~
DTM*472*20211231~
CAS*CO*45*83.69~
REF*6R*VWCH0001373159-14~
AMT*B6*51.31~
LQ*HE*N59~
SVC*HC>81001*29.4*0*0307*0**1~
DTM*472*20211231~
CAS*CO*97*29.4*1~
REF*6R*VWCH0001373159-15~
LQ*HE*N130~
SVC*HC>73130>RT*165.9*0*0320*0**1~
DTM*472*20211231~
CAS*CO*97*165.9*1~
REF*6R*VWCH0001373159-16~
LQ*HE*N130~
SVC*HC>71045*165.9*76.39*0324*1~
DTM*472*20211231~
CAS*CO*45*89.51~
REF*6R*VWCH0001373159-17~
AMT*B6*76.39~
LQ*HE*N59~
SVC*HC>70450*696.15*102.9*0351*1~
DTM*472*20211231~
CAS*CO*45*593.25~
REF*6R*VWCH0001373159-18~
AMT*B6*102.9~
LQ*HE*N59~
SVC*HC>94640*306.6*0*0410*0**1~
DTM*472*20211231~
CAS*CO*97*306.6*1~
REF*6R*VWCH0001373159-19~
LQ*HE*N130~
SVC*HC>J2930*52.61*0*0636*0**1~
DTM*472*20211231~
CAS*CO*97*52.61*1~
REF*6R*VWCH0001373159-21~
LQ*HE*N130~
SVC*HC>J9999>GY*12.05*0*0637*0*HC>A9270>GY*1~
DTM*472*20211231~
CAS*CO*97*12.05*1~
REF*6R*VWCH0001373159-22~
LQ*HE*N130~
SVC*HC>J9999>GY*3.02*0*0637*0*HC>A9270>GY*2~
DTM*472*20211231~
CAS*CO*97*3.02*2~
REF*6R*VWCH0001373159-23~
LQ*HE*N130~
SVC*HC>99284>CS>25*1575*343.47*0450*1*HC>99285>CS>25~
DTM*472*20211231~
CAS*CO*45*1231.53~
REF*6R*VWCH0001373159-20~
AMT*B6*343.47~
LQ*HE*N59~
CLP*VW6110100679500*1*299.25*54.86*20*13*220108E162870000*13*1~
NM1*QC*1*GRUNDEN*GLEN*L***MI*101336691900~
NM1*74*1******C*MEBFBJ9W~
NM1*82*2*VAN WERT COUNTY HOSPITAL*****XX*1942267760~
REF*1L*466235-004~
REF*CE*SERS PPO PLAN NET 03418~
DTM*232*20211227~
DTM*233*20211227~
DTM*050*20220108~
PER*CX**TE*8006240756~
AMT*AU*299.25~
SVC*HC>97110>GP*299.25*54.86*0420*3~
DTM*472*20211227~
CAS*CO*45*224.39~
CAS*PR*3*20~
REF*6R*VWCH0001373327-1~
AMT*B6*74.86~
LQ*HE*N59~
CLP*VW6110106400200*1*6505.43*1081.25*66.64*13*220108E213340000*13*1~
NM1*QC*1*GOOD*RICHARD*B***MI*MEBD9VHX~
NM1*82*2*VAN WERT COUNTY HOSPITAL*****XX*1942267760~
REF*1L*466235-004~
REF*CE*SERS PPO PLAN NET 03418~
DTM*232*20211230~
DTM*233*20211230~
DTM*050*20220108~
PER*CX**TE*8006240756~
AMT*AU*4634.7~
SVC*NU>0258*35*0**0**2~
DTM*472*20211230~
CAS*CO*97*35*2~
REF*6R*VWCH0001373006-1~
LQ*HE*N130~
SVC*HC>96361*487.2*151.08*0260*4~
DTM*472*20211230~
CAS*CO*45*336.12~
REF*6R*VWCH0001373006-2~
AMT*B6*151.08~
LQ*HE*N59~
SVC*HC>96374>59*531.3*192.16*0260*1~
DTM*472*20211230~
CAS*CO*45*339.14~
REF*6R*VWCH0001373006-3~
AMT*B6*192.16~
LQ*HE*N59~
SVC*HC>80053*309.75*0*0301*0**1~
DTM*472*20211230~
CAS*CO*97*309.75*1~
REF*6R*VWCH0001373006-4~
LQ*HE*N130~
SVC*HC>83735*50.4*0*0301*0**1~
DTM*472*20211230~
CAS*CO*97*50.4*1~
REF*6R*VWCH0001373006-5~
LQ*HE*N130~
SVC*HC>83880*298.2*0*0301*0**1~
DTM*472*20211230~
CAS*CO*97*298.2*1~
REF*6R*VWCH0001373006-6~
LQ*HE*N130~
SVC*HC>84484*115.5*0*0301*0**1~
DTM*472*20211230~
CAS*CO*97*115.5*1~
REF*6R*VWCH0001373006-7~
LQ*HE*N130~
SVC*HC>85025*88.2*0*0305*0**1~
DTM*472*20211230~
CAS*CO*97*88.2*1~
REF*6R*VWCH0001373006-8~
LQ*HE*N130~
SVC*HC>85379*33.6*0*0305*0**1~
DTM*472*20211230~
CAS*CO*97*33.6*1~
REF*6R*VWCH0001373006-9~
LQ*HE*N130~
SVC*HC>71045*165.9*76.39*0324*1~
DTM*472*20211230~
CAS*CO*45*89.51~
REF*6R*VWCH0001373006-10~
AMT*B6*76.39~
LQ*HE*N59~
SVC*HC>71275*1875.3*168.6*0350*1~
DTM*472*20211230~
CAS*CO*45*1706.7~
REF*6R*VWCH0001373006-11~
AMT*B6*168.6~
LQ*HE*N59~
SVC*HC>99285>25*1575*493.02*0450*1~
DTM*472*20211230~
CAS*CO*45*1081.98~
REF*6R*VWCH0001373006-12~
AMT*B6*493.02~
LQ*HE*N59~
SVC*HC>J1100*10.91*0*0636*0**12~
DTM*472*20211230~
CAS*CO*97*10.91*12~
REF*6R*VWCH0001373006-13~
LQ*HE*N130~
SVC*HC>Q9967*430.24*0*0636*0**85~
DTM*472*20211230~
CAS*CO*97*430.24*85~
REF*6R*VWCH0001373006-14~
LQ*HE*N130~
SVC*HC>J9999>GY*3.73*0*0637*0*HC>A9270>GY*2~
DTM*472*20211230~
CAS*CO*97*3.73*2~
REF*6R*VWCH0001373006-15~
LQ*HE*N130~
SVC*HC>A9270>GY*2.05*0*0637*0**3~
DTM*472*20211230~
CAS*PR*96*2.05*3~
REF*6R*VWCH0001373006-16~
LQ*HE*N130~
SVC*HC>A9270>GY*64.59*0*0637*0**2~
DTM*472*20211230~
CAS*PR*96*64.59*2~
REF*6R*VWCH0001373006-17~
LQ*HE*N130~
SVC*HC>J9999>GY*4.36*0*0637*0*HC>A9270>GY*2~
DTM*472*20211230~
CAS*CO*97*4.36*2~
REF*6R*VWCH0001373006-18~
LQ*HE*N130~
SVC*HC>93005*212.1*0*0730*0**1~
DTM*472*20211230~
CAS*CO*97*212.1*1~
REF*6R*VWCH0001373006-19~
LQ*HE*N130~
SVC*HC>93005>59*212.1*0*0730*0**1~
DTM*472*20211230~
CAS*CO*97*212.1*1~
REF*6R*VWCH0001373006-20~
LQ*HE*N130~
CLP*VW6110095800802*1*300.3*105.12**13*220108E213350000*13*1~
NM1*QC*1*WITTEN*SHARON*A***MI*MEBD73JR~
NM1*82*2*VAN WERT COUNTY HOSPITAL*****XX*1942267760~
REF*1L*455716-060~
REF*CE*STRS PPO PLAN NET 03418~
DTM*232*20211220~
DTM*233*20211222~
DTM*050*20220108~
PER*CX**TE*8006240756~
AMT*AU*300.3~
SVC*HC>G0424*150.15*52.56*0948*1~
DTM*472*20211220~
CAS*CO*45*97.59~
REF*6R*VWCH0001373214-1~
AMT*B6*52.56~
LQ*HE*N59~
SVC*HC>G0424*150.15*52.56*0948*1~
DTM*472*20211222~
CAS*CO*45*97.59~
REF*6R*VWCH0001373214-2~
AMT*B6*52.56~
LQ*HE*N59~
CLP*VW6110098721300*1*94.13*16.23**13*220108E213360000*13*1~
NM1*QC*1*DELONG*BRENDA*A***MI*MEBVVJ2X~
NM1*82*2*VAN WERT COUNTY HOSPITAL*****XX*1942267760~
REF*1L*455716-060~
REF*CE*STRS PPO PLAN NET 03418~
DTM*232*20211111~
DTM*233*20211111~
DTM*050*20220108~
PER*CX**TE*8006240756~
AMT*AU*94.13~
SVC*HC>80048*52.95*8.46*0301*1~
DTM*472*20211111~
CAS*CO*45*44.49~
REF*6R*VWCH0001373258-1~
AMT*B6*8.46~
LQ*HE*N59~
SVC*HC>85025*41.18*7.77*0305*1~
DTM*472*20211111~
CAS*CO*45*33.41~
REF*6R*VWCH0001373258-2~
AMT*B6*7.77~
LQ*HE*N59~
CLP*VW6110100679501*1*349.65*59.35*20*13*220108E213370000*13*1~
NM1*QC*1*GRUNDEN*GLEN*L***MI*101336691900~
NM1*74*1******C*MEBFBJ9W~
NM1*82*2*VAN WERT COUNTY HOSPITAL*****XX*1942267760~
REF*1L*466235-004~
REF*CE*SERS PPO PLAN NET 03418~
DTM*232*20211207~
DTM*233*20211207~
DTM*050*20220108~
PER*CX**TE*8006240756~
AMT*AU*349.65~
SVC*HC>97010>GP*32.55*0*0420*1~
DTM*472*20211207~
CAS*CO*45*26.57~
CAS*PR*3*5.98~
REF*6R*VWCH0001373328-1~
AMT*B6*5.98~
SVC*HC>97110>GP*199.5*38.01*0420*2~
DTM*472*20211207~
CAS*CO*45*147.47~
CAS*PR*3*14.02~
REF*6R*VWCH0001373328-2~
AMT*B6*52.03~
LQ*HE*N59~
SVC*HC>97140>GP*117.6*21.34*0420*1~
DTM*472*20211207~
CAS*CO*45*96.26~
REF*6R*VWCH0001373328-3~
AMT*B6*21.34~
LQ*HE*N59~
CLP*VW6110100679505*1*317.1*73.37**13*220108E213380000*13*1~
NM1*QC*1*GRUNDEN*GLEN*L***MI*101336691900~
NM1*74*1******C*MEBFBJ9W~
NM1*82*2*VAN WERT COUNTY HOSPITAL*****XX*1942267760~
REF*1L*466235-004~
REF*CE*SERS PPO PLAN NET 03418~
DTM*232*20211223~
DTM*233*20211223~
DTM*050*20220108~
PER*CX**TE*8006240756~
AMT*AU*317.1~
SVC*HC>97110>GP*199.5*52.03*0420*2~
DTM*472*20211223~
CAS*CO*45*147.47~
REF*6R*VWCH0001373332-1~
AMT*B6*52.03~
LQ*HE*N59~
SVC*HC>97140>GP*117.6*21.34*0420*1~
DTM*472*20211223~
CAS*CO*45*96.26~
REF*6R*VWCH0001373332-2~
AMT*B6*21.34~
LQ*HE*N59~
CLP*VW6110100679503*1*349.65*59.35*20*13*220108E213390000*13*1~
NM1*QC*1*GRUNDEN*GLEN*L***MI*101336691900~
NM1*74*1******C*MEBFBJ9W~
NM1*82*2*VAN WERT COUNTY HOSPITAL*****XX*1942267760~
REF*1L*466235-004~
REF*CE*SERS PPO PLAN NET 03418~
DTM*232*20211203~
DTM*233*20211203~
DTM*050*20220108~
PER*CX**TE*8006240756~
AMT*AU*349.65~
SVC*HC>97010>GP*32.55*0*0420*1~
DTM*472*20211203~
CAS*CO*45*26.57~
CAS*PR*3*5.98~
REF*6R*VWCH0001373330-1~
AMT*B6*5.98~
SVC*HC>97110>GP*199.5*38.01*0420*2~
DTM*472*20211203~
CAS*CO*45*147.47~
CAS*PR*3*14.02~
REF*6R*VWCH0001373330-2~
AMT*B6*52.03~
LQ*HE*N59~
SVC*HC>97140>GP*117.6*21.34*0420*1~
DTM*472*20211203~
CAS*CO*45*96.26~
REF*6R*VWCH0001373330-3~
AMT*B6*21.34~
LQ*HE*N59~
CLP*VW6110104598300*1*4686.85*852.24*50*13*220111E016090000*13*1~
NM1*QC*1*EDDINS*ORA*L***MI*MEBN02PB~
NM1*82*2*VAN WERT COUNTY HOSPITAL*****XX*1942267760~
REF*1L*467486-042~
REF*CE*MEDICARE (S02) PPO PLAN NET 03418~
DTM*232*20211218~
DTM*233*20211218~
DTM*050*20220111~
PER*CX**TE*8006240756~
AMT*AU*2251.72~
SVC*NU>0258*17.5*0**0**1~
DTM*472*20211218~
CAS*CO*97*17.5*1~
REF*6R*VWCH0001356889-1~
LQ*HE*N130~
SVC*HC>96360>59*420*142.16*0260*1~
DTM*472*20211218~
CAS*CO*45*227.84~
CAS*PR*3*50~
REF*6R*VWCH0001356889-2~
AMT*B6*192.16~
LQ*HE*N59~
SVC*HC>96361>59*121.8*37.77*0260*1~
DTM*472*20211218~
CAS*CO*45*84.03~
REF*6R*VWCH0001356889-3~
AMT*B6*37.77~
LQ*HE*N59~
SVC*NU>0270*114.45*0**0**1~
DTM*472*20211218~
CAS*CO*97*114.45*1~
REF*6R*VWCH0001356889-4~
LQ*HE*N130~
SVC*HC>36415*21*0*0300*0**1~
DTM*472*20211218~
CAS*CO*97*21*1~
REF*6R*VWCH0001356889-5~
LQ*HE*N130~
SVC*HC>80053*309.75*0*0301*0**1~
DTM*472*20211218~
CAS*CO*97*309.75*1~
REF*6R*VWCH0001356889-6~
LQ*HE*N130~
SVC*HC>83735*50.4*0*0301*0**1~
DTM*472*20211218~
CAS*CO*97*50.4*1~
REF*6R*VWCH0001356889-7~
LQ*HE*N130~
SVC*HC>83880*298.2*0*0301*0**1~
DTM*472*20211218~
CAS*CO*97*298.2*1~
REF*6R*VWCH0001356889-8~
LQ*HE*N130~
SVC*HC>84100*15.75*0*0301*0**1~
DTM*472*20211218~
CAS*CO*97*15.75*1~
REF*6R*VWCH0001356889-9~
LQ*HE*N130~
SVC*HC>84484*115.5*0*0301*0**1~
DTM*472*20211218~
CAS*CO*97*115.5*1~
REF*6R*VWCH0001356889-10~
LQ*HE*N130~
SVC*HC>84484>91*115.5*0*0301*0**1~
DTM*472*20211218~
CAS*CO*97*115.5*1~
REF*6R*VWCH0001356889-11~
LQ*HE*N130~
SVC*HC>85025*88.2*0*0305*0**1~
DTM*472*20211218~
CAS*CO*97*88.2*1~
REF*6R*VWCH0001356889-12~
LQ*HE*N130~
SVC*HC>85379*33.6*0*0305*0**1~
DTM*472*20211218~
CAS*CO*97*33.6*1~
REF*6R*VWCH0001356889-13~
LQ*HE*N130~
SVC*HC>81001*29.4*0*0307*0**1~
DTM*472*20211218~
CAS*CO*97*29.4*1~
REF*6R*VWCH0001356889-14~
LQ*HE*N130~
SVC*HC>74018*165.9*0*0320*0**1~
DTM*472*20211218~
CAS*CO*97*165.9*1~
REF*6R*VWCH0001356889-15~
LQ*HE*N130~
SVC*HC>71045*165.9*76.39*0324*1~
DTM*472*20211218~
CAS*CO*45*89.51~
REF*6R*VWCH0001356889-16~
AMT*B6*76.39~
LQ*HE*N59~
SVC*HC>70450*696.15*102.9*0351*1~
DTM*472*20211218~
CAS*CO*45*593.25~
REF*6R*VWCH0001356889-17~
AMT*B6*102.9~
LQ*HE*N59~
SVC*HC>51701*847.88*0*0450*0**1~
DTM*472*20211218~
CAS*CO*97*847.88*1~
REF*6R*VWCH0001356889-18~
LQ*HE*N130~
SVC*HC>99285>25*847.87*493.02*0450*1~
DTM*472*20211218~
CAS*CO*45*354.85~
REF*6R*VWCH0001356889-19~
AMT*B6*493.02~
LQ*HE*N59~
SVC*HC>93005>59*212.1*0*0730*0**1~
DTM*472*20211218~
CAS*CO*97*212.1*1~
REF*6R*VWCH0001356889-20~
LQ*HE*N130~
CLP*VW6110104900700*1*3076.5*494.41*75*13*220111E061000000*13*1~
NM1*QC*1*GERDEMAN*WILLIAM*E***MI*MEBD5FBT~
NM1*82*2*VAN WERT COUNTY HOSPITAL*****XX*1942267760~
REF*1L*455716-060~
REF*CE*STRS PPO PLAN NET 03418~
DTM*232*20211220~
DTM*233*20211220~
DTM*050*20220111~
PER*CX**TE*8006240756~
AMT*AU*1740.9~
SVC*NU>0270*114.45*0**0**1~
DTM*472*20211220~
CAS*CO*97*114.45*1~
REF*6R*VWCH0001360434-1~
LQ*HE*N130~
SVC*HC>36415*21*0*0300*0**1~
DTM*472*20211220~
CAS*CO*97*21*1~
REF*6R*VWCH0001360434-2~
LQ*HE*N130~
SVC*HC>80053*309.75*0*0301*0**1~
DTM*472*20211220~
CAS*CO*97*309.75*1~
REF*6R*VWCH0001360434-3~
LQ*HE*N130~
SVC*HC>83880>GZ*298.2*0*0301*0**1~
DTM*472*20211220~
CAS*CO*97*298.2*1~
REF*6R*VWCH0001360434-4~
LQ*HE*N130~
SVC*HC>84484*115.5*0*0301*0**1~
DTM*472*20211220~
CAS*CO*97*115.5*1~
REF*6R*VWCH0001360434-5~
LQ*HE*N130~
SVC*HC>84484>91*115.5*0*0301*0**1~
DTM*472*20211220~
CAS*CO*97*115.5*1~
REF*6R*VWCH0001360434-6~
LQ*HE*N130~
SVC*HC>85025*88.2*0*0305*0**1~
DTM*472*20211220~
CAS*CO*97*88.2*1~
REF*6R*VWCH0001360434-7~
LQ*HE*N130~
SVC*HC>85610*27.3*0*0305*0**1~
DTM*472*20211220~
CAS*CO*97*27.3*1~
REF*6R*VWCH0001360434-8~
LQ*HE*N130~
SVC*HC>85730*33.6*0*0305*0**1~
DTM*472*20211220~
CAS*CO*97*33.6*1~
REF*6R*VWCH0001360434-9~
LQ*HE*N130~
SVC*HC>71045*165.9*76.39*0324*1~
DTM*472*20211220~
CAS*CO*45*89.51~
REF*6R*VWCH0001360434-10~
AMT*B6*76.39~
LQ*HE*N59~
SVC*HC>99285>25*1575*418.02*0450*1~
DTM*472*20211220~
CAS*CO*45*1081.98~
CAS*PR*3*75~
REF*6R*VWCH0001360434-11~
AMT*B6*493.02~
LQ*HE*N59~
SVC*HC>93005*212.1*0*0730*0**1~
DTM*472*20211220~
CAS*CO*97*212.1*1~
REF*6R*VWCH0001360434-12~
LQ*HE*N130~
CLP*VW6110103241900*1*9750.08*2774.33*115.6*13*220111E106550000*13*1~
NM1*QC*1*HURLESS*MELVIN****MI*MEBTF0WT~
NM1*82*2*VAN WERT COUNTY HOSPITAL*****XX*1942267760~
REF*1L*467542-015~
REF*CE*MEDICARE (C03) ESA PPO PLAN NET 03418~
DTM*232*20211227~
DTM*233*20211227~
DTM*050*20220111~
PER*CX**TE*8006240756~
AMT*AU*3357.9~
SVC*NU>0250*74.94*0**0**3~
DTM*472*20211227~
CAS*CO*97*74.94*3~
REF*6R*VWCH0001374377-1~
LQ*HE*N130~
SVC*NU>0258*63.12*0**0**5~
DTM*472*20211227~
CAS*CO*97*63.12*5~
REF*6R*VWCH0001374377-2~
LQ*HE*N130~
SVC*NU>0272*3581.48*0**0**16~
DTM*472*20211227~
CAS*CO*97*3581.48*16~
REF*6R*VWCH0001374377-3~
LQ*HE*N130~
SVC*HC>82365*43.05*0*0301*0**1~
DTM*472*20211227~
CAS*CO*97*43.05*1~
REF*6R*VWCH0001374377-4~
LQ*HE*N130~
SVC*HC>74420>50*1222.2*0*0320*0**1~
DTM*472*20211227~
CAS*CO*97*1222.2*1~
REF*6R*VWCH0001374377-5~
LQ*HE*N130~
SVC*HC>52318*3357.9*2774.33*0360*1~
DTM*472*20211227~
CAS*CO*B13*14.93**45*453.04~
CAS*PR*2*115.6~
REF*6R*VWCH0001374377-6~
AMT*B6*2889.93~
LQ*HE*N59~
SVC*HC>00910*642.6*0*0370*0**4~
DTM*472*20211227~
CAS*CO*97*642.6*4~
REF*6R*VWCH0001374377-7~
LQ*HE*N130~
SVC*HC>J0131*68.16*0*0636*0**100~
DTM*472*20211227~
CAS*CO*97*68.16*100~
REF*6R*VWCH0001374377-8~
LQ*HE*N130~
SVC*HC>J1580*9.62*0*0636*0**2~
DTM*472*20211227~
CAS*CO*97*9.62*2~
REF*6R*VWCH0001374377-9~
LQ*HE*N130~
SVC*HC>J2370*8.22*0*0636*0**1~
DTM*472*20211227~
CAS*CO*97*8.22*1~
REF*6R*VWCH0001374377-10~
LQ*HE*N130~
SVC*HC>J2405*96.2*0*0636*0**4~
DTM*472*20211227~
CAS*CO*97*96.2*4~
REF*6R*VWCH0001374377-11~
LQ*HE*N130~
SVC*HC>J2704*12.21*0*0636*0**20~
DTM*472*20211227~
CAS*CO*97*12.21*20~
REF*6R*VWCH0001374377-12~
LQ*HE*N130~
SVC*HC>J3010*5.11*0*0636*0**1~
DTM*472*20211227~
CAS*CO*97*5.11*1~
REF*6R*VWCH0001374377-13~
LQ*HE*N130~
SVC*HC>Q9965*89.62*0*0636*0**10~
DTM*472*20211227~
CAS*CO*97*89.62*10~
REF*6R*VWCH0001374377-14~
LQ*HE*N130~
SVC*NU>0710*475.65*0**0**4~
DTM*472*20211227~
CAS*CO*97*475.65*4~
REF*6R*VWCH0001374377-15~
LQ*HE*N130~
CLP*VW6110101510800*1*655.2*246.61**13*220111E106570000*13*1~
NM1*QC*1*HOLSCHER*WILLIAM*J***MI*MEBD4N4S~
NM1*82*2*VAN WERT COUNTY HOSPITAL*****XX*1942267760~
REF*1L*455716-061~
REF*CE*STRS PPO PLAN NET 03418~
DTM*232*20211130~
DTM*233*20211130~
DTM*050*20220111~
PER*CX**TE*8006240756~
AMT*AU*655.2~
SVC*HC>20552*655.2*246.61*0510*1~
DTM*472*20211130~
CAS*CO*45*408.59~
REF*6R*VWCH0001335027-1~
AMT*B6*246.61~
LQ*HE*N59~
CLP*VW6110101100200*1*3690.54*723.62*2.05*13*220111E106590000*13*1~
NM1*QC*1*HAAS*RICHARD*M***MI*MEBJVGRS~
NM1*82*2*VAN WERT COUNTY HOSPITAL*****XX*1942267760~
REF*1L*455716-060~
REF*CE*STRS PPO PLAN NET 03418~
DTM*232*20211126~
DTM*233*20211126~
DTM*050*20220111~
PER*CX**TE*8006240756~
AMT*AU*2572.05~
SVC*NU>0258*17.5*0**0**1~
DTM*472*20211126~
CAS*CO*97*17.5*1~
REF*6R*VWCH0001328801-1~
LQ*HE*N130~
SVC*NU>0270*114.45*0**0**1~
DTM*472*20211126~
CAS*CO*97*114.45*1~
REF*6R*VWCH0001328801-2~
LQ*HE*N130~
SVC*NU>0272*72.35*0**0**1~
DTM*472*20211126~
CAS*CO*97*72.35*1~
REF*6R*VWCH0001328801-3~
LQ*HE*N130~
SVC*HC>80053*309.75*0*0301*0**1~
DTM*472*20211126~
CAS*CO*97*309.75*1~
REF*6R*VWCH0001328801-4~
LQ*HE*N130~
SVC*HC>83735*50.4*0*0301*0**1~
DTM*472*20211126~
CAS*CO*97*50.4*1~
REF*6R*VWCH0001328801-5~
LQ*HE*N130~
SVC*HC>83880*298.2*0*0301*0**1~
DTM*472*20211126~
CAS*CO*97*298.2*1~
REF*6R*VWCH0001328801-6~
LQ*HE*N130~
SVC*HC>84484*115.5*0*0301*0**1~
DTM*472*20211126~
CAS*CO*97*115.5*1~
REF*6R*VWCH0001328801-7~
LQ*HE*N130~
SVC*HC>85025*88.2*0*0305*0**1~
DTM*472*20211126~
CAS*CO*97*88.2*1~
REF*6R*VWCH0001328801-8~
LQ*HE*N130~
SVC*HC>87635*135*51.31*0306*1~
DTM*472*20211126~
CAS*CO*45*83.69~
REF*6R*VWCH0001328801-9~
AMT*B6*51.31~
LQ*HE*N59~
SVC*HC>81003*29.4*0*0307*0**1~
DTM*472*20211126~
CAS*CO*97*29.4*1~
REF*6R*VWCH0001328801-10~
LQ*HE*N130~
SVC*HC>71045*165.9*76.39*0324*1~
DTM*472*20211126~
CAS*CO*45*89.51~
REF*6R*VWCH0001328801-11~
AMT*B6*76.39~
LQ*HE*N59~
SVC*HC>70450*696.15*102.9*0351*1~
DTM*472*20211126~
CAS*CO*45*593.25~
REF*6R*VWCH0001328801-12~
AMT*B6*102.9~
LQ*HE*N59~
SVC*HC>99285>CS>25*1575*493.02*0450*1~
DTM*472*20211126~
CAS*CO*45*1081.98~
REF*6R*VWCH0001328801-13~
AMT*B6*493.02~
LQ*HE*N59~
SVC*HC>A9270>GY*2.05*0*0637*0**4~
DTM*472*20211126~
CAS*PR*96*2.05*4~
REF*6R*VWCH0001328801-14~
LQ*HE*N130~
SVC*HC>J9999>GY*15.27*0*0637*0*HC>A9270>GY*1~
DTM*472*20211126~
CAS*CO*97*15.27*1~
REF*6R*VWCH0001328801-15~
LQ*HE*N130~
SVC*HC>J9999>GY*2.95*0*0637*0*HC>A9270>GY*1~
DTM*472*20211126~
CAS*CO*97*2.95*1~
REF*6R*VWCH0001328801-16~
LQ*HE*N130~
SVC*HC>J9999>GY*2.47*0*0637*0*HC>A9270>GY*1~
DTM*472*20211126~
CAS*CO*97*2.47*1~
REF*6R*VWCH0001328801-17~
LQ*HE*N130~
CLP*VW6110103831500*1*4389.97*926.97*75*13*220111E106610000*13*1~
NM1*QC*1*BEVINGTON*RODNEY*E***MI*MEBD8XPS~
NM1*82*2*VAN WERT COUNTY HOSPITAL*****XX*1942267760~
REF*1L*455716-060~
REF*CE*STRS PPO PLAN NET 03418~
DTM*232*20211214~
DTM*233*20211215~
DTM*050*20220111~
PER*CX**TE*8006240756~
AMT*AU*2871.75~
SVC*NU>0258*35*0**0**2~
DTM*472*20211214~
CAS*CO*97*35*2~
REF*6R*VWCH0001351755-1~
LQ*HE*N130~
SVC*HC>96361*121.8*0*0260*1~
DTM*472*20211214~
CAS*CO*45*84.03~
CAS*PR*3*37.77~
REF*6R*VWCH0001351755-3~
AMT*B6*37.77~
SVC*HC>96360*420*154.93*0260*1~
DTM*472*20211214~
CAS*CO*45*227.84~
CAS*PR*3*37.23~
REF*6R*VWCH0001351755-2~
AMT*B6*192.16~
LQ*HE*N59~
SVC*NU>0270*114.45*0**0**1~
DTM*472*20211214~
CAS*CO*97*114.45*1~
REF*6R*VWCH0001351755-4~
LQ*HE*N130~
SVC*NU>0272*98.75*0**0**1~
DTM*472*20211214~
CAS*CO*97*98.75*1~
REF*6R*VWCH0001351755-5~
LQ*HE*N130~
SVC*HC>84484*115.5*0*0301*0**1~
DTM*472*20211214~
CAS*CO*97*115.5*1~
REF*6R*VWCH0001351755-8~
LQ*HE*N130~
SVC*HC>82948>91*11.55*0*0301*0**1~
DTM*472*20211215~
CAS*CO*97*11.55*1~
REF*6R*VWCH0001351755-20~
LQ*HE*N130~
SVC*HC>82948*11.55*0*0301*0**1~
DTM*472*20211215~
CAS*CO*97*11.55*1~
REF*6R*VWCH0001351755-19~
LQ*HE*N130~
SVC*HC>83880*298.2*0*0301*0**1~
DTM*472*20211214~
CAS*CO*97*298.2*1~
REF*6R*VWCH0001351755-7~
LQ*HE*N130~
SVC*HC>80053*309.75*0*0301*0**1~
DTM*472*20211214~
CAS*CO*97*309.75*1~
REF*6R*VWCH0001351755-6~
LQ*HE*N130~
SVC*HC>86140*140.7*0*0302*0**1~
DTM*472*20211214~
CAS*CO*97*140.7*1~
REF*6R*VWCH0001351755-9~
LQ*HE*N130~
SVC*HC>85651*11.55*0*0305*0**1~
DTM*472*20211214~
CAS*CO*97*11.55*1~
REF*6R*VWCH0001351755-12~
LQ*HE*N130~
SVC*HC>85379*33.6*0*0305*0**1~
DTM*472*20211214~
CAS*CO*97*33.6*1~
REF*6R*VWCH0001351755-11~
LQ*HE*N130~
SVC*HC>85025*88.2*0*0305*0**1~
DTM*472*20211214~
CAS*CO*97*88.2*1~
REF*6R*VWCH0001351755-10~
LQ*HE*N130~
SVC*HC>81003*29.4*0*0307*0**1~
DTM*472*20211214~
CAS*CO*97*29.4*1~
REF*6R*VWCH0001351755-13~
LQ*HE*N130~
SVC*HC>71045*165.9*76.39*0324*1~
DTM*472*20211214~
CAS*CO*45*89.51~
REF*6R*VWCH0001351755-14~
AMT*B6*76.39~
LQ*HE*N59~
SVC*HC>97110>GP*99.75*29.21*0420*1~
DTM*472*20211215~
CAS*CO*45*70.54~
REF*6R*VWCH0001351755-21~
AMT*B6*29.21~
LQ*HE*N59~
SVC*HC>97162>GP*282.45*98.02*0424*1~
DTM*472*20211214~
CAS*CO*45*184.43~
REF*6R*VWCH0001351755-15~
AMT*B6*98.02~
LQ*HE*N59~
SVC*HC>97166>GO*206.85*75.4*0434*1~
DTM*472*20211214~
CAS*CO*45*131.45~
REF*6R*VWCH0001351755-16~
AMT*B6*75.4~
LQ*HE*N59~
SVC*HC>99285>25*1575*493.02*0450*1~
DTM*472*20211214~
CAS*CO*45*1081.98~
REF*6R*VWCH0001351755-17~
AMT*B6*493.02~
LQ*HE*N59~
SVC*HC>J9999>GY*4.25*0*0637*0*HC>A9270>GY*1~
DTM*472*20211215~
CAS*CO*97*4.25*1~
REF*6R*VWCH0001351755-23~
LQ*HE*N130~
SVC*HC>J9999>GY*3.67*0*0637*0*HC>A9270>GY*2~
DTM*472*20211215~
CAS*CO*97*3.67*2~
REF*6R*VWCH0001351755-22~
LQ*HE*N130~
SVC*HC>93005*212.1*0*0730*0**1~
DTM*472*20211214~
CAS*CO*97*212.1*1~
REF*6R*VWCH0001351755-18~
LQ*HE*N130~
CLP*VW6110099607302*1*425.51*123.24**13*220111E106620000*13*7~
NM1*QC*1*HILVERS*CAROL*A***MI*MEBNZYXC~
NM1*82*2*VAN WERT COUNTY HOSPITAL*****XX*1942267760~
REF*1L*441297-006~
REF*CE*MEDICARE (S02) PPO PLAN NET 03418~
DTM*232*20211117~
DTM*233*20211117~
DTM*050*20220111~
PER*CX**TE*8006240756~
AMT*AU*425.51~
SVC*HC>80048*52.95*8.46*0301*1~
DTM*472*20211117~
CAS*CO*45*44.49~
REF*6R*VWCH0001353920-1~
AMT*B6*8.46~
LQ*HE*N59~
SVC*HC>82306*74.5*29.6*0301*1~
DTM*472*20211117~
CAS*CO*45*44.9~
REF*6R*VWCH0001353920-2~
AMT*B6*29.6~
LQ*HE*N59~
SVC*HC>82570*17.65*5.18*0301*1~
DTM*472*20211117~
CAS*CO*45*12.47~
REF*6R*VWCH0001353920-3~
AMT*B6*5.18~
LQ*HE*N59~
SVC*HC>82607*41.18*15.08*0301*1~
DTM*472*20211117~
CAS*CO*45*26.1~
REF*6R*VWCH0001353920-4~
AMT*B6*15.08~
LQ*HE*N59~
SVC*HC>82728*41.18*13.63*0301*1~
DTM*472*20211117~
CAS*CO*45*27.55~
REF*6R*VWCH0001353920-5~
AMT*B6*13.63~
LQ*HE*N59~
SVC*HC>82746*41.18*14.7*0301*1~
DTM*472*20211117~
CAS*CO*45*26.48~
REF*6R*VWCH0001353920-6~
AMT*B6*14.7~
LQ*HE*N59~
SVC*HC>83540*25.49*6.47*0301*1~
DTM*472*20211117~
CAS*CO*45*19.02~
REF*6R*VWCH0001353920-7~
AMT*B6*6.47~
LQ*HE*N59~
SVC*HC>83550*21.57*8.74*0301*1~
DTM*472*20211117~
CAS*CO*45*12.83~
REF*6R*VWCH0001353920-8~
AMT*B6*8.74~
LQ*HE*N59~
SVC*HC>84156*17.65*3.67*0301*1~
DTM*472*20211117~
CAS*CO*45*13.98~
REF*6R*VWCH0001353920-9~
AMT*B6*3.67~
LQ*HE*N59~
SVC*HC>85027*39.21*6.47*0305*1~
DTM*472*20211117~
CAS*CO*45*32.74~
REF*6R*VWCH0001353920-10~
AMT*B6*6.47~
LQ*HE*N59~
SVC*HC>87086*31.38*8.07*0306*1~
DTM*472*20211117~
CAS*CO*45*23.31~
REF*6R*VWCH0001353920-11~
AMT*B6*8.07~
LQ*HE*N59~
SVC*HC>81001*21.57*3.17*0307*1~
DTM*472*20211117~
CAS*CO*45*18.4~
REF*6R*VWCH0001353920-12~
AMT*B6*3.17~
LQ*HE*N59~
CLP*VW6110094004500*1*951.3*211.32*8.79*13*220111E151930000*13*7~
NM1*QC*1*LANGDON*KEITH*D***MI*MEBLNPKP~
NM1*82*2*VAN WERT COUNTY HOSPITAL*****XX*1942267760~
REF*1L*455716-060~
REF*CE*STRS PPO PLAN NET 03418~
DTM*232*20211005~
DTM*233*20211012~
DTM*050*20220111~
PER*CX**TE*8006240756~
AMT*AU*951.3~
SVC*HC>97110>GP>KX*199.5*49.95*0420*2~
DTM*472*20211005~
CAS*CO*45*147.47~
CAS*PR*2*2.08~
REF*6R*VWCH0001374218-1~
AMT*B6*52.03~
LQ*HE*N59~
SVC*HC>97140>GP>KX*117.6*20.49*0420*1~
DTM*472*20211005~
CAS*CO*45*96.26~
CAS*PR*2*.85~
REF*6R*VWCH0001374218-2~
AMT*B6*21.34~
LQ*HE*N59~
SVC*HC>97110>GP>KX*199.5*49.95*0420*2~
DTM*472*20211007~
CAS*CO*45*147.47~
CAS*PR*2*2.08~
REF*6R*VWCH0001374218-3~
AMT*B6*52.03~
LQ*HE*N59~
SVC*HC>97140>GP>KX*117.6*20.49*0420*1~
DTM*472*20211007~
CAS*CO*45*96.26~
CAS*PR*2*.85~
REF*6R*VWCH0001374218-4~
AMT*B6*21.34~
LQ*HE*N59~
SVC*HC>97110>GP>KX*199.5*49.95*0420*2~
DTM*472*20211012~
CAS*CO*45*147.47~
CAS*PR*2*2.08~
REF*6R*VWCH0001374218-5~
AMT*B6*52.03~
LQ*HE*N59~
SVC*HC>97140>GP>KX*117.6*20.49*0420*1~
DTM*472*20211012~
CAS*CO*45*96.26~
CAS*PR*2*.85~
REF*6R*VWCH0001374218-6~
AMT*B6*21.34~
LQ*HE*N59~
CLP*VW6110103360800*1*3394.25*536.17*75*13*220111E151950000*13*1~
NM1*QC*1*BEVINGTON*RODNEY*E***MI*MEBD8XPS~
NM1*82*2*VAN WERT COUNTY HOSPITAL*****XX*1942267760~
REF*1L*455716-060~
REF*CE*STRS PPO PLAN NET 03418~
DTM*232*20211210~
DTM*233*20211210~
DTM*050*20220111~
PER*CX**TE*8006240756~
AMT*AU*2238.6~
SVC*NU>0258*17.5*0**0**1~
DTM*472*20211210~
CAS*CO*97*17.5*1~
REF*6R*VWCH0001349734-1~
LQ*HE*N130~
SVC*HC>96360*420*117.16*0260*1~
DTM*472*20211210~
CAS*CO*45*227.84~
CAS*PR*3*75~
REF*6R*VWCH0001349734-2~
AMT*B6*192.16~
LQ*HE*N59~
SVC*HC>96361*243.6*75.54*0260*2~
DTM*472*20211210~
CAS*CO*45*168.06~
REF*6R*VWCH0001349734-3~
AMT*B6*75.54~
LQ*HE*N59~
SVC*NU>0270*114.45*0**0**1~
DTM*472*20211210~
CAS*CO*97*114.45*1~
REF*6R*VWCH0001349734-4~
LQ*HE*N130~
SVC*HC>36415*21*0*0300*0**1~
DTM*472*20211210~
CAS*CO*97*21*1~
REF*6R*VWCH0001349734-5~
LQ*HE*N130~
SVC*HC>80048*204.75*0*0301*0**1~
DTM*472*20211210~
CAS*CO*97*204.75*1~
REF*6R*VWCH0001349734-6~
LQ*HE*N130~
SVC*HC>80076*51.45*0*0301*0**1~
DTM*472*20211210~
CAS*CO*97*51.45*1~
REF*6R*VWCH0001349734-7~
LQ*HE*N130~
SVC*HC>82550*22.05*0*0301*0**1~
DTM*472*20211210~
CAS*CO*97*22.05*1~
REF*6R*VWCH0001349734-8~
LQ*HE*N130~
SVC*HC>83735*50.4*0*0301*0**1~
DTM*472*20211210~
CAS*CO*97*50.4*1~
REF*6R*VWCH0001349734-9~
LQ*HE*N130~
SVC*HC>83880*298.2*0*0301*0**1~
DTM*472*20211210~
CAS*CO*96*298.2*1~
REF*6R*VWCH0001349734-10~
LQ*HE*N115~
SVC*HC>84443*142.8*0*0301*0**1~
DTM*472*20211210~
CAS*CO*97*142.8*1~
REF*6R*VWCH0001349734-11~
LQ*HE*N130~
SVC*HC>84484*115.5*0*0301*0**1~
DTM*472*20211210~
CAS*CO*97*115.5*1~
REF*6R*VWCH0001349734-12~
LQ*HE*N130~
SVC*HC>85025*88.2*0*0305*0**1~
DTM*472*20211210~
CAS*CO*97*88.2*1~
REF*6R*VWCH0001349734-13~
LQ*HE*N130~
SVC*HC>85610*27.3*0*0305*0**1~
DTM*472*20211210~
CAS*CO*97*27.3*1~
REF*6R*VWCH0001349734-14~
LQ*HE*N130~
SVC*HC>J9999>GY*2.05*0*0637*0*HC>A9270>GY*3~
DTM*472*20211210~
CAS*CO*97*2.05*3~
REF*6R*VWCH0001349734-16~
LQ*HE*N130~
SVC*HC>99284>25*1575*343.47*0450*1*HC>99285>25~
DTM*472*20211210~
CAS*CO*45*1231.53~
REF*6R*VWCH0001349734-15~
AMT*B6*343.47~
LQ*HE*N59~
CLP*VW6110081022301*22*-210*0**13*211229E490750000*13*7~
NM1*QC*1*BEVINGTON*KAY*J***MI*MEBD38HX~
NM1*82*2*VAN WERT COUNTY HOSPITAL*****XX*1942267760~
REF*1L*455716-060~
REF*CE*STRS PPO PLAN NET 03418~
DTM*232*20210608~
DTM*233*20210608~
DTM*050*20211229~
PER*CX**TE*8006240756~
SVC*HC>93798*-210*0*0943*0**1~
DTM*472*20210608~
CAS*OA*18*-210*1~
REF*6R*VWCH0001360926-1~
LQ*HE*MA67~
LQ*HE*N522~
CLP*VW6110081022301*1*210*105.21*4.38*13*220113C490750000*13*7~
NM1*QC*1*BEVINGTON*KAY*J***MI*MEBD38HX~
NM1*82*2*VAN WERT COUNTY HOSPITAL*****XX*1942267760~
REF*1L*455716-060~
REF*CE*STRS PPO PLAN NET 03418~
REF*F8*211229E490750000~
DTM*232*20210608~
DTM*233*20210608~
DTM*050*20220113~
PER*CX**TE*8006240756~
AMT*AU*210~
SVC*HC>93798*210*105.21*0943*1~
DTM*472*20210608~
CAS*CO*45*100.41~
CAS*PR*3*4.38~
REF*6R*VWCH0001360926-1~
AMT*B6*109.59~
LQ*HE*N59~
CLP*VW6110106272700*1*16751.99*2254.32*194.55*13*220113E008280000*13*1~
NM1*QC*1*OWENS*MARSHA*R***MI*MEBKK8KF~
NM1*82*2*VAN WERT COUNTY HOSPITAL*****XX*1942267760~
REF*1L*455716-060~
REF*CE*STRS PPO PLAN NET 03418~
DTM*232*20211229~
DTM*233*20211231~
DTM*050*20220113~
PER*CX**TE*8006240756~
AMT*AU*2062.2~
SVC*NU>0250*95.66*0**0**2~
DTM*472*20211229~
CAS*CO*97*95.66*2~
REF*6R*VWCH0001379025-20~
LQ*HE*N130~
SVC*NU>0250*178.37*0**0**5~
DTM*472*20211229~
CAS*CO*97*178.37*5~
REF*6R*VWCH0001379025-1~
LQ*HE*N130~
SVC*NU>0258*17.5*0**0**1~
DTM*472*20211229~
CAS*CO*97*17.5*1~
REF*6R*VWCH0001379025-2~
LQ*HE*N130~
SVC*NU>0258*17.5*0**0**1~
DTM*472*20211230~
CAS*CO*97*17.5*1~
REF*6R*VWCH0001379025-21~
LQ*HE*N130~
SVC*HC>96361*1218*0*0260*0**10~
DTM*472*20211230~
CAS*CO*97*1218*10~
REF*6R*VWCH0001379025-22~
LQ*HE*N130~
SVC*HC>96376*107.1*0*0260*0**1~
DTM*472*20211231~
CAS*CO*97*107.1*1~
REF*6R*VWCH0001379025-48~
LQ*HE*N130~
SVC*HC>96361*2070.6*0*0260*0**17~
DTM*472*20211231~
CAS*CO*97*2070.6*17~
REF*6R*VWCH0001379025-47~
LQ*HE*N130~
SVC*HC>96376>59*107.1*0*0260*0**1~
DTM*472*20211230~
CAS*CO*97*107.1*1~
REF*6R*VWCH0001379025-25~
LQ*HE*N130~
SVC*HC>96375>59*128.1*0*0260*0**1~
DTM*472*20211230~
CAS*CO*97*128.1*1~
REF*6R*VWCH0001379025-24~
LQ*HE*N130~
SVC*HC>96366*1734.6*0*0260*0**14~
DTM*472*20211230~
CAS*CO*97*1734.6*14~
REF*6R*VWCH0001379025-23~
LQ*HE*N130~
SVC*HC>96366*495.6*0*0260*0**4~
DTM*472*20211229~
CAS*CO*97*495.6*4~
REF*6R*VWCH0001379025-4~
LQ*HE*N130~
SVC*HC>96376*107.1*0*0260*0**1~
DTM*472*20211229~
CAS*CO*97*107.1*1~
REF*6R*VWCH0001379025-8~
LQ*HE*N130~
SVC*HC>96375*256.2*0*0260*0**2~
DTM*472*20211229~
CAS*CO*97*256.2*2~
REF*6R*VWCH0001379025-7~
LQ*HE*N130~
SVC*HC>96368*134.4*0*0260*0**1~
DTM*472*20211229~
CAS*CO*97*134.4*1~
REF*6R*VWCH0001379025-6~
LQ*HE*N130~
SVC*HC>96367*331.8*0*0260*0**1~
DTM*472*20211229~
CAS*CO*97*331.8*1~
REF*6R*VWCH0001379025-5~
LQ*HE*N130~
SVC*HC>96365*420*0*0260*0**1~
DTM*472*20211229~
CAS*CO*97*420*1~
REF*6R*VWCH0001379025-3~
LQ*HE*N130~
SVC*HC>36415*21*0*0300*0**1~
DTM*472*20211229~
CAS*CO*97*21*1~
REF*6R*VWCH0001379025-9~
LQ*HE*N130~
SVC*HC>36415*21*0*0300*0**1~
DTM*472*20211231~
CAS*CO*97*21*1~
REF*6R*VWCH0001379025-49~
LQ*HE*N130~
SVC*HC>36415*21*0*0300*0**1~
DTM*472*20211230~
CAS*CO*97*21*1~
REF*6R*VWCH0001379025-26~
LQ*HE*N130~
SVC*HC>82607*49.35*0*0301*0**1~
DTM*472*20211230~
CAS*CO*97*49.35*1~
REF*6R*VWCH0001379025-28~
LQ*HE*N130~
SVC*HC>80048*204.75*0*0301*0**1~
DTM*472*20211231~
CAS*CO*97*204.75*1~
REF*6R*VWCH0001379025-50~
LQ*HE*N130~
SVC*HC>83735*50.4*0*0301*0**1~
DTM*472*20211231~
CAS*CO*97*50.4*1~
REF*6R*VWCH0001379025-53~
LQ*HE*N130~
SVC*HC>82948>91*11.55*0*0301*0**1~
DTM*472*20211231~
CAS*CO*97*11.55*1~
REF*6R*VWCH0001379025-52~
LQ*HE*N130~
SVC*HC>82948*11.55*0*0301*0**1~
DTM*472*20211231~
CAS*CO*97*11.55*1~
REF*6R*VWCH0001379025-51~
LQ*HE*N130~
SVC*HC>83735*50.4*0*0301*0**1~
DTM*472*20211230~
CAS*CO*97*50.4*1~
REF*6R*VWCH0001379025-34~
LQ*HE*N130~
SVC*HC>83550*29.4*0*0301*0**1~
DTM*472*20211230~
CAS*CO*97*29.4*1~
REF*6R*VWCH0001379025-33~
LQ*HE*N130~
SVC*HC>83540*21*0*0301*0**1~
DTM*472*20211230~
CAS*CO*97*21*1~
REF*6R*VWCH0001379025-32~
LQ*HE*N130~
SVC*HC>82948>91*34.65*0*0301*0**3~
DTM*472*20211230~
CAS*CO*97*34.65*3~
REF*6R*VWCH0001379025-31~
LQ*HE*N130~
SVC*HC>82948*11.55*0*0301*0**1~
DTM*472*20211230~
CAS*CO*97*11.55*1~
REF*6R*VWCH0001379025-30~
LQ*HE*N130~
SVC*HC>82746*48.3*0*0301*0**1~
DTM*472*20211230~
CAS*CO*97*48.3*1~
REF*6R*VWCH0001379025-29~
LQ*HE*N130~
SVC*HC>80048*204.75*0*0301*0**1~
DTM*472*20211230~
CAS*CO*97*204.75*1~
REF*6R*VWCH0001379025-27~
LQ*HE*N130~
SVC*HC>80048*204.75*0*0301*0**1~
DTM*472*20211229~
CAS*CO*97*204.75*1~
REF*6R*VWCH0001379025-10~
LQ*HE*N130~
SVC*HC>84484*115.5*0*0301*0**1~
DTM*472*20211229~
CAS*CO*97*115.5*1~
REF*6R*VWCH0001379025-13~
LQ*HE*N130~
SVC*HC>83880*298.2*0*0301*0**1~
DTM*472*20211229~
CAS*CO*97*298.2*1~
REF*6R*VWCH0001379025-12~
LQ*HE*N130~
SVC*HC>83735*50.4*0*0301*0**1~
DTM*472*20211229~
CAS*CO*97*50.4*1~
REF*6R*VWCH0001379025-11~
LQ*HE*N130~
SVC*HC>85025*88.2*0*0305*0**1~
DTM*472*20211229~
CAS*CO*97*88.2*1~
REF*6R*VWCH0001379025-14~
LQ*HE*N130~
SVC*HC>85025*88.2*0*0305*0**1~
DTM*472*20211230~
CAS*CO*97*88.2*1~
REF*6R*VWCH0001379025-35~
LQ*HE*N130~
SVC*HC>85025*88.2*0*0305*0**1~
DTM*472*20211231~
CAS*CO*97*88.2*1~
REF*6R*VWCH0001379025-54~
LQ*HE*N130~
SVC*HC>71045*165.9*0*0324*0**1~
DTM*472*20211229~
CAS*CO*97*165.9*1~
REF*6R*VWCH0001379025-15~
LQ*HE*N130~
SVC*HC>97162>GP*282.45*23.02*0424*1~
DTM*472*20211230~
CAS*CO*45*184.43~
CAS*PR*3*75~
REF*6R*VWCH0001379025-36~
AMT*B6*98.02~
LQ*HE*N59~
SVC*HC>97165>GO*204.75*75.4*0434*1~
DTM*472*20211230~
CAS*CO*45*129.35~
REF*6R*VWCH0001379025-37~
AMT*B6*75.4~
LQ*HE*N59~
SVC*HC>99285>25*1575*2155.9*0450*1~
DTM*472*20211229~
CAS*CO*45*-580.9~
REF*6R*VWCH0001379025-16~
AMT*B6*2155.9~
LQ*HE*N59~
SVC*HC>93306*2025.45*0*0483*0**1~
DTM*472*20211230~
CAS*CO*97*2025.45*1~
REF*6R*VWCH0001379025-38~
LQ*HE*N130~
SVC*HC>J1160*18.16*0*0636*0**1~
DTM*472*20211230~
CAS*CO*97*18.16*1~
REF*6R*VWCH0001379025-39~
LQ*HE*N130~
SVC*HC>J1160*18.16*0*0636*0**1~
DTM*472*20211231~
CAS*CO*97*18.16*1~
REF*6R*VWCH0001379025-55~
LQ*HE*N130~
SVC*HC>J3475*127.05*0*0636*0**6~
DTM*472*20211229~
CAS*CO*97*127.05*6~
REF*6R*VWCH0001379025-17~
LQ*HE*N130~
SVC*HC>A9270>GY*33.5*0*0637*0**2~
DTM*472*20211231~
CAS*PR*96*33.5*2~
REF*6R*VWCH0001379025-56~
LQ*HE*N130~
SVC*HC>A9270>GY*2.84*0*0637*0**1~
DTM*472*20211231~
CAS*PR*96*2.84*1~
REF*6R*VWCH0001379025-64~
LQ*HE*N130~
SVC*HC>A9270>GY*14.1*0*0637*0**1~
DTM*472*20211231~
CAS*PR*96*14.1*1~
REF*6R*VWCH0001379025-63~
LQ*HE*N130~
SVC*HC>A9270>GY*3.47*0*0637*0**2~
DTM*472*20211231~
CAS*PR*96*3.47*2~
REF*6R*VWCH0001379025-62~
LQ*HE*N130~
SVC*HC>A9270>GY*2.23*0*0637*0**1~
DTM*472*20211231~
CAS*PI*16*2.23*1~
REF*6R*VWCH0001379025-61~
LQ*HE*M49~
SVC*HC>A9270>GY*2.05*0*0637*0**1~
DTM*472*20211231~
CAS*PR*96*2.05*1~
REF*6R*VWCH0001379025-60~
LQ*HE*N130~
SVC*HC>A9270>GY*4.54*0*0637*0**1~
DTM*472*20211231~
CAS*PR*96*4.54*1~
REF*6R*VWCH0001379025-59~
LQ*HE*N130~
SVC*HC>A9270>GY*15.27*0*0637*0**1~
DTM*472*20211231~
CAS*PR*96*15.27*1~
REF*6R*VWCH0001379025-58~
LQ*HE*N130~
SVC*HC>A9270>GY*2.49*0*0637*0**2~
DTM*472*20211231~
CAS*PR*96*2.49*2~
REF*6R*VWCH0001379025-57~
LQ*HE*N130~
SVC*HC>A9270>GY*35.06*0*0637*0**2~
DTM*472*20211230~
CAS*PI*16*35.06*2~
REF*6R*VWCH0001379025-40~
LQ*HE*M49~
SVC*HC>A9270>GY*2.84*0*0637*0**1~
DTM*472*20211230~
CAS*PR*96*2.84*1~
REF*6R*VWCH0001379025-46~
LQ*HE*N130~
SVC*HC>A9270>GY*14.1*0*0637*0**1~
DTM*472*20211230~
CAS*PR*96*14.1*1~
REF*6R*VWCH0001379025-45~
LQ*HE*N130~
SVC*HC>A9270>GY*2.05*0*0637*0**1~
DTM*472*20211230~
CAS*PR*96*2.05*1~
REF*6R*VWCH0001379025-44~
LQ*HE*N130~
SVC*HC>A9270>GY*4.54*0*0637*0**1~
DTM*472*20211230~
CAS*PR*96*4.54*1~
REF*6R*VWCH0001379025-43~
LQ*HE*N130~
SVC*HC>A9270>GY*15.27*0*0637*0**1~
DTM*472*20211230~
CAS*PR*96*15.27*1~
REF*6R*VWCH0001379025-42~
LQ*HE*N130~
SVC*HC>A9270>GY*2.49*0*0637*0**2~
DTM*472*20211230~
CAS*PR*96*2.49*2~
REF*6R*VWCH0001379025-41~
LQ*HE*N130~
SVC*HC>93005*212.1*0*0730*0**1~
DTM*472*20211229~
CAS*CO*97*212.1*1~
REF*6R*VWCH0001379025-18~
LQ*HE*N130~
SVC*HC>G0378*2822.4*0*0762*0**42~
DTM*472*20211229~
CAS*CO*97*2822.4*42~
REF*6R*VWCH0001379025-19~
LQ*HE*N130~
CLP*VW6110104459701*1*31.38*8.07**13*220114E008380000*13*1~
NM1*QC*1*RINGWALD*MEREDITH*J***MI*MEBG9F1F~
NM1*82*2*VAN WERT COUNTY HOSPITAL*****XX*1942267760~
REF*1L*441301-006~
REF*CE*MEDICARE (S02) PPO PLAN NET 03418~
DTM*232*20211217~
DTM*233*20211217~
DTM*050*20220114~
PER*CX**TE*8006240756~
AMT*AU*31.38~
SVC*HC>87086*31.38*8.07*0306*1~
DTM*472*20211217~
CAS*CO*45*23.31~
REF*6R*VWCH0001381176-1~
AMT*B6*8.07~
LQ*HE*N59~
CLP*VW6110104835300*1*203.7*0**13*220114E008390000*13*1~
NM1*QC*1*DULL*ELAINE****MI*MEBS7BFK~
NM1*82*2*VAN WERT COUNTY HOSPITAL*****XX*1942267760~
REF*1L*467098-026~
REF*CE*VALUE PPO NET 03418~
DTM*232*20211221~
DTM*233*20211221~
DTM*050*20220114~
PER*CX**TE*8006240756~
SVC*HC>99213*203.7*0*0510*0**1~
DTM*472*20211221~
CAS*PI*16*203.7*1~
REF*6R*VWCH0001381482-1~
LQ*HE*MA30~
LQ*HE*M51~
CLP*VW6110102436902*1*2789.85*329.86*90*13*220114E033220000*13*7~
NM1*QC*1*SHADRACH*ROBERT*A***MI*MEBVG52J~
NM1*82*2*VAN WERT COUNTY HOSPITAL*****XX*1942267760~
REF*1L*467098-029~
REF*CE*VALUE PPO NET 03418~
DTM*232*20211205~
DTM*233*20211205~
DTM*050*20220114~
PER*CX**TE*8006240756~
AMT*AU*1587.6~
SVC*NU>0270*114.45*0**0**1~
DTM*472*20211205~
CAS*CO*97*114.45*1~
REF*6R*VWCH0001381065-1~
LQ*HE*MA67~
LQ*HE*N130~
SVC*HC>36415*21*0*0300*0**1~
DTM*472*20211205~
CAS*CO*97*21*1~
REF*6R*VWCH0001381065-2~
LQ*HE*MA67~
LQ*HE*N130~
SVC*HC>36415>59*21*0*0300*0**1~
DTM*472*20211205~
CAS*CO*97*21*1~
REF*6R*VWCH0001381065-3~
LQ*HE*MA67~
LQ*HE*N130~
SVC*HC>80053*309.75*0*0301*0**1~
DTM*472*20211205~
CAS*CO*97*309.75*1~
REF*6R*VWCH0001381065-4~
LQ*HE*MA67~
LQ*HE*N130~
SVC*HC>83605*123.9*0*0301*0**1~
DTM*472*20211205~
CAS*CO*97*123.9*1~
REF*6R*VWCH0001381065-5~
LQ*HE*MA67~
LQ*HE*N130~
SVC*HC>84484*115.5*0*0301*0**1~
DTM*472*20211205~
CAS*CO*97*115.5*1~
REF*6R*VWCH0001381065-6~
LQ*HE*MA67~
LQ*HE*N130~
SVC*HC>85025*88.2*0*0305*0**1~
DTM*472*20211205~
CAS*CO*97*88.2*1~
REF*6R*VWCH0001381065-7~
LQ*HE*MA67~
LQ*HE*N130~
SVC*HC>87040*88.2*0*0306*0**1~
DTM*472*20211205~
CAS*CO*97*88.2*1~
REF*6R*VWCH0001381065-8~
LQ*HE*MA67~
LQ*HE*N130~
SVC*HC>87040>91*88.2*0*0306*0**1~
DTM*472*20211205~
CAS*CO*97*88.2*1~
REF*6R*VWCH0001381065-9~
LQ*HE*MA67~
LQ*HE*N130~
SVC*HC>87801*232.05*0*0306*0**1~
DTM*472*20211205~
CAS*CO*97*232.05*1~
REF*6R*VWCH0001381065-10~
LQ*HE*MA67~
LQ*HE*N130~
LQ*HE*N623~
SVC*HC>71045*165.9*76.39*0324*1~
DTM*472*20211205~
CAS*CO*45*89.51~
REF*6R*VWCH0001381065-11~
AMT*B6*76.39~
LQ*HE*N59~
SVC*HC>99284>25*1421.7*253.47*0450*1~
DTM*472*20211205~
CAS*CO*45*1078.23~
CAS*PR*3*90~
REF*6R*VWCH0001381065-12~
AMT*B6*343.47~
LQ*HE*N59~
CLP*VW6110105642800*1*2851.8*323.87*235*13*220114E108980000*13*7~
NM1*QC*1*LANE*SANDRA*L***MI*MEBVFCHC~
NM1*82*2*VAN WERT COUNTY HOSPITAL*****XX*1942267760~
REF*1L*467098-029~
REF*CE*VALUE PPO NET 03418~
DTM*232*20211227~
DTM*233*20211227~
DTM*050*20220114~
PER*CX**TE*8006240756~
AMT*AU*2851.8~
SVC*HC>93306*2025.45*305.97*0483*1~
DTM*472*20211227~
CAS*CO*45*1569.48~
CAS*PR*3*150~
REF*6R*VWCH0001381053-2~
AMT*B6*455.97~
LQ*HE*N59~
SVC*HC>71250*826.35*17.9*0352*1~
DTM*472*20211227~
CAS*CO*45*723.45~
CAS*PR*3*85~
REF*6R*VWCH0001381053-1~
AMT*B6*102.9~
LQ*HE*N59~
SE*3469*1280~
ST*835*1569~
BPR*I*281.86*C*ACH*CCP*01*031100209*DA*0038865237*1066033492**01*042200910*DA*5313613472*20220121~
TRN*1*160118220268745*1066033492~
REF*EV*XXXXXXXXXXXXXXXXXXXXXXXXXXXXXX~
DTM*405*20220119~
N1*PR*AETNA~
N3*151 FARMINGTON AVENUE~
N4*HARTFORD*CT*06156~
REF*2U*60054~
PER*BL*Provider Service~
N1*PE*VAN WERT MEDICAL SERVICES, LTD.*XX*1942268735~
N3*PO BOX 447~
N4*MIDDLETOWN*OH*450420447~
REF*PQ*047090060~
REF*TJ*202812541~
LX*1~
TS3*1194165266*11*20221231*1*224~
CLP*6702770410*1*224*146.47**13*220115E108410000*11*1~
NM1*QC*1*VANTILBURG*NORMAN*E***MI*MEBD80LW~
NM1*82*2*VAN WERT MEDICAL SERVICES, LTD.*****XX*1194165266~
REF*1L*455716-061~
REF*CE*STRS PPO PLAN NET 03418~
DTM*232*20211223~
DTM*233*20211223~
DTM*050*20220115~
PER*CX**TE*8006240756~
AMT*AU*224~
SVC*HC>G0444*27*17.81**1~
DTM*472*20211223~
CAS*CO*45*9.19~
REF*6R*VWMS0001382325-2~
AMT*B6*17.81~
LQ*HE*N59~
SVC*HC>G0439*197*128.66**1~
DTM*472*20211223~
CAS*CO*45*68.34~
REF*6R*VWMS0001382325-1~
AMT*B6*128.66~
LQ*HE*N59~
LX*2~
TS3*1427111848*11*20221231*1*197~
CLP*6702759380*1*197*126.5**13*220113E135550000*11*7~
NM1*QC*1*MATHEW*PATRICIA*J***MI*MEBTXCTF~
NM1*82*2*VAN WERT MEDICAL SERVICES, LTD.*****XX*1427111848~
REF*1L*467098-029~
REF*CE*VALUE PPO NET 03418~
DTM*232*20210319~
DTM*233*20210319~
DTM*050*20220113~
PER*CX**TE*8006240756~
AMT*AU*160~
SVC*HC>99214>25*160*126.5**1~
DTM*472*20210319~
CAS*CO*45*33.5~
REF*6R*VWMS0001379418-1~
AMT*B6*126.5~
LQ*HE*N59~
SVC*HC>81003>QW>59*37*0**0**1~
DTM*472*20210319~
CAS*OA*18*37*1~
REF*6R*VWMS0001379418-2~
LQ*HE*MA67~
LQ*HE*N522~
LX*3~
TS3*1780647560*23*20221231*1*33~
CLP*6702770340*1*33*8.89**13*220115E058670000*23*1~
NM1*QC*1*MCCLURE*ROSALIE*A***MI*MEBFH11F~
NM1*82*2*VAN WERT MEDICAL SERVICES, LTD.*****XX*1780647560~
REF*1L*466235-004~
REF*CE*SERS PPO PLAN NET 03418~
DTM*232*20211230~
DTM*233*20211230~
DTM*050*20220115~
PER*CX**TE*8006240756~
AMT*AU*33~
SVC*HC>71045>26*33*8.89**1~
DTM*472*20211230~
CAS*CO*45*24.11~
REF*6R*VWMS0001382215-1~
AMT*B6*8.89~
LQ*HE*N59~
SE*82*1569~
ST*835*1570~
BPR*H*0*C*NON************20220118~
TRN*1*FC9220190007821*1066033492~
REF*EV*XXXXXXXXXXXXXXXXXXXXXXXXXXXXXX~
DTM*405*20220119~
N1*PR*AETNA~
N3*151 FARMINGTON AVENUE~
N4*HARTFORD*CT*06156~
REF*2U*60054~
PER*BL*Provider Service~
N1*PE*VAN WERT MEDICAL SERVICES, LTD.*XX*1942268735~
N3*P.O. BOX 447~
N4*MIDDLETOWN*OH*45042~
REF*PQ*047090060~
REF*TJ*202812541~
LX*1~
TS3*1205192192*11*20221231*2*790~
CLP*6702718360*1*350*0**13*220115E008100000*11*1~
NM1*QC*1*BROWN*LEONA*M***MI*MEBNX9PT~
NM1*82*2*VAN WERT MEDICAL SERVICES, LTD.*****XX*1205192192~
REF*1L*467482-042~
REF*CE*MEDICARE (S02) PPO PLAN NET 03418~
DTM*232*20211227~
DTM*233*20211227~
DTM*050*20220115~
PER*CX**TE*8006240756~
SVC*HC>99203>25*160*0**0**1~
DTM*472*20211227~
CAS*OA*18*160*1~
REF*6R*VWMS0001382825-2~
LQ*HE*N522~
SVC*HC>29580>50*190*0**0**1~
DTM*472*20211227~
CAS*OA*18*190*1~
REF*6R*VWMS0001382825-1~
LQ*HE*N522~
CLP*6702723270*1*440*0**13*220115E033130000*11*1~
NM1*QC*1*COLLINS*MARY*E***MI*MEBSGY6K~
NM1*82*2*VAN WERT MEDICAL SERVICES, LTD.*****XX*1205192192~
REF*1L*455716-060~
REF*CE*STRS PPO PLAN NET 03418~
DTM*232*20211228~
DTM*233*20211228~
DTM*050*20220115~
PER*CX**TE*8006240756~
SVC*HC>99203>25*160*0**0**1~
DTM*472*20211228~
CAS*OA*18*160*1~
REF*6R*VWMS0001382826-1~
LQ*HE*N522~
SVC*HC>11755>TA*280*0**0**1~
DTM*472*20211228~
CAS*OA*18*280*1~
REF*6R*VWMS0001382826-2~
LQ*HE*N522~
SE*56*1570~
ST*835*1876~
BPR*I*476.12*C*ACH*CCP*01*031100209*DA*0038865237*1066033492**01*042200910*DA*5311708902*20220121~
TRN*1*160118220263230*1066033492~
REF*EV*XXXXXXXXXXXXXXXXXXXXXXXXXXXXXX~
DTM*405*20220119~
N1*PR*AETNA~
N3*151 FARMINGTON AVENUE~
N4*HARTFORD*CT*06156~
REF*2U*60054~
PER*BL*Provider Service~
N1*PE*VAN WERT COUNTY HOSPITAL*XX*1942267760~
N3*1250 S WASHINGTON STREET~
N4*VAN WERT*OH*45891~
REF*PQ*714606770~
REF*TJ*344429514~
LX*1~
TS3*1942267760*13*20221231*4*2508.04~
CLP*VW6110104971700*22*-251.11*-36.13**13*211227E909320001~
NM1*QC*1*LANE*SANDRA*L***MI*MEBVFCHC~
NM1*82*2*VAN WERT COUNTY HOSPITAL*****XX*1942267760~
REF*1L*467098-029~
REF*CE*VALUE PPO NET 02101~
DTM*232*20211221~
DTM*233*20211221~
DTM*050*20211227~
PER*CX**TE*8006240756~
SVC*HC>80053*-58.82*0*0301*1~
DTM*472*20211221~
CAS*CO*45*-48.26~
CAS*PR*3*-10.56~
LQ*HE*N694~
SVC*HC>80061*-41.88*-8.95*0301*1~
DTM*472*20211221~
CAS*CO*45*-28.49~
CAS*PR*3*-4.44~
LQ*HE*N59~
LQ*HE*N694~
SVC*HC>83036*-41.18*-9.71*0301*1~
DTM*472*20211221~
CAS*CO*45*-31.47~
LQ*HE*N59~
LQ*HE*N694~
SVC*HC>83735*-50.4*-6.7*0301*1~
DTM*472*20211221~
CAS*CO*45*-43.7~
LQ*HE*N59~
LQ*HE*N694~
SVC*HC>85025*-41.18*-7.77*0305*1~
DTM*472*20211221~
CAS*CO*45*-33.41~
LQ*HE*N59~
LQ*HE*N694~
SVC*HC>36415*-17.65*-3*0300*1~
DTM*472*20211221~
CAS*CO*45*-14.65~
LQ*HE*N59~
LQ*HE*N694~
CLP*VW6110105051000*22*-1612.55*-563.81**13*211231E036220002~
NM1*QC*1*CALVELAGE*MARILYN*E***MI*MEBKCH6F~
NM1*82*2*VAN WERT COUNTY HOSPITAL*****XX*1942267760~
REF*1L*455716-056~
REF*CE*STRS PPO PLAN NET 02101~
DTM*232*20211223~
DTM*233*20211223~
DTM*050*20211231~
PER*CX**TE*8006240756~
SVC*NU>0250*-22.6*0**0**2~
DTM*472*20211223~
CAS*CO*97*-22.6*2~
LQ*HE*N130~
LQ*HE*N694~
SVC*NU>0272*-39.1*0**0**1~
DTM*472*20211223~
CAS*CO*97*-39.1*1~
LQ*HE*N130~
LQ*HE*N694~
SVC*HC>10005*-1550.85*-563.81*0490*1~
DTM*472*20211223~
CAS*CO*45*-963.55~
CAS*PR*3*-23.49~
LQ*HE*N59~
LQ*HE*N694~
CLP*VW6110104971702*1*1864.14*512.25*15*13*220115E006770000*13*7~
NM1*QC*1*LANE*SANDRA*L***MI*MEBVFCHC~
NM1*82*2*VAN WERT COUNTY HOSPITAL*****XX*1942267760~
REF*1L*467098-029~
REF*CE*VALUE PPO NET 03418~
DTM*232*20211221~
DTM*233*20211221~
DTM*050*20220115~
PER*CX**TE*8006240756~
AMT*AU*1864.14~
SVC*HC>80053*58.82*0*0301*1~
DTM*472*20211221~
CAS*CO*45*48.26~
CAS*PR*3*10.56~
REF*6R*VWCH0001381929-2~
AMT*B6*10.56~
LQ*HE*MA67~
SVC*HC>80061*41.88*8.95*0301*1~
DTM*472*20211221~
CAS*CO*45*28.49~
CAS*PR*3*4.44~
REF*6R*VWCH0001381929-3~
AMT*B6*13.39~
LQ*HE*N59~
SVC*HC>82085*32.55*9.71*0301*1~
DTM*472*20211221~
CAS*CO*45*22.84~
REF*6R*VWCH0001381929-4~
AMT*B6*9.71~
LQ*HE*N59~
SVC*HC>82550*22.05*6.51*0301*1~
DTM*472*20211221~
CAS*CO*45*15.54~
REF*6R*VWCH0001381929-5~
AMT*B6*6.51~
LQ*HE*N59~
SVC*HC>82553*72.45*11.55*0301*1~
DTM*472*20211221~
CAS*CO*45*60.9~
REF*6R*VWCH0001381929-6~
AMT*B6*11.55~
LQ*HE*N59~
SVC*HC>82785*54.6*16.46*0301*1~
DTM*472*20211221~
CAS*CO*45*38.14~
REF*6R*VWCH0001381929-7~
AMT*B6*16.46~
LQ*HE*N59~
SVC*HC>83036*41.18*9.71*0301*1~
DTM*472*20211221~
CAS*CO*45*31.47~
REF*6R*VWCH0001381929-8~
AMT*B6*9.71~
LQ*HE*N59~
SVC*HC>83735*50.4*6.7*0301*1~
DTM*472*20211221~
CAS*CO*45*43.7~
REF*6R*VWCH0001381929-9~
AMT*B6*6.7~
LQ*HE*N59~
SVC*HC>84550*14.7*4.52*0301*1~
DTM*472*20211221~
CAS*CO*45*10.18~
REF*6R*VWCH0001381929-10~
AMT*B6*4.52~
LQ*HE*N59~
SVC*HC>86003*504*156.6*0302*30~
DTM*472*20211221~
CAS*CO*45*347.4~
REF*6R*VWCH0001381929-11~
AMT*B6*156.6~
LQ*HE*N59~
SVC*HC>86038*39.9*12.09*0302*1~
DTM*472*20211221~
CAS*CO*45*27.81~
REF*6R*VWCH0001381929-12~
AMT*B6*12.09~
LQ*HE*N59~
SVC*HC>86060*24.15*7.3*0302*1~
DTM*472*20211221~
CAS*CO*45*16.85~
REF*6R*VWCH0001381929-13~
AMT*B6*7.3~
LQ*HE*N59~
SVC*HC>86140*41.18*5.18*0302*1~
DTM*472*20211221~
CAS*CO*45*36~
REF*6R*VWCH0001381929-14~
AMT*B6*5.18~
LQ*HE*N59~
SVC*HC>86200*43.05*12.95*0302*1~
DTM*472*20211221~
CAS*CO*45*30.1~
REF*6R*VWCH0001381929-15~
AMT*B6*12.95~
LQ*HE*N59~
SVC*HC>86225*45.15*13.74*0302*1~
DTM*472*20211221~
CAS*CO*45*31.41~
REF*6R*VWCH0001381929-16~
AMT*B6*13.74~
LQ*HE*N59~
SVC*HC>86235*58.8*17.93*0302*1~
DTM*472*20211221~
CAS*CO*45*40.87~
REF*6R*VWCH0001381929-17~
AMT*B6*17.93~
LQ*HE*N59~
SVC*HC>86235*117.6*35.86*0302*2~
DTM*472*20211221~
CAS*CO*45*81.74~
REF*6R*VWCH0001381929-18~
AMT*B6*35.86~
LQ*HE*N59~
SVC*HC>86235*58.8*17.93*0302*1~
DTM*472*20211221~
CAS*CO*45*40.87~
REF*6R*VWCH0001381929-19~
AMT*B6*17.93~
LQ*HE*N59~
SVC*HC>86235*58.8*17.93*0302*1~
DTM*472*20211221~
CAS*CO*45*40.87~
REF*6R*VWCH0001381929-20~
AMT*B6*17.93~
LQ*HE*N59~
SVC*HC>86235*58.8*17.93*0302*1~
DTM*472*20211221~
CAS*CO*45*40.87~
REF*6R*VWCH0001381929-21~
AMT*B6*17.93~
LQ*HE*N59~
SVC*HC>86255*39.9*12.05*0302*1~
DTM*472*20211221~
CAS*CO*45*27.85~
REF*6R*VWCH0001381929-22~
AMT*B6*12.05~
LQ*HE*N59~
SVC*HC>86317>91*296.1*89.94*0302*6~
DTM*472*20211221~
CAS*CO*45*206.16~
REF*6R*VWCH0001381929-23~
AMT*B6*89.94~
LQ*HE*N59~
SVC*HC>86431*18.9*5.67*0302*1~
DTM*472*20211221~
CAS*CO*45*13.23~
REF*6R*VWCH0001381929-24~
AMT*B6*5.67~
LQ*HE*N59~
SVC*HC>85025*41.18*7.77*0305*1~
DTM*472*20211221~
CAS*CO*45*33.41~
REF*6R*VWCH0001381929-25~
AMT*B6*7.77~
LQ*HE*N59~
SVC*HC>85651*11.55*4.27*0305*1~
DTM*472*20211221~
CAS*CO*45*7.28~
REF*6R*VWCH0001381929-26~
AMT*B6*4.27~
LQ*HE*N59~
SVC*HC>36415*17.65*3*0300*1~
DTM*472*20211221~
CAS*CO*45*14.65~
REF*6R*VWCH0001381929-1~
AMT*B6*3~
LQ*HE*N59~
CLP*VW6110105051002*1*2507.56*563.81*23.49*13*220115E031680000*13*7~
NM1*QC*1*CALVELAGE*MARILYN*E***MI*MEBKCH6F~
NM1*82*2*VAN WERT COUNTY HOSPITAL*****XX*1942267760~
REF*1L*455716-056~
REF*CE*STRS PPO PLAN NET 03418~
DTM*232*20211223~
DTM*233*20211223~
DTM*050*20220115~
PER*CX**TE*8006240756~
AMT*AU*1550.85~
SVC*NU>0250*22.6*0**0**2~
DTM*472*20211223~
CAS*CO*97*22.6*2~
REF*6R*VWCH0001382059-1~
LQ*HE*MA67~
LQ*HE*N130~
SVC*NU>0272*39.1*0**0**1~
DTM*472*20211223~
CAS*CO*97*39.1*1~
REF*6R*VWCH0001382059-2~
LQ*HE*MA67~
LQ*HE*N130~
SVC*HC>88172*338.78*0*0311*0**2~
DTM*472*20211223~
CAS*CO*97*338.78*2~
REF*6R*VWCH0001382059-3~
LQ*HE*MA67~
LQ*HE*N130~
SVC*HC>88173>91*260.94*0*0311*0**2~
DTM*472*20211223~
CAS*CO*97*260.94*2~
REF*6R*VWCH0001382059-4~
LQ*HE*MA67~
LQ*HE*N130~
SVC*HC>88177*295.29*0*0311*0**3~
DTM*472*20211223~
CAS*CO*97*295.29*3~
REF*6R*VWCH0001382059-5~
LQ*HE*MA67~
LQ*HE*N130~
SVC*HC>10005*1550.85*563.81*0490*1~
DTM*472*20211223~
CAS*CO*45*963.55~
CAS*PR*2*23.49~
REF*6R*VWCH0001382059-6~
AMT*B6*587.3~
LQ*HE*N59~
SE*298*1876~
GE*7*1~
IEA*1*100358959~
