ISA*00*          *00*          *01*030240928      *ZZ*XXXXXXXXXXXXXXX*220118*1631*^*00501*262477042*0*P*>~
GS*HP*030240928*XX*20220118*1631*1*X*005010X221A1~
ST*835*1001~
BPR*I*6415.39*C*ACH*CCP*01*062206431*DA*2526325*1208534298**01*062206431*SG*2526325*20220111~
TRN*1*081000607715582*1208534298~
REF*EV*XXXXXXXXXXXXXXXXXXXXXXXXXXXXXX~
DTM*405*20220107~
N1*PR*CIGNA~
N3*CLAIMS DEPARTMENT*PO BOX 20002~
N4*NASHVILLE*TN*37202~
REF*2U*52192~
REF*EO*8790028~
PER*BL*CHS EDI HELP DESK*TE*8667808553*EM*FTP_ALERT@HEALTHSPRING.COM~
N1*PE*MARSHALL MEDICAL CENTERS*XX*1407313760~
N3*PO BOX 11407*DEPT 1126~
N4*BIRMINGHAM*AL*35246~
REF*TJ*831651180~
LX*1~
CLP*N0752005001MHS*1*38600.4*8913.99**12*20210E037253A2****193*1.3335~
NM1*QC*1*CHAMBERS*SANDRA****MI*36057442~
NM1*IL*1*CHAMBERS*SANDRA****MI*36057442~
DTM*050*20220107~
AMT*AU*8913.99~
AMT*I*.27~
SVC*NU>0110*1767*8913.99**1~
DTM*472*20200713~
CAS*CO*45*-7146.99~
REF*6R*MARS0000195209-1~
AMT*B6*8913.99~
SVC*NU>0200*6438*0**1~
DTM*472*20200713~
CAS*CO*45*6438~
REF*6R*MARS0000195209-2~
SVC*NU>0250*8495.2*0**1~
DTM*472*20200713~
CAS*CO*45*8495.2~
REF*6R*MARS0000195209-3~
SVC*NU>0259*2063.4*0**1~
DTM*472*20200713~
CAS*CO*45*2063.4~
REF*6R*MARS0000195209-4~
SVC*NU>0260*86.9*0**1~
DTM*472*20200713~
CAS*CO*45*86.9~
REF*6R*MARS0000195209-5~
SVC*NU>0270*5995.56*0**1~
DTM*472*20200713~
CAS*CO*45*5995.56~
REF*6R*MARS0000195209-6~
SVC*NU>0272*464.95*0**1~
DTM*472*20200713~
CAS*CO*45*464.95~
REF*6R*MARS0000195209-7~
SVC*NU>0301*4380.64*0**1~
DTM*472*20200713~
CAS*CO*45*4380.64~
REF*6R*MARS0000195209-8~
SVC*NU>0302*532.1*0**1~
DTM*472*20200713~
CAS*CO*45*532.1~
REF*6R*MARS0000195209-9~
SVC*NU>0305*396.95*0**1~
DTM*472*20200713~
CAS*CO*45*396.95~
REF*6R*MARS0000195209-10~
SVC*NU>0306*221.1*0**1~
DTM*472*20200713~
CAS*CO*45*221.1~
REF*6R*MARS0000195209-11~
SVC*NU>0324*1226.5*0**1~
DTM*472*20200713~
CAS*CO*45*1226.5~
REF*6R*MARS0000195209-12~
SVC*NU>0410*537.9*0**1~
DTM*472*20200713~
CAS*CO*45*537.9~
REF*6R*MARS0000195209-13~
SVC*NU>0412*2407.9*0**1~
DTM*472*20200713~
CAS*CO*45*2407.9~
REF*6R*MARS0000195209-14~
SVC*NU>0420*301.4*0**1~
DTM*472*20200713~
CAS*CO*45*301.4~
REF*6R*MARS0000195209-15~
SVC*NU>0424*191.4*0**1~
DTM*472*20200713~
CAS*CO*45*191.4~
REF*6R*MARS0000195209-16~
SVC*NU>0450*984.5*0**1~
DTM*472*20200713~
CAS*CO*45*984.5~
REF*6R*MARS0000195209-17~
SVC*NU>0483*1364*0**1~
DTM*472*20200713~
CAS*CO*45*1364~
REF*6R*MARS0000195209-18~
SVC*NU>0730*745*0**1~
DTM*472*20200713~
CAS*CO*45*745~
REF*6R*MARS0000195209-19~
CLP*N0752005001MHS*22*-38600.4*-8913.99**12*20210E037253R2~
NM1*QC*1*CHAMBERS*SANDRA****MI*36057442~
NM1*IL*1*CHAMBERS*SANDRA****MI*36057442~
DTM*050*20220107~
AMT*AU*-8913.99~
AMT*I*-.27~
SVC*NU>0110*-1767*-8913.99**1~
DTM*472*20200713~
CAS*CO*45*7146.99~
REF*6R*MARS0000195209-1~
AMT*B6*-8913.99~
SVC*NU>0200*-6438*0**1~
DTM*472*20200713~
CAS*CO*45*-6438~
REF*6R*MARS0000195209-2~
SVC*NU>0250*-8495.2*0**1~
DTM*472*20200713~
CAS*CO*45*-8495.2~
REF*6R*MARS0000195209-3~
SVC*NU>0259*-2063.4*0**1~
DTM*472*20200713~
CAS*CO*45*-2063.4~
REF*6R*MARS0000195209-4~
SVC*NU>0260*-86.9*0**1~
DTM*472*20200713~
CAS*CO*45*-86.9~
REF*6R*MARS0000195209-5~
SVC*NU>0270*-5995.56*0**1~
DTM*472*20200713~
CAS*CO*45*-5995.56~
REF*6R*MARS0000195209-6~
SVC*NU>0272*-464.95*0**1~
DTM*472*20200713~
CAS*CO*45*-464.95~
REF*6R*MARS0000195209-7~
SVC*NU>0301*-4380.64*0**1~
DTM*472*20200713~
CAS*CO*45*-4380.64~
REF*6R*MARS0000195209-8~
SVC*NU>0302*-532.1*0**1~
DTM*472*20200713~
CAS*CO*45*-532.1~
REF*6R*MARS0000195209-9~
SVC*NU>0305*-396.95*0**1~
DTM*472*20200713~
CAS*CO*45*-396.95~
REF*6R*MARS0000195209-10~
SVC*NU>0306*-221.1*0**1~
DTM*472*20200713~
CAS*CO*45*-221.1~
REF*6R*MARS0000195209-11~
SVC*NU>0324*-1226.5*0**1~
DTM*472*20200713~
CAS*CO*45*-1226.5~
REF*6R*MARS0000195209-12~
SVC*NU>0410*-537.9*0**1~
DTM*472*20200713~
CAS*CO*45*-537.9~
REF*6R*MARS0000195209-13~
SVC*NU>0412*-2407.9*0**1~
DTM*472*20200713~
CAS*CO*45*-2407.9~
REF*6R*MARS0000195209-14~
SVC*NU>0420*-301.4*0**1~
DTM*472*20200713~
CAS*CO*45*-301.4~
REF*6R*MARS0000195209-15~
SVC*NU>0424*-191.4*0**1~
DTM*472*20200713~
CAS*CO*45*-191.4~
REF*6R*MARS0000195209-16~
SVC*NU>0450*-984.5*0**1~
DTM*472*20200713~
CAS*CO*45*-984.5~
REF*6R*MARS0000195209-17~
SVC*NU>0483*-1364*0**1~
DTM*472*20200713~
CAS*CO*45*-1364~
REF*6R*MARS0000195209-18~
SVC*NU>0730*-745*0**1~
DTM*472*20200713~
CAS*CO*45*-745~
REF*6R*MARS0000195209-19~
CLP*S1962182001MHS*1*27119.03*8663.99**12*20235E003991A2****193*1.3335~
NM1*QC*1*MORROW*PHILLIP****MI*35496283~
NM1*IL*1*MORROW*PHILLIP****MI*35496283~
DTM*050*20220107~
AMT*AU*8663.99~
AMT*I*2.4~
SVC*NU>0110*1767*8663.99**1~
DTM*472*20200808~
CAS*CO*45*-6896.99~
REF*6R*MARS0000243399-1~
AMT*B6*8663.99~
SVC*NU>0200*2146*0**1~
DTM*472*20200808~
CAS*CO*45*2146~
REF*6R*MARS0000243399-2~
SVC*NU>0250*4709.1*0**1~
DTM*472*20200808~
CAS*CO*45*4709.1~
REF*6R*MARS0000243399-3~
SVC*NU>0259*896.5*0**1~
DTM*472*20200808~
CAS*CO*45*896.5~
REF*6R*MARS0000243399-4~
SVC*NU>0270*3847.8*0**1~
DTM*472*20200808~
CAS*CO*45*3847.8~
REF*6R*MARS0000243399-5~
SVC*NU>0301*4687.31*0**1~
DTM*472*20200808~
CAS*CO*45*4687.31~
REF*6R*MARS0000243399-6~
SVC*NU>0302*408.1*0**1~
DTM*472*20200808~
CAS*CO*45*408.1~
REF*6R*MARS0000243399-7~
SVC*NU>0305*281.66*0**1~
DTM*472*20200808~
CAS*CO*45*281.66~
REF*6R*MARS0000243399-8~
SVC*NU>0306*303.16*0**1~
DTM*472*20200808~
CAS*CO*45*303.16~
REF*6R*MARS0000243399-9~
SVC*NU>0307*39.6*0**1~
DTM*472*20200808~
CAS*CO*45*39.6~
REF*6R*MARS0000243399-10~
SVC*NU>0324*735.9*0**1~
DTM*472*20200808~
CAS*CO*45*735.9~
REF*6R*MARS0000243399-11~
SVC*NU>0351*1703.9*0**1~
DTM*472*20200808~
CAS*CO*45*1703.9~
REF*6R*MARS0000243399-12~
SVC*NU>0402*509.3*0**1~
DTM*472*20200808~
CAS*CO*45*509.3~
REF*6R*MARS0000243399-13~
SVC*NU>0410*88*0**1~
DTM*472*20200808~
CAS*CO*45*88~
REF*6R*MARS0000243399-14~
SVC*NU>0412*2024*0**1~
DTM*472*20200808~
CAS*CO*45*2024~
REF*6R*MARS0000243399-15~
SVC*NU>0420*347.6*0**1~
DTM*472*20200808~
CAS*CO*45*347.6~
REF*6R*MARS0000243399-16~
SVC*NU>0424*191.4*0**1~
DTM*472*20200808~
CAS*CO*45*191.4~
REF*6R*MARS0000243399-17~
SVC*NU>0450*896.5*0**1~
DTM*472*20200808~
CAS*CO*45*896.5~
REF*6R*MARS0000243399-18~
SVC*NU>0483*1364*0**1~
DTM*472*20200808~
CAS*CO*45*1364~
REF*6R*MARS0000243399-19~
SVC*NU>0730*172.2*0**1~
DTM*472*20200808~
CAS*CO*45*172.2~
REF*6R*MARS0000243399-20~
CLP*S1962182001MHS*22*-27119.03*-8663.99**12*20235E003991R2~
NM1*QC*1*MORROW*PHILLIP****MI*35496283~
NM1*IL*1*MORROW*PHILLIP****MI*35496283~
DTM*050*20220107~
AMT*AU*-8663.99~
AMT*I*-2.4~
SVC*NU>0250*-4709.1*0**1~
DTM*472*20200808~
CAS*CO*45*-4709.1~
REF*6R*MARS0000243399-3~
SVC*NU>0259*-896.5*0**1~
DTM*472*20200808~
CAS*CO*45*-896.5~
REF*6R*MARS0000243399-4~
SVC*NU>0270*-3847.8*0**1~
DTM*472*20200808~
CAS*CO*45*-3847.8~
REF*6R*MARS0000243399-5~
SVC*NU>0301*-4687.31*0**1~
DTM*472*20200808~
CAS*CO*45*-4687.31~
REF*6R*MARS0000243399-6~
SVC*NU>0302*-408.1*0**1~
DTM*472*20200808~
CAS*CO*45*-408.1~
REF*6R*MARS0000243399-7~
SVC*NU>0305*-281.66*0**1~
DTM*472*20200808~
CAS*CO*45*-281.66~
REF*6R*MARS0000243399-8~
SVC*NU>0306*-303.16*0**1~
DTM*472*20200808~
CAS*CO*45*-303.16~
REF*6R*MARS0000243399-9~
SVC*NU>0307*-39.6*0**1~
DTM*472*20200808~
CAS*CO*45*-39.6~
REF*6R*MARS0000243399-10~
SVC*NU>0324*-735.9*0**1~
DTM*472*20200808~
CAS*CO*45*-735.9~
REF*6R*MARS0000243399-11~
SVC*NU>0351*-1703.9*0**1~
DTM*472*20200808~
CAS*CO*45*-1703.9~
REF*6R*MARS0000243399-12~
SVC*NU>0402*-509.3*0**1~
DTM*472*20200808~
CAS*CO*45*-509.3~
REF*6R*MARS0000243399-13~
SVC*NU>0410*-88*0**1~
DTM*472*20200808~
CAS*CO*45*-88~
REF*6R*MARS0000243399-14~
SVC*NU>0412*-2024*0**1~
DTM*472*20200808~
CAS*CO*45*-2024~
REF*6R*MARS0000243399-15~
SVC*NU>0420*-347.6*0**1~
DTM*472*20200808~
CAS*CO*45*-347.6~
REF*6R*MARS0000243399-16~
SVC*NU>0424*-191.4*0**1~
DTM*472*20200808~
CAS*CO*45*-191.4~
REF*6R*MARS0000243399-17~
SVC*NU>0450*-896.5*0**1~
DTM*472*20200808~
CAS*CO*45*-896.5~
REF*6R*MARS0000243399-18~
SVC*NU>0483*-1364*0**1~
DTM*472*20200808~
CAS*CO*45*-1364~
REF*6R*MARS0000243399-19~
SVC*NU>0730*-172.2*0**1~
DTM*472*20200808~
CAS*CO*45*-172.2~
REF*6R*MARS0000243399-20~
SVC*NU>0110*-1767*-8663.99**1~
DTM*472*20200808~
CAS*CO*45*6896.99~
REF*6R*MARS0000243399-1~
AMT*B6*-8663.99~
SVC*NU>0200*-2146*0**1~
DTM*472*20200808~
CAS*CO*45*-2146~
REF*6R*MARS0000243399-2~
CLP*S1966654001MHS*1*53482.05*14647.28**12*20256E010915A2****177*1.8912~
NM1*QC*1*PEPPERS*DOROTHY****MI*35200233~
NM1*IL*1*PEPPERS*DOROTHY****MI*35200233~
DTM*050*20220107~
AMT*AU*14647.28~
AMT*I*3.62~
SVC*NU>0110*9424*14647.28**1~
DTM*472*20200816~
CAS*CO*45*-5223.28~
REF*6R*MARS0000277324-1~
AMT*B6*14647.28~
SVC*NU>0200*3219*0**1~
DTM*472*20200816~
CAS*CO*45*3219~
REF*6R*MARS0000277324-2~
SVC*NU>0250*10634.91*0**1~
DTM*472*20200816~
CAS*CO*45*10634.91~
REF*6R*MARS0000277324-3~
SVC*NU>0259*3681.6*0**1~
DTM*472*20200816~
CAS*CO*45*3681.6~
REF*6R*MARS0000277324-4~
SVC*NU>0270*13516.56*0**1~
DTM*472*20200816~
CAS*CO*45*13516.56~
REF*6R*MARS0000277324-5~
SVC*NU>0272*36.3*0**1~
DTM*472*20200816~
CAS*CO*45*36.3~
REF*6R*MARS0000277324-6~
SVC*NU>0301*1811.38*0**1~
DTM*472*20200816~
CAS*CO*45*1811.38~
REF*6R*MARS0000277324-7~
SVC*NU>0302*149.6*0**1~
DTM*472*20200816~
CAS*CO*45*149.6~
REF*6R*MARS0000277324-8~
SVC*NU>0305*267.74*0**1~
DTM*472*20200816~
CAS*CO*45*267.74~
REF*6R*MARS0000277324-9~
SVC*NU>0306*309.76*0**1~
DTM*472*20200816~
CAS*CO*45*309.76~
REF*6R*MARS0000277324-10~
SVC*NU>0307*28.6*0**1~
DTM*472*20200816~
CAS*CO*45*28.6~
REF*6R*MARS0000277324-11~
SVC*NU>0324*843.7*0**1~
DTM*472*20200816~
CAS*CO*45*843.7~
REF*6R*MARS0000277324-12~
SVC*NU>0410*223.3*0**1~
DTM*472*20200816~
CAS*CO*45*223.3~
REF*6R*MARS0000277324-13~
SVC*NU>0412*5984*0**1~
DTM*472*20200816~
CAS*CO*45*5984~
REF*6R*MARS0000277324-14~
SVC*NU>0420*452.1*0**1~
DTM*472*20200816~
CAS*CO*45*452.1~
REF*6R*MARS0000277324-15~
SVC*NU>0424*191.4*0**1~
DTM*472*20200816~
CAS*CO*45*191.4~
REF*6R*MARS0000277324-16~
SVC*NU>0450*412.5*0**1~
DTM*472*20200816~
CAS*CO*45*412.5~
REF*6R*MARS0000277324-17~
SVC*NU>0460*129.8*0**1~
DTM*472*20200816~
CAS*CO*45*129.8~
REF*6R*MARS0000277324-18~
SVC*NU>0483*1364*0**1~
DTM*472*20200816~
CAS*CO*45*1364~
REF*6R*MARS0000277324-19~
SVC*NU>0730*801.8*0**1~
DTM*472*20200816~
CAS*CO*45*801.8~
REF*6R*MARS0000277324-20~
CLP*S1966654001MHS*22*-53482.05*-14647.28**12*20256E010915R2~
NM1*QC*1*PEPPERS*DOROTHY****MI*35200233~
NM1*IL*1*PEPPERS*DOROTHY****MI*35200233~
DTM*050*20220107~
AMT*AU*-14647.28~
AMT*I*-3.62~
SVC*NU>0110*-9424*-14647.28**1~
DTM*472*20200816~
CAS*CO*45*5223.28~
REF*6R*MARS0000277324-1~
AMT*B6*-14647.28~
SVC*NU>0200*-3219*0**1~
DTM*472*20200816~
CAS*CO*45*-3219~
REF*6R*MARS0000277324-2~
SVC*NU>0250*-10634.91*0**1~
DTM*472*20200816~
CAS*CO*45*-10634.91~
REF*6R*MARS0000277324-3~
SVC*NU>0259*-3681.6*0**1~
DTM*472*20200816~
CAS*CO*45*-3681.6~
REF*6R*MARS0000277324-4~
SVC*NU>0270*-13516.56*0**1~
DTM*472*20200816~
CAS*CO*45*-13516.56~
REF*6R*MARS0000277324-5~
SVC*NU>0272*-36.3*0**1~
DTM*472*20200816~
CAS*CO*45*-36.3~
REF*6R*MARS0000277324-6~
SVC*NU>0301*-1811.38*0**1~
DTM*472*20200816~
CAS*CO*45*-1811.38~
REF*6R*MARS0000277324-7~
SVC*NU>0302*-149.6*0**1~
DTM*472*20200816~
CAS*CO*45*-149.6~
REF*6R*MARS0000277324-8~
SVC*NU>0305*-267.74*0**1~
DTM*472*20200816~
CAS*CO*45*-267.74~
REF*6R*MARS0000277324-9~
SVC*NU>0306*-309.76*0**1~
DTM*472*20200816~
CAS*CO*45*-309.76~
REF*6R*MARS0000277324-10~
SVC*NU>0307*-28.6*0**1~
DTM*472*20200816~
CAS*CO*45*-28.6~
REF*6R*MARS0000277324-11~
SVC*NU>0324*-843.7*0**1~
DTM*472*20200816~
CAS*CO*45*-843.7~
REF*6R*MARS0000277324-12~
SVC*NU>0410*-223.3*0**1~
DTM*472*20200816~
CAS*CO*45*-223.3~
REF*6R*MARS0000277324-13~
SVC*NU>0412*-5984*0**1~
DTM*472*20200816~
CAS*CO*45*-5984~
REF*6R*MARS0000277324-14~
SVC*NU>0420*-452.1*0**1~
DTM*472*20200816~
CAS*CO*45*-452.1~
REF*6R*MARS0000277324-15~
SVC*NU>0424*-191.4*0**1~
DTM*472*20200816~
CAS*CO*45*-191.4~
REF*6R*MARS0000277324-16~
SVC*NU>0450*-412.5*0**1~
DTM*472*20200816~
CAS*CO*45*-412.5~
REF*6R*MARS0000277324-17~
SVC*NU>0460*-129.8*0**1~
DTM*472*20200816~
CAS*CO*45*-129.8~
REF*6R*MARS0000277324-18~
SVC*NU>0483*-1364*0**1~
DTM*472*20200816~
CAS*CO*45*-1364~
REF*6R*MARS0000277324-19~
SVC*NU>0730*-801.8*0**1~
DTM*472*20200816~
CAS*CO*45*-801.8~
REF*6R*MARS0000277324-20~
CLP*N0860078001MSL*1*125*75**12*21314E005615~
NM1*QC*1*KLEINKLAUS*JAMES****MI*35884358~
NM1*IL*1*KLEINKLAUS*JAMES****MI*35884358~
DTM*050*20220107~
AMT*AU*75~
AMT*I*.07~
SVC*HC>U0003*100*56.25*0306*1~
DTM*472*20211101~
CAS*CO*45*43.75~
REF*6R*MARS0001127476-1~
AMT*B6*56.25~
SVC*HC>U0005*25*18.75*0306*1~
DTM*472*20211101~
CAS*CO*45*6.25~
REF*6R*MARS0001127476-2~
AMT*B6*18.75~
CLP*S2290656001MSL*1*48.4*3.22**12*22004E002799~
NM1*QC*1*NIXON*DONALD****MI*36305619~
NM1*IL*1*NIXON*DONALD****MI*36305619~
DTM*050*20220107~
AMT*AU*3.22~
SVC*HC>85610*48.4*3.22*0305*1~
DTM*472*20211222~
CAS*CO*45*45.18~
REF*6R*MARS0001230460-1~
AMT*B6*3.22~
CLP*S2292974001MSO*1*4335.1*432.76*90*12*22004E002801~
NM1*QC*1*TALTON*BETTY****MI*35278395~
NM1*IL*1*TALTON*BETTY****MI*35278395~
DTM*050*20220107~
AMT*AU*522.76~
SVC*HC>70450*1703.9*109.42*0351*1~
DTM*472*20211227~
CAS*PR*3*90~
CAS*CO*45*1504.48~
REF*6R*MARS0001224464-1~
AMT*B6*199.42~
SVC*HC>72125*2356.2*0*0352*1~
DTM*472*20211227~
CAS*CO*97*2356.2~
REF*6R*MARS0001224464-2~
SVC*HC>99284*275*323.34*0450*1~
DTM*472*20211227~
CAS*CO*45*-48.34~
REF*6R*MARS0001224464-3~
AMT*B6*323.34~
CLP*S2291045001MSL*1*667.7*79.48**12*22004E002807~
NM1*QC*1*HIETT*MELANIE****MI*78069157501~
NM1*IL*1*HIETT*MELANIE****MI*78069157501~
DTM*050*20220107~
AMT*AU*79.48~
SVC*HC>82607*73.7*11.31*0301*1~
DTM*472*20211222~
CAS*CO*45*62.39~
REF*6R*MARS0001230462-1~
AMT*B6*11.31~
SVC*HC>82746*90.2*11.03*0301*1~
DTM*472*20211222~
CAS*CO*45*79.17~
REF*6R*MARS0001230462-2~
AMT*B6*11.03~
SVC*HC>80053*50.6*7.92*0301*1~
DTM*472*20211222~
CAS*CO*45*42.68~
REF*6R*MARS0001230462-3~
AMT*B6*7.92~
SVC*HC>80061*73.7*10.04*0301*1~
DTM*472*20211222~
CAS*CO*45*63.66~
REF*6R*MARS0001230462-4~
AMT*B6*10.04~
SVC*HC>84481*111.1*12.71*0301*1~
DTM*472*20211222~
CAS*CO*45*98.39~
REF*6R*MARS0001230462-5~
AMT*B6*12.71~
SVC*HC>84439*111.1*6.77*0301*1~
DTM*472*20211222~
CAS*CO*45*104.33~
REF*6R*MARS0001230462-6~
AMT*B6*6.77~
SVC*HC>84443*103.4*12.6*0301*1~
DTM*472*20211222~
CAS*CO*45*90.8~
REF*6R*MARS0001230462-7~
AMT*B6*12.6~
SVC*HC>85027*40.7*4.85*0305*1~
DTM*472*20211222~
CAS*CO*45*35.85~
REF*6R*MARS0001230462-8~
AMT*B6*4.85~
SVC*HC>36415*13.2*2.25*0309*1~
DTM*472*20211222~
CAS*CO*45*10.95~
REF*6R*MARS0001230462-9~
AMT*B6*2.25~
CLP*S2291121001MSL*1*352*31.28**12*22004E002813~
NM1*QC*1*PENDERGRAFT*MARY****MI*36009838~
NM1*IL*1*PENDERGRAFT*MARY****MI*36009838~
DTM*050*20220107~
AMT*AU*31.28~
SVC*HC>84165*84.7*8.06*0301*1~
DTM*472*20211222~
CAS*CO*45*76.64~
REF*6R*MARS0001230463-1~
AMT*B6*8.06~
SVC*HC>84166*165*13.37*0301*1~
DTM*472*20211222~
CAS*CO*45*151.63~
REF*6R*MARS0001230463-2~
AMT*B6*13.37~
SVC*HC>84156*48.4*2.75*0301*1~
DTM*472*20211222~
CAS*CO*45*45.65~
REF*6R*MARS0001230463-3~
AMT*B6*2.75~
SVC*HC>85027*40.7*4.85*0305*1~
DTM*472*20211222~
CAS*CO*45*35.85~
REF*6R*MARS0001230463-4~
AMT*B6*4.85~
SVC*HC>36415*13.2*2.25*0309*1~
DTM*472*20211222~
CAS*CO*45*10.95~
REF*6R*MARS0001230463-5~
AMT*B6*2.25~
CLP*S2286271001MSO*1*269.3*40.52**12*22004E002814~
NM1*QC*1*SANDERS*ROBERT****MI*36077798~
NM1*IL*1*SANDERS*ROBERT****MI*36077798~
DTM*050*20220107~
AMT*AU*40.52~
SVC*HC>G0103*92.4*14.48*0301*1~
DTM*472*20211215~
CAS*CO*45*77.92~
REF*6R*MARS0001230470-1~
AMT*B6*14.48~
SVC*HC>80061*73.7*10.04*0301*1~
DTM*472*20211215~
CAS*CO*45*63.66~
REF*6R*MARS0001230470-2~
AMT*B6*10.04~
SVC*HC>80053*46*7.92*0301*1~
DTM*472*20211215~
CAS*CO*45*38.08~
REF*6R*MARS0001230470-3~
AMT*B6*7.92~
SVC*HC>85025*44*5.83*0305*1~
DTM*472*20211215~
CAS*CO*45*38.17~
REF*6R*MARS0001230470-4~
AMT*B6*5.83~
SVC*HC>36415*13.2*2.25*0309*1~
DTM*472*20211215~
CAS*CO*45*10.95~
REF*6R*MARS0001230470-5~
AMT*B6*2.25~
CLP*S2292787001MSO*1*6091.5*1119.55*325*12*22004E002824~
NM1*QC*1*DORSETT*K****MI*36003822~
NM1*IL*1*DORSETT*K****MI*36003822~
DTM*050*20220107~
AMT*AU*1444.55~
SVC*NU>0250*85.8*0**1~
DTM*472*20211227~
CAS*CO*97*85.8~
REF*6R*MARS0001230474-1~
SVC*NU>0250*85.8*0**1~
DTM*472*20211227~
CAS*CO*97*85.8~
REF*6R*MARS0001230474-2~
SVC*NU>0250*64.9*0**1~
DTM*472*20211227~
CAS*CO*97*64.9~
REF*6R*MARS0001230474-3~
SVC*NU>0270*915.2*0**1~
DTM*472*20211227~
CAS*CO*97*915.2~
REF*6R*MARS0001230474-4~
SVC*NU>0272*8.25*0**1~
DTM*472*20211227~
CAS*CO*97*8.25~
REF*6R*MARS0001230474-5~
SVC*NU>0272*1196.25*0**1~
DTM*472*20211227~
CAS*CO*97*1196.25~
REF*6R*MARS0001230474-6~
SVC*HC>43270*1500*1119.55*0360*1~
DTM*472*20211227~
CAS*PR*3*325~
CAS*CO*45*55.45~
REF*6R*MARS0001230474-7~
AMT*B6*1444.55~
SVC*HC>43255*1000*0*0360*1~
DTM*472*20211227~
CAS*CO*97*1000~
REF*6R*MARS0001230474-8~
SVC*NU>0370*1045*0**1~
DTM*472*20211227~
CAS*CO*97*1045~
REF*6R*MARS0001230474-9~
SVC*HC>J0171*38.5*0*0636*1~
DTM*472*20211227~
CAS*CO*97*38.5~
REF*6R*MARS0001230474-10~
SVC*NU>0710*151.8*0**1~
DTM*472*20211227~
CAS*CO*97*151.8~
REF*6R*MARS0001230474-11~
CLP*S2291640001MSL*1*360.8*48.24**12*22004E002826~
NM1*QC*1*PENDERGRASS*BILLY****MI*35657748~
NM1*IL*1*PENDERGRASS*BILLY****MI*35657748~
DTM*050*20220107~
AMT*AU*48.24~
SVC*HC>80053*50.6*7.92*0301*1~
DTM*472*20211223~
CAS*CO*45*42.68~
REF*6R*MARS0001230465-1~
AMT*B6*7.92~
SVC*HC>80061*73.7*10.04*0301*1~
DTM*472*20211223~
CAS*CO*45*63.66~
REF*6R*MARS0001230465-2~
AMT*B6*10.04~
SVC*HC>82306*179.3*22.2*0301*1~
DTM*472*20211223~
CAS*CO*45*157.1~
REF*6R*MARS0001230465-3~
AMT*B6*22.2~
SVC*HC>85025*44*5.83*0305*1~
DTM*472*20211223~
CAS*CO*45*38.17~
REF*6R*MARS0001230465-4~
AMT*B6*5.83~
SVC*HC>36415*13.2*2.25*0309*1~
DTM*472*20211223~
CAS*CO*45*10.95~
REF*6R*MARS0001230465-5~
AMT*B6*2.25~
CLP*S2290413001MSL*1*246.4*25.22**12*22004E002828~
NM1*QC*1*DUKE*MARY****MI*36197748~
NM1*IL*1*DUKE*MARY****MI*36197748~
DTM*050*20220107~
AMT*AU*25.22~
SVC*HC>80048*46.2*6.35*0301*1~
DTM*472*20211221~
CAS*CO*45*39.85~
REF*6R*MARS0001230458-1~
AMT*B6*6.35~
SVC*HC>85025*44*5.83*0305*1~
DTM*472*20211221~
CAS*CO*45*38.17~
REF*6R*MARS0001230458-2~
AMT*B6*5.83~
SVC*HC>87338*143*10.79*0306*1~
DTM*472*20211221~
CAS*CO*45*132.21~
REF*6R*MARS0001230458-3~
AMT*B6*10.79~
SVC*HC>36415*13.2*2.25*0309*1~
DTM*472*20211221~
CAS*CO*45*10.95~
REF*6R*MARS0001230458-4~
AMT*B6*2.25~
CLP*S2291733001MSL*1*419.1*22.64**12*22004E002836~
NM1*QC*1*BAIRD*HATTIE****MI*36269944~
NM1*IL*1*BAIRD*HATTIE****MI*36269944~
DTM*050*20220107~
AMT*AU*22.64~
SVC*HC>80053*50.6*7.92*0301*1~
DTM*472*20211223~
CAS*CO*45*42.68~
REF*6R*MARS0001230468-1~
AMT*B6*7.92~
SVC*HC>83880*223.3*0*0301*1~
DTM*472*20211223~
CAS*CO*45*223.3~
REF*6R*MARS0001230468-2~
SVC*HC>84156*55*2.75*0301*1~
DTM*472*20211223~
CAS*CO*45*52.25~
REF*6R*MARS0001230468-3~
AMT*B6*2.75~
SVC*HC>82570*33*3.89*0301*1~
DTM*472*20211223~
CAS*CO*45*29.11~
REF*6R*MARS0001230468-4~
AMT*B6*3.89~
SVC*HC>85025*44*5.83*0305*1~
DTM*472*20211223~
CAS*CO*45*38.17~
REF*6R*MARS0001230468-5~
AMT*B6*5.83~
SVC*HC>36415*13.2*2.25*0309*1~
DTM*472*20211223~
CAS*CO*45*10.95~
REF*6R*MARS0001230468-6~
AMT*B6*2.25~
CLP*S2291801001MSL*1*60.5*6.05**12*22004E002843~
NM1*QC*1*WILLIAMS*LISA****MI*36294659~
NM1*IL*1*WILLIAMS*LISA****MI*36294659~
DTM*050*20220107~
AMT*AU*6.05~
SVC*HC>87086*60.5*6.05*0306*1~
DTM*472*20211223~
CAS*CO*45*54.45~
REF*6R*MARS0001230469-1~
AMT*B6*6.05~
CLP*S2290902001MSO*1*105.6*16.04**12*22004E002844~
NM1*QC*1*TALTON*BOBBY****MI*35634911~
NM1*IL*1*TALTON*BOBBY****MI*35634911~
DTM*050*20220107~
AMT*AU*16.04~
SVC*HC>84153*92.4*13.79*0301*1~
DTM*472*20211222~
CAS*CO*45*78.61~
REF*6R*MARS0001230472-1~
AMT*B6*13.79~
SVC*HC>36415*13.2*2.25*0309*1~
DTM*472*20211222~
CAS*CO*45*10.95~
REF*6R*MARS0001230472-2~
AMT*B6*2.25~
CLP*S2290949001MSO*1*4938.1*1119.55*325*12*22004E002846~
NM1*QC*1*MARTIN*VICKIE****MI*34673829~
NM1*IL*1*MARTIN*VICKIE****MI*34673829~
DTM*050*20220107~
AMT*AU*1444.55~
SVC*NU>0250*317.9*0**1~
DTM*472*20211228~
CAS*CO*97*317.9~
REF*6R*MARS0001230473-1~
SVC*NU>0250*129.8*0**1~
DTM*472*20211228~
CAS*CO*97*129.8~
REF*6R*MARS0001230473-2~
SVC*NU>0270*1197.9*0**1~
DTM*472*20211228~
CAS*CO*97*1197.9~
REF*6R*MARS0001230473-3~
SVC*HC>43249*2000*1119.55*0360*1~
DTM*472*20211228~
CAS*PR*3*325~
CAS*CO*45*555.45~
REF*6R*MARS0001230473-4~
AMT*B6*1444.55~
SVC*NU>0370*1045*0**1~
DTM*472*20211228~
CAS*CO*97*1045~
REF*6R*MARS0001230473-5~
SVC*HC>J2405*95.7*0*0636*1~
DTM*472*20211228~
CAS*CO*97*95.7~
REF*6R*MARS0001230473-6~
SVC*NU>0710*151.8*0**1~
DTM*472*20211228~
CAS*CO*97*151.8~
REF*6R*MARS0001230473-7~
CLP*S2276434001MSL*1*50.6*7.92**12*22004E002851~
NM1*QC*1*LUCE*JACQUELINE****MI*36221767~
NM1*IL*1*LUCE*JACQUELINE****MI*36221767~
DTM*050*20220107~
AMT*AU*7.92~
SVC*HC>80053*50.6*7.92*0301*1~
DTM*472*20211201~
CAS*CO*45*42.68~
REF*6R*MARS0001230450-1~
AMT*B6*7.92~
CLP*S2294287001MSO*1*414.7*126.98*31.74*12*22004E002853~
NM1*QC*1*FRAZIER*DIANNE****MI*35584882~
NM1*IL*1*FRAZIER*DIANNE****MI*35584882~
DTM*050*20220107~
AMT*AU*158.72~
SVC*HC>74220*414.7*126.98*0320*1~
DTM*472*20211229~
CAS*PR*2*31.74~
CAS*CO*45*255.98~
REF*6R*MARS0001230476-1~
AMT*B6*158.72~
CLP*S2294881001MSO*1*1864.5*109.57*95*12*22004E002864~
NM1*QC*1*THOMAS*DEBORAH****MI*35885276~
NM1*IL*1*THOMAS*DEBORAH****MI*35885276~
DTM*050*20220107~
AMT*AU*204.57~
SVC*HC>72148*1864.5*109.57*0612*1~
DTM*472*20211229~
CAS*PR*3*95~
CAS*CO*45*1659.93~
REF*6R*MARS0001230479-1~
AMT*B6*204.57~
CLP*S2253037001MSR*1*567.12*42.22**12*22004E002873~
NM1*QC*1*HAMPTON*EVALINE****MI*36004480~
NM1*IL*1*HAMPTON*EVALINE****MI*36004480~
DTM*050*20220107~
AMT*AU*42.22~
SVC*HC>83550*59.4*0*0301*1~
DTM*472*20211115~
CAS*CO*97*59.4~
REF*6R*MARS0001230480-1~
SVC*HC>83540*40.22*0*0301*1~
DTM*472*20211115~
CAS*CO*97*40.22~
REF*6R*MARS0001230480-2~
SVC*HC>82728*84.7*0*0301*1~
DTM*472*20211115~
CAS*CO*97*84.7~
REF*6R*MARS0001230480-3~
SVC*HC>80053*50.6*0*0301*1~
DTM*472*20211115~
CAS*CO*97*50.6~
REF*6R*MARS0001230480-4~
SVC*HC>85025*44*0*0305*1~
DTM*472*20211115~
CAS*CO*97*44~
REF*6R*MARS0001230480-5~
SVC*HC>36415*13.2*0*0309*1~
DTM*472*20211115~
CAS*CO*97*13.2~
REF*6R*MARS0001230480-6~
SVC*HC>G0463*275*42.22*0510*1~
DTM*472*20211117~
CAS*CO*45*232.78~
REF*6R*MARS0001230480-7~
AMT*B6*42.22~
CLP*S2284699001MSL*1*73.7*10.04**12*22004E002879~
NM1*QC*1*MAPLES*CYNTHIA****MI*35368622~
NM1*IL*1*MAPLES*CYNTHIA****MI*35368622~
DTM*050*20220107~
AMT*AU*10.04~
SVC*HC>80061*73.7*10.04*0301*1~
DTM*472*20211213~
CAS*CO*45*63.66~
REF*6R*MARS0001230452-1~
AMT*B6*10.04~
CLP*S2254320001MSR*1*640.82*42.22**12*22004E002880~
NM1*QC*1*HILL*HULAN***JR*MI*35279449~
NM1*IL*1*HILL*HULAN***JR*MI*35279449~
DTM*050*20220107~
AMT*AU*42.22~
SVC*HC>80053*50.6*0*0301*1~
DTM*472*20211116~
CAS*CO*97*50.6~
REF*6R*MARS0001230481-1~
SVC*HC>82728*84.7*0*0301*1~
DTM*472*20211116~
CAS*CO*97*84.7~
REF*6R*MARS0001230481-2~
SVC*HC>83550*59.4*0*0301*1~
DTM*472*20211116~
CAS*CO*97*59.4~
REF*6R*MARS0001230481-3~
SVC*HC>83540*40.22*0*0301*1~
DTM*472*20211116~
CAS*CO*97*40.22~
REF*6R*MARS0001230481-4~
SVC*HC>82607*73.7*0*0301*1~
DTM*472*20211116~
CAS*CO*97*73.7~
REF*6R*MARS0001230481-5~
SVC*HC>85025*44*0*0305*1~
DTM*472*20211116~
CAS*CO*97*44~
REF*6R*MARS0001230481-6~
SVC*HC>36415*13.2*0*0309*1~
DTM*472*20211116~
CAS*CO*97*13.2~
REF*6R*MARS0001230481-7~
SVC*HC>G0463*275*42.22*0510*1~
DTM*472*20211119~
CAS*CO*45*232.78~
REF*6R*MARS0001230481-8~
AMT*B6*42.22~
CLP*N0872296001MSO*1*2568*127.24*200*12*22004E002886~
NM1*QC*1*LEMERISE*MICHAEL****MI*35259956~
NM1*IL*1*LEMERISE*MICHAEL****MI*35259956~
DTM*050*20220107~
AMT*AU*327.24~
SVC*HC>74174*2288*127.24*0352*1~
DTM*472*20211229~
CAS*PR*3*200~
CAS*CO*45*1960.76~
REF*6R*MARS0001229730-1~
AMT*B6*327.24~
SVC*HC>Q9967*280*0*0636*1~
DTM*472*20211229~
CAS*CO*97*280~
REF*6R*MARS0001229730-2~
CLP*N0871562001MSO*1*269.5*6.35**12*22004E002890~
NM1*QC*1*TORSTENSON*CHARLES****MI*36131343~
NM1*IL*1*TORSTENSON*CHARLES****MI*36131343~
DTM*050*20220107~
AMT*AU*6.35~
SVC*HC>83880*223.3*0*0301*1~
DTM*472*20211220~
CAS*CO*45*223.3~
REF*6R*MARS0001229726-1~
SVC*HC>80048*46.2*6.35*0301*1~
DTM*472*20211220~
CAS*CO*45*39.85~
REF*6R*MARS0001229726-2~
AMT*B6*6.35~
CLP*N0871773001MSL*1*239.65*24.15**12*22004E002891~
NM1*QC*1*HERRERO*CARLOS****MI*35493576~
NM1*IL*1*HERRERO*CARLOS****MI*35493576~
DTM*050*20220107~
AMT*AU*24.15~
SVC*HC>80048*46.2*6.35*0301*1~
DTM*472*20211220~
CAS*CO*45*39.85~
REF*6R*MARS0001229722-1~
AMT*B6*6.35~
SVC*HC>82550*40.7*4.88*0301*1~
DTM*472*20211220~
CAS*CO*45*35.82~
REF*6R*MARS0001229722-2~
AMT*B6*4.88~
SVC*HC>86140*74.8*3.89*0302*1~
DTM*472*20211220~
CAS*CO*45*70.91~
REF*6R*MARS0001229722-3~
AMT*B6*3.89~
SVC*HC>85651*33.95*3.2*0305*1~
DTM*472*20211220~
CAS*CO*45*30.75~
REF*6R*MARS0001229722-4~
AMT*B6*3.2~
SVC*HC>85025*44*5.83*0305*1~
DTM*472*20211220~
CAS*CO*45*38.17~
REF*6R*MARS0001229722-5~
AMT*B6*5.83~
CLP*S2288404001MSL*1*94.6*13.75**12*22004E002892~
NM1*QC*1*SPRAY*EDWARD***JR*MI*35456561~
NM1*IL*1*SPRAY*EDWARD***JR*MI*35456561~
DTM*050*20220107~
AMT*AU*13.75~
SVC*HC>80053*50.6*7.92*0301*1~
DTM*472*20211217~
CAS*CO*45*42.68~
REF*6R*MARS0001230454-1~
AMT*B6*7.92~
SVC*HC>85025*44*5.83*0305*1~
DTM*472*20211217~
CAS*CO*45*38.17~
REF*6R*MARS0001230454-2~
AMT*B6*5.83~
CLP*N0873364001MSO*1*541.23*71.92**12*22004E002893~
NM1*QC*1*GILLHAM*ANITA****MI*78102132301~
NM1*IL*1*GILLHAM*ANITA****MI*78102132301~
DTM*050*20220107~
AMT*AU*71.92~
SVC*HC>80053*50.6*0*0301*1~
DTM*472*20211228~
CAS*CO*97*50.6~
REF*6R*MARS0001229731-1~
SVC*HC>85610*45.87*0*0305*1~
DTM*472*20211228~
CAS*CO*97*45.87~
REF*6R*MARS0001229731-2~
SVC*HC>85730*50.96*0*0305*1~
DTM*472*20211228~
CAS*CO*97*50.96~
REF*6R*MARS0001229731-3~
SVC*HC>85027*40.7*0*0305*1~
DTM*472*20211228~
CAS*CO*97*40.7~
REF*6R*MARS0001229731-4~
SVC*HC>71046*353.1*71.92*0324*1~
DTM*472*20211228~
CAS*CO*45*281.18~
REF*6R*MARS0001229731-5~
AMT*B6*71.92~
CLP*S2288655001MSL*1*194.88*22.99**12*22004E002895~
NM1*QC*1*BUCH*ERMA****MI*35439021~
NM1*IL*1*BUCH*ERMA****MI*35439021~
DTM*050*20220107~
AMT*AU*22.99~
SVC*HC>83735*70.58*5.03*0301*1~
DTM*472*20211218~
CAS*CO*45*65.55~
REF*6R*MARS0001230455-1~
AMT*B6*5.03~
SVC*HC>80061*73.7*10.04*0301*1~
DTM*472*20211218~
CAS*CO*45*63.66~
REF*6R*MARS0001230455-2~
AMT*B6*10.04~
SVC*HC>80053*50.6*7.92*0301*1~
DTM*472*20211218~
CAS*CO*45*42.68~
REF*6R*MARS0001230455-3~
AMT*B6*7.92~
CLP*N0872016001MSL*1*59.4*8.6**12*22004E002897~
NM1*QC*1*NUNNELLEY*AGNES****MI*36280018~
NM1*IL*1*NUNNELLEY*AGNES****MI*36280018~
DTM*050*20220107~
AMT*AU*8.6~
SVC*HC>80048*46.2*6.35*0301*1~
DTM*472*20211221~
CAS*CO*45*39.85~
REF*6R*MARS0001229723-1~
AMT*B6*6.35~
SVC*HC>36415*13.2*2.25*0309*1~
DTM*472*20211221~
CAS*CO*45*10.95~
REF*6R*MARS0001229723-2~
AMT*B6*2.25~
CLP*S2289339001MSL*1*244.05*25.72**12*22004E002898~
NM1*QC*1*BENNETT*IVA****MI*36048133~
NM1*IL*1*BENNETT*IVA****MI*36048133~
DTM*050*20220107~
AMT*AU*25.72~
SVC*HC>82550*40.7*4.88*0301*1~
DTM*472*20211220~
CAS*CO*45*35.82~
REF*6R*MARS0001230456-2~
AMT*B6*4.88~
SVC*HC>86140*74.8*3.89*0302*1~
DTM*472*20211220~
CAS*CO*45*70.91~
REF*6R*MARS0001230456-3~
AMT*B6*3.89~
SVC*HC>85025*44*5.83*0305*1~
DTM*472*20211220~
CAS*CO*45*38.17~
REF*6R*MARS0001230456-4~
AMT*B6*5.83~
SVC*HC>85651*33.95*3.2*0305*1~
DTM*472*20211220~
CAS*CO*45*30.75~
REF*6R*MARS0001230456-5~
AMT*B6*3.2~
SVC*HC>80053*50.6*7.92*0301*1~
DTM*472*20211220~
CAS*CO*45*42.68~
REF*6R*MARS0001230456-1~
AMT*B6*7.92~
CLP*S2294278001MSO*1*617.1*96.87**12*22004E002899~
NM1*QC*1*NEAL*PAULA****MI*35071470~
NM1*IL*1*NEAL*PAULA****MI*35071470~
DTM*050*20220107~
AMT*AU*96.87~
SVC*HC>82105*134.2*0*0301*1~
DTM*472*20211229~
CAS*CO*97*134.2~
REF*6R*MARS0001230475-1~
SVC*HC>80076*45.1*0*0301*1~
DTM*472*20211229~
CAS*CO*97*45.1~
REF*6R*MARS0001230475-2~
SVC*HC>36415*13.2*0*0309*1~
DTM*472*20211229~
CAS*CO*97*13.2~
REF*6R*MARS0001230475-3~
SVC*HC>76705*424.6*96.87*0402*1~
DTM*472*20211229~
CAS*CO*45*327.73~
REF*6R*MARS0001230475-4~
AMT*B6*96.87~
CLP*S2294670001MSO*1*212.3*96.87**12*22004E002900~
NM1*QC*1*WELLS*LEE****MI*36344740~
NM1*IL*1*WELLS*LEE****MI*36344740~
DTM*050*20220107~
AMT*AU*96.87~
SVC*HC>76882*212.3*96.87*0402*1~
DTM*472*20211229~
CAS*CO*45*115.43~
REF*6R*MARS0001230478-1~
AMT*B6*96.87~
CLP*S2289728001MSL*1*60.5*6.05**12*22004E002901~
NM1*QC*1*ALLEN*CHARLES****MI*35406415~
NM1*IL*1*ALLEN*CHARLES****MI*35406415~
DTM*050*20220107~
AMT*AU*6.05~
SVC*HC>87086*60.5*6.05*0306*1~
DTM*472*20211220~
CAS*CO*45*54.45~
REF*6R*MARS0001230457-1~
AMT*B6*6.05~
CLP*N0872240001MSL*1*102.3*10.12**12*22004E002902~
NM1*QC*1*HYATT*WILFORD****MI*36100870~
NM1*IL*1*HYATT*WILFORD****MI*36100870~
DTM*050*20220107~
AMT*AU*10.12~
SVC*HC>84450*31.9*3.89*0301*1~
DTM*472*20211222~
CAS*CO*45*28.01~
REF*6R*MARS0001229724-1~
AMT*B6*3.89~
SVC*HC>84460*57.2*3.98*0301*1~
DTM*472*20211222~
CAS*CO*45*53.22~
REF*6R*MARS0001229724-2~
AMT*B6*3.98~
SVC*HC>36415*13.2*2.25*0309*1~
DTM*472*20211222~
CAS*CO*45*10.95~
REF*6R*MARS0001229724-3~
AMT*B6*2.25~
CLP*S2264231001MSR*1*921.8*372.68*40*12*22004E002906~
NM1*QC*1*WALLS*JOHN****MI*36437977~
NM1*IL*1*WALLS*JOHN****MI*36437977~
DTM*050*20220107~
AMT*AU*412.68~
SVC*HC>80048*46.2*0*0301*1~
DTM*472*20211203~
CAS*CO*97*46.2~
REF*6R*MARS0001230482-1~
SVC*HC>36415*13.2*0*0309*1~
DTM*472*20211203~
CAS*CO*97*13.2~
REF*6R*MARS0001230482-2~
SVC*HC>93798*215.6*93.17*0943*1~
DTM*472*20211203~
CAS*PR*3*10~
CAS*CO*45*112.43~
REF*6R*MARS0001230482-3~
AMT*B6*103.17~
SVC*HC>93798*215.6*93.17*0943*1~
DTM*472*20211207~
CAS*PR*3*10~
CAS*CO*45*112.43~
REF*6R*MARS0001230482-4~
AMT*B6*103.17~
SVC*HC>93798*215.6*93.17*0943*1~
DTM*472*20211210~
CAS*PR*3*10~
CAS*CO*45*112.43~
REF*6R*MARS0001230482-5~
AMT*B6*103.17~
SVC*HC>93798*215.6*93.17*0943*1~
DTM*472*20211214~
CAS*PR*3*10~
CAS*CO*45*112.43~
REF*6R*MARS0001230482-6~
AMT*B6*103.17~
CLP*S2294987001MSO*1*4870.8*1220.93*95*12*22005E003109~
NM1*QC*1*MORGAN*JERRY****MI*36181258~
NM1*IL*1*MORGAN*JERRY****MI*36181258~
DTM*050*20220107~
AMT*AU*1315.93~
SVC*HC>78815*4111.8*1220.93*0404*1~
DTM*472*20211230~
CAS*PR*3*95~
CAS*CO*45*2795.87~
REF*6R*MARS0001234710-1~
AMT*B6*1315.93~
SVC*HC>A9552*759*0*0636*1~
DTM*472*20211230~
CAS*CO*97*759~
REF*6R*MARS0001234710-2~
CLP*N0873333002MSL*1*192*85.04**12*22005E003115~
NM1*QC*1*COOK*DORIS****MI*35150224~
NM1*IL*1*COOK*DORIS****MI*35150224~
DTM*050*20220107~
AMT*AU*85.04~
SVC*HC>80061*67*10.04*0301*1~
DTM*472*20211228~
CAS*CO*45*56.96~
REF*6R*MARS0001234266-1~
AMT*B6*10.04~
SVC*HC>U0003*100*56.25*0306*1~
DTM*472*20211228~
CAS*CO*45*43.75~
REF*6R*MARS0001234266-2~
AMT*B6*56.25~
SVC*HC>U0005*25*18.75*0306*1~
DTM*472*20211228~
CAS*CO*45*6.25~
REF*6R*MARS0001234266-3~
AMT*B6*18.75~
CLP*S2295221003MSO*1*265.1*108.46**12*22005E003117~
NM1*QC*1*ABBOTT*BARBARA****MI*36181565~
NM1*IL*1*ABBOTT*BARBARA****MI*36181565~
DTM*050*20220107~
AMT*AU*108.46~
SVC*HC>77067*210.1*85.84*0403*1~
DTM*472*20211230~
CAS*CO*45*124.26~
REF*6R*MARS0001234711-1~
AMT*B6*85.84~
SVC*HC>77063*55*22.62*0403*1~
DTM*472*20211230~
CAS*CO*45*32.38~
REF*6R*MARS0001234711-2~
AMT*B6*22.62~
CLP*S2282482001MSL*1*216.7*32.44**12*22005E003120~
NM1*QC*1*HAWKINS*JAMES****MI*35452488~
NM1*IL*1*HAWKINS*JAMES****MI*35452488~
DTM*050*20220107~
AMT*AU*32.44~
SVC*HC>80061*73.7*10.04*0301*1~
DTM*472*20211209~
CAS*CO*45*63.66~
REF*6R*MARS0001234695-1~
AMT*B6*10.04~
SVC*HC>80053*50.6*7.92*0301*1~
DTM*472*20211209~
CAS*CO*45*42.68~
REF*6R*MARS0001234695-2~
AMT*B6*7.92~
SVC*HC>G0103*92.4*14.48*0301*1~
DTM*472*20211209~
CAS*CO*45*77.92~
REF*6R*MARS0001234695-3~
AMT*B6*14.48~
CLP*S2290295001MSL*1*304.7*31.55**12*22005E003123~
NM1*QC*1*TOLBERT*DANNY****MI*35979522~
NM1*IL*1*TOLBERT*DANNY****MI*35979522~
DTM*050*20220107~
AMT*AU*31.55~
SVC*HC>80048*46.2*6.35*0301*1~
DTM*472*20211221~
CAS*CO*45*39.85~
REF*6R*MARS0001234698-1~
AMT*B6*6.35~
SVC*HC>84443*103.4*12.6*0301*1~
DTM*472*20211221~
CAS*CO*45*90.8~
REF*6R*MARS0001234698-2~
AMT*B6*12.6~
SVC*HC>84439*111.1*6.77*0301*1~
DTM*472*20211221~
CAS*CO*45*104.33~
REF*6R*MARS0001234698-3~
AMT*B6*6.77~
SVC*HC>85025*44*5.83*0305*1~
DTM*472*20211221~
CAS*CO*45*38.17~
REF*6R*MARS0001234698-4~
AMT*B6*5.83~
CLP*S2290482001MSL*1*89.1*7.74**12*22005E003131~
NM1*QC*1*HALLMARK*BILLY****MI*35523343~
NM1*IL*1*HALLMARK*BILLY****MI*35523343~
DTM*050*20220107~
AMT*AU*7.74~
SVC*HC>87086*60.5*6.05*0306*1~
DTM*472*20211221~
CAS*CO*45*54.45~
REF*6R*MARS0001234702-1~
AMT*B6*6.05~
SVC*HC>81003*28.6*1.69*0307*1~
DTM*472*20211221~
CAS*CO*45*26.91~
REF*6R*MARS0001234702-2~
AMT*B6*1.69~
CLP*N0872955001MSL*1*296.6*95.9**12*22005E003138~
NM1*QC*1*DUKE*DOYLE****MI*35191303~
NM1*IL*1*DUKE*DOYLE****MI*35191303~
DTM*050*20220107~
AMT*AU*95.9~
SVC*HC>84443*103.4*12.6*0301*1~
DTM*472*20211227~
CAS*CO*45*90.8~
REF*6R*MARS0001234262-1~
AMT*B6*12.6~
SVC*HC>87086*55*6.05*0306*1~
DTM*472*20211227~
CAS*CO*45*48.95~
REF*6R*MARS0001234262-2~
AMT*B6*6.05~
SVC*HC>U0003*100*56.25*0306*1~
DTM*472*20211227~
CAS*CO*45*43.75~
REF*6R*MARS0001234262-3~
AMT*B6*56.25~
SVC*HC>U0005*25*18.75*0306*1~
DTM*472*20211227~
CAS*CO*45*6.25~
REF*6R*MARS0001234262-4~
AMT*B6*18.75~
SVC*HC>36415*13.2*2.25*0309*1~
DTM*472*20211227~
CAS*CO*45*10.95~
REF*6R*MARS0001234262-5~
AMT*B6*2.25~
CLP*N0873824001MSL*1*803.08*101.66**12*22005E003149~
NM1*QC*1*PENNINGTON*BILLIE****MI*35438309~
NM1*IL*1*PENNINGTON*BILLIE****MI*35438309~
DTM*050*20220107~
AMT*AU*101.66~
SVC*HC>84443*103.4*12.6*0301*1~
DTM*472*20211229~
CAS*CO*45*90.8~
REF*6R*MARS0001234268-1~
AMT*B6*12.6~
SVC*HC>83735*70.58*5.03*0301*1~
DTM*472*20211229~
CAS*CO*45*65.55~
REF*6R*MARS0001234268-2~
AMT*B6*5.03~
SVC*HC>80053*50.6*7.92*0301*1~
DTM*472*20211229~
CAS*CO*45*42.68~
REF*6R*MARS0001234268-3~
AMT*B6*7.92~
SVC*HC>80061*67*10.04*0301*1~
DTM*472*20211229~
CAS*CO*45*56.96~
REF*6R*MARS0001234268-4~
AMT*B6*10.04~
SVC*HC>82607*73.7*11.31*0301*1~
DTM*472*20211229~
CAS*CO*45*62.39~
REF*6R*MARS0001234268-5~
AMT*B6*11.31~
SVC*HC>82746*90.2*11.03*0301*1~
DTM*472*20211229~
CAS*CO*45*79.17~
REF*6R*MARS0001234268-6~
AMT*B6*11.03~
SVC*HC>84439*111.1*6.77*0301*1~
DTM*472*20211229~
CAS*CO*45*104.33~
REF*6R*MARS0001234268-7~
AMT*B6*6.77~
SVC*HC>82652*179.3*28.88*0301*1~
DTM*472*20211229~
CAS*CO*45*150.42~
REF*6R*MARS0001234268-8~
AMT*B6*28.88~
SVC*HC>85025*44*5.83*0305*1~
DTM*472*20211229~
CAS*CO*45*38.17~
REF*6R*MARS0001234268-9~
AMT*B6*5.83~
SVC*HC>36415*13.2*2.25*0309*1~
DTM*472*20211229~
CAS*CO*45*10.95~
REF*6R*MARS0001234268-10~
AMT*B6*2.25~
CLP*S2290345001MSL*1*242*35.1**12*22005E003166~
NM1*QC*1*BAILEY*SHELBY****MI*35567730~
NM1*IL*1*BAILEY*SHELBY****MI*35567730~
DTM*050*20220107~
AMT*AU*35.1~
SVC*HC>80053*50.6*7.92*0301*1~
DTM*472*20211221~
CAS*CO*45*42.68~
REF*6R*MARS0001234701-1~
AMT*B6*7.92~
SVC*HC>80061*73.7*10.04*0301*1~
DTM*472*20211221~
CAS*CO*45*63.66~
REF*6R*MARS0001234701-2~
AMT*B6*10.04~
SVC*HC>82607*73.7*11.31*0301*1~
DTM*472*20211221~
CAS*CO*45*62.39~
REF*6R*MARS0001234701-3~
AMT*B6*11.31~
SVC*HC>85025*44*5.83*0305*1~
DTM*472*20211221~
CAS*CO*45*38.17~
REF*6R*MARS0001234701-4~
AMT*B6*5.83~
CLP*N0873896001MSO*1*59.4*8.6**12*22005E003171~
NM1*QC*1*NUNNELLEY*KENNETH****MI*36278033~
NM1*IL*1*NUNNELLEY*KENNETH****MI*36278033~
DTM*050*20220107~
AMT*AU*8.6~
SVC*HC>80048*46.2*6.35*0301*1~
DTM*472*20211229~
CAS*CO*45*39.85~
REF*6R*MARS0001234274-1~
AMT*B6*6.35~
SVC*HC>36415*13.2*2.25*0309*1~
DTM*472*20211229~
CAS*CO*45*10.95~
REF*6R*MARS0001234274-2~
AMT*B6*2.25~
CLP*N0868088001MSO*1*457.33*115.88*90*12*22005E003176~
NM1*QC*1*ELLIS*DAVID****MI*36003146~
NM1*IL*1*ELLIS*DAVID****MI*36003146~
DTM*050*20220107~
AMT*AU*205.88~
SVC*NU>0270*109.73*0**1~
DTM*472*20211205~
CAS*CO*97*109.73~
REF*6R*MARS0001234269-1~
SVC*HC>81003*28.6*0*0307*1~
DTM*472*20211205~
CAS*CO*97*28.6~
REF*6R*MARS0001234269-2~
SVC*HC>51702*104.5*0*0450*1~
DTM*472*20211205~
CAS*CO*97*104.5~
REF*6R*MARS0001234269-3~
SVC*HC>99283*214.5*115.88*0450*1~
DTM*472*20211205~
CAS*PR*3*90~
CAS*CO*45*8.62~
REF*6R*MARS0001234269-4~
AMT*B6*205.88~
CLP*S2292154001MSO*1*784.3*330.21*90*12*22005E003187~
NM1*QC*1*LEATH*JAMES****MI*35429557~
NM1*IL*1*LEATH*JAMES****MI*35429557~
DTM*050*20220107~
AMT*AU*420.21~
SVC*HC>99284*275*233.34*0450*1~
DTM*472*20211225~
CAS*PR*3*90~
CAS*CO*45*-48.34~
REF*6R*MARS0001234707-1~
AMT*B6*323.34~
SVC*HC>93971*509.3*96.87*0921*1~
DTM*472*20211225~
CAS*CO*45*412.43~
REF*6R*MARS0001234707-2~
AMT*B6*96.87~
PLB*831651180*20221231*L6*-.07~
SE*1540*1001~
GE*1*1~
IEA*1*262477042~
