ISA*00*          *00*          *ZZ*133052274      *ZZ*XXXXXXXXXXXXXXX*220119*0250*^*00501*100358959*0*P*>~
GS*HP*133052274*XX*20220119*0250*1*X*005010X221A1~
ST*835*1937~
BPR*I*85.98*C*ACH*CCP*01*031100209*DA*0038865237*1066033492**01*073902313*DA*1028049*20220121~
TRN*1*160118220263105*1066033492~
REF*EV*XXXXXXXXXXXXXXXXXXXXXXXXXXXXXX~
DTM*405*20220119~
N1*PR*AETNA~
N3*151 FARMINGTON AVENUE~
N4*HARTFORD*CT*06156~
REF*2U*60054~
PER*BL*Provider Service~
N1*PE*HOLY SPIRIT RETIREMENT HO*XX*1508855271~
N3*1701 W 25TH ST~
N4*SIOUX CITY*IA*511031705~
REF*PQ*438507990~
REF*TJ*426102778~
LX*1~
TS3*1508855271*23*20221231*2*0~
CLP*17131500000T5B*22*-1665.63*-344.23**13*210810E772750000*23*4~
NM1*QC*1*SKIBINSKI*CHESTER****MI*MEBM41CJ~
NM1*82*2*HOLY SPIRIT RETIREMENT HO*****XX*1508855271~
REF*1L*466916-089~
REF*CE*USS MEDICARE ESA PPO PLAN NET 04484~
DTM*232*20210701~
DTM*233*20210714~
DTM*050*20210810~
PER*CX**TE*8006240756~
SVC*HC>97116>GP>KX>CQ*-85.98*-3.66*0420*1~
DTM*472*20210701~
CAS*CO*45*-57.32~
CAS*PR*3*-25~
REF*6R*A6XP0002530070-3~
LQ*HE*N59~
SVC*HC>97112>GP>KX>CQ*-199.5*-66.5*0420*2~
DTM*472*20210701~
CAS*CO*45*-133~
REF*6R*A6XP0002530070-2~
LQ*HE*N59~
SVC*HC>97110>GP>KX>CQ*-85.98*-28.66*0420*1~
DTM*472*20210701~
CAS*CO*45*-57.32~
REF*6R*A6XP0002530070-1~
LQ*HE*N59~
SVC*HC>97116>GP>KX>CQ*-171.96*-32.32*0420*2~
DTM*472*20210707~
CAS*CO*45*-114.64~
CAS*PR*3*-25~
REF*6R*A6XP0002530070-5~
LQ*HE*N59~
SVC*HC>97110>GP>KX>CQ*-85.98*-28.66*0420*1~
DTM*472*20210707~
CAS*CO*45*-57.32~
REF*6R*A6XP0002530070-4~
LQ*HE*N59~
SVC*HC>97530>GP>KX*-110.55*-11.85*0420*1~
DTM*472*20210708~
CAS*CO*45*-73.7~
CAS*PR*3*-25~
REF*6R*A6XP0002530070-8~
LQ*HE*N59~
SVC*HC>97116>GP>KX*-85.98*0*0420*0**1~
DTM*472*20210708~
CAS*CO*231*-85.98*1~
REF*6R*A6XP0002530070-7~
SVC*HC>97112>GP>KX*-99.75*-33.25*0420*1~
DTM*472*20210708~
CAS*CO*45*-66.5~
REF*6R*A6XP0002530070-6~
LQ*HE*N59~
SVC*HC>97116>GP>KX>CQ*-85.98*-3.66*0420*1~
DTM*472*20210713~
CAS*CO*45*-57.32~
CAS*PR*3*-25~
REF*6R*A6XP0002530070-11~
LQ*HE*N59~
SVC*HC>97112>GP>KX>CQ*-199.5*-66.5*0420*2~
DTM*472*20210713~
CAS*CO*45*-133~
REF*6R*A6XP0002530070-10~
LQ*HE*N59~
SVC*HC>97110>GP>KX>CQ*-85.98*-28.66*0420*1~
DTM*472*20210713~
CAS*CO*45*-57.32~
REF*6R*A6XP0002530070-9~
LQ*HE*N59~
SVC*HC>97530>GP>KX*-110.55*-11.85*0420*1~
DTM*472*20210714~
CAS*CO*45*-73.7~
CAS*PR*3*-25~
REF*6R*A6XP0002530070-14~
LQ*HE*N59~
SVC*HC>97116>GP>KX*-171.96*0*0420*0**2~
DTM*472*20210714~
CAS*CO*231*-171.96*2~
REF*6R*A6XP0002530070-13~
SVC*HC>97110>GP>KX*-85.98*-28.66*0420*1~
DTM*472*20210714~
CAS*CO*45*-57.32~
REF*6R*A6XP0002530070-12~
LQ*HE*N59~
CLP*17131500000T5B*1*1665.63*430.21*125*13*211209C772750000*23*4~
NM1*QC*1*SKIBINSKI*CHESTER****MI*MEBM41CJ~
NM1*82*2*HOLY SPIRIT RETIREMENT HO*****XX*1508855271~
REF*1L*466916-089~
REF*CE*USS MEDICARE ESA PPO PLAN NET 04484~
REF*F8*210810E772750000~
DTM*232*20210701~
DTM*233*20210714~
DTM*050*20211209~
PER*CX**TE*8006240756~
AMT*AU*1665.63~
SVC*HC>97116>GP>KX>CQ*85.98*3.66*0420*1~
DTM*472*20210701~
CAS*CO*45*57.32~
CAS*PR*3*25~
REF*6R*A6XP0002530070-3~
AMT*B6*28.66~
LQ*HE*N59~
SVC*HC>97112>GP>KX>CQ*199.5*66.5*0420*2~
DTM*472*20210701~
CAS*CO*45*133~
REF*6R*A6XP0002530070-2~
AMT*B6*66.5~
LQ*HE*N59~
SVC*HC>97110>GP>KX>CQ*85.98*28.66*0420*1~
DTM*472*20210701~
CAS*CO*45*57.32~
REF*6R*A6XP0002530070-1~
AMT*B6*28.66~
LQ*HE*N59~
SVC*HC>97116>GP>KX>CQ*171.96*32.32*0420*2~
DTM*472*20210707~
CAS*CO*45*114.64~
CAS*PR*3*25~
REF*6R*A6XP0002530070-5~
AMT*B6*57.32~
LQ*HE*N59~
SVC*HC>97110>GP>KX>CQ*85.98*28.66*0420*1~
DTM*472*20210707~
CAS*CO*45*57.32~
REF*6R*A6XP0002530070-4~
AMT*B6*28.66~
LQ*HE*N59~
SVC*HC>97530>GP>KX*110.55*11.85*0420*1~
DTM*472*20210708~
CAS*CO*45*73.7~
CAS*PR*3*25~
REF*6R*A6XP0002530070-8~
AMT*B6*36.85~
LQ*HE*N59~
SVC*HC>97116>GP>KX*85.98*28.66*0420*1~
DTM*472*20210708~
CAS*CO*45*57.32~
REF*6R*A6XP0002530070-7~
AMT*B6*28.66~
LQ*HE*N59~
SVC*HC>97112>GP>KX*99.75*33.25*0420*1~
DTM*472*20210708~
CAS*CO*45*66.5~
REF*6R*A6XP0002530070-6~
AMT*B6*33.25~
LQ*HE*N59~
SVC*HC>97116>GP>KX>CQ*85.98*3.66*0420*1~
DTM*472*20210713~
CAS*CO*45*57.32~
CAS*PR*3*25~
REF*6R*A6XP0002530070-11~
AMT*B6*28.66~
LQ*HE*N59~
SVC*HC>97112>GP>KX>CQ*199.5*66.5*0420*2~
DTM*472*20210713~
CAS*CO*45*133~
REF*6R*A6XP0002530070-10~
AMT*B6*66.5~
LQ*HE*N59~
SVC*HC>97110>GP>KX>CQ*85.98*28.66*0420*1~
DTM*472*20210713~
CAS*CO*45*57.32~
REF*6R*A6XP0002530070-9~
AMT*B6*28.66~
LQ*HE*N59~
SVC*HC>97530>GP>KX*110.55*11.85*0420*1~
DTM*472*20210714~
CAS*CO*45*73.7~
CAS*PR*3*25~
REF*6R*A6XP0002530070-14~
AMT*B6*36.85~
LQ*HE*N59~
SVC*HC>97116>GP>KX*171.96*57.32*0420*2~
DTM*472*20210714~
CAS*CO*45*114.64~
REF*6R*A6XP0002530070-13~
AMT*B6*57.32~
LQ*HE*N59~
SVC*HC>97110>GP>KX*85.98*28.66*0420*1~
DTM*472*20210714~
CAS*CO*45*57.32~
REF*6R*A6XP0002530070-12~
AMT*B6*28.66~
LQ*HE*N59~
SE*200*1937~
GE*1*1~
IEA*1*100358959~
