ISA*00*          *00*          *ZZ*133052274      *ZZ*XXXXXXXXXXXXXXX*220119*0250*^*00501*100358959*0*P*>~
GS*HP*133052274*XX*20220119*0250*1*X*005010X221A1~
ST*835*0401~
BPR*I*22223.5*C*ACH*CCP*01*011900445*DA*0000009046*1066033492**01*061201754*DA*2048648022*20220124~
TRN*1*822019000271153*1066033492~
REF*EV*XXXXXXXXXXXXXXXXXXXXXXXXXXXXXX~
DTM*405*20220119~
N1*PR*AETNA~
N3*151 FARMINGTON AVENUE~
N4*HARTFORD*CT*06156~
REF*2U*60054~
PER*BL*Provider Service~
N1*PE*HOSPITAL AUTHORITY OF COLQUITT COUNTY*XX*1912099094~
N3*3131 S MAIN ST~
N4*MOULTRIE*GA*317686925~
REF*PQ*722339000~
REF*TJ*580607088~
LX*1~
TS3*1912099094*22*20221231*3*30140.46~
CLP*BAB00023705990*1*20546.69*14300.49*3575.13*13*E7ACT8KZN0000*13*1~
NM1*QC*1*SLAYTON*ROBERT****MI*W461620207~
NM1*82*2*COLQUITT REGIONAL MEDICAL CENTER*****XX*1912099094~
MOA***MA15~
REF*1L*0800100-031-00001-KH~
REF*CE*Aetna Choice  POS II NET 03903~
DTM*232*20211216~
DTM*233*20211217~
DTM*050*20211225~
PER*CX**TE*8886323862~
AMT*AU*19947~
SVC*HC>49650*17835*12413.16*0360*1~
DTM*472*20211216~
CAS*CO*45*2318.55~
CAS*PR*2*3103.29~
REF*6R*CRMC0003443537-26~
AMT*B6*15516.45~
SVC*HC>G0378*1248*1285.99*0762*13~
DTM*472*20211216~
CAS*OA*94*-359.49~
CAS*PR*2*321.5~
REF*6R*CRMC0003443537-37~
AMT*B6*1607.49~
SVC*HC>G0378*864*601.34*0762*9~
DTM*472*20211217~
CAS*CO*45*112.32~
CAS*PR*2*150.34~
REF*6R*CRMC0003443537-38~
AMT*B6*751.68~
SVC*HC>J0171*24.6*0*0636*1~
DTM*472*20211216~
CAS*CO*97*24.6~
REF*6R*CRMC0003443537-28~
LQ*HE*N20~
SVC*HC>J0690*131.79*0*0636*4~
DTM*472*20211216~
CAS*CO*97*131.79~
REF*6R*CRMC0003443537-29~
LQ*HE*N20~
SVC*HC>J1170*49.2*0*0636*2~
DTM*472*20211216~
CAS*CO*97*49.2~
REF*6R*CRMC0003443537-30~
LQ*HE*N20~
SVC*HC>J2001*36.7*0*0636*1~
DTM*472*20211216~
CAS*CO*97*36.7~
REF*6R*CRMC0003443537-31~
LQ*HE*N20~
SVC*HC>J2001*36.7*0*0636*1~
DTM*472*20211216~
CAS*CO*97*36.7~
REF*6R*CRMC0003443537-32~
LQ*HE*N20~
SVC*HC>J2250*24.6*0*0636*1~
DTM*472*20211216~
CAS*CO*97*24.6~
REF*6R*CRMC0003443537-33~
LQ*HE*N20~
SVC*HC>J3010*24.6*0*0636*1~
DTM*472*20211216~
CAS*CO*97*24.6~
REF*6R*CRMC0003443537-34~
LQ*HE*N20~
SVC*HC>J2001*24.6*0*0250*1~
DTM*472*20211216~
CAS*CO*97*24.6~
REF*6R*CRMC0003443537-1~
LQ*HE*N20~
SVC*HC>J2704*24.6*0*0250*1~
DTM*472*20211216~
CAS*CO*97*24.6~
REF*6R*CRMC0003443537-2~
LQ*HE*N20~
SVC*HC>J3490*25.06*0*0250*1~
DTM*472*20211216~
CAS*CO*97*25.06~
REF*6R*CRMC0003443537-3~
LQ*HE*N20~
SVC*NU>0250*24.6*0**1~
DTM*472*20211216~
CAS*CO*97*24.6~
REF*6R*CRMC0003443537-5~
LQ*HE*N20~
SVC*NU>0250*69.19*0**1~
DTM*472*20211216~
CAS*CO*97*69.19~
REF*6R*CRMC0003443537-6~
LQ*HE*N20~
SVC*NU>0250*10.76*0**4~
DTM*472*20211216~
CAS*CO*97*10.76~
REF*6R*CRMC0003443537-7~
LQ*HE*N20~
SVC*NU>0250*2.69*0**1~
DTM*472*20211216~
CAS*CO*97*2.69~
REF*6R*CRMC0003443537-8~
LQ*HE*N20~
SVC*HC>J7030*90*0*0250*2~
DTM*472*20211216~
CAS*CO*97*90~
REF*6R*CRMC0003443537-4~
LQ*HE*N20~
CLP*BAB00023705990*1*8588.77*7048.66*392.25*13*E7ACT8KZN0001*13*1~
NM1*QC*1*SLAYTON*ROBERT****MI*W461620207~
NM1*82*2*COLQUITT REGIONAL MEDICAL CENTER*****XX*1912099094~
MOA***MA15~
REF*1L*0800100-031-00001-KH~
REF*CE*Aetna Choice  POS II NET 03903~
DTM*232*20211209~
DTM*233*20211217~
DTM*050*20211225~
PER*CX**TE*8886323862~
AMT*AU*2.69~
SVC*NU>0250*2.69*7048.66**1~
DTM*472*20211216~
CAS*OA*94*-7438.22~
CAS*PR*2*392.25~
REF*6R*CRMC0003443537-9~
AMT*B6*7440.91~
SVC*NU>0250*2.69*0**1~
DTM*472*20211217~
CAS*CO*97*2.69~
REF*6R*CRMC0003443537-10~
LQ*HE*N20~
SVC*NU>0250*2.69*0**1~
DTM*472*20211217~
CAS*CO*97*2.69~
REF*6R*CRMC0003443537-11~
LQ*HE*N20~
SVC*NU>0258*121.85*0**1~
DTM*472*20211216~
CAS*CO*97*121.85~
REF*6R*CRMC0003443537-12~
LQ*HE*N20~
SVC*NU>0258*121.85*0**1~
DTM*472*20211216~
CAS*CO*97*121.85~
REF*6R*CRMC0003443537-13~
LQ*HE*N20~
SVC*NU>0272*1304*0**10~
DTM*472*20211216~
CAS*CO*97*1304~
REF*6R*CRMC0003443537-19~
LQ*HE*N20~
SVC*NU>0270*55*0**1~
DTM*472*20211216~
CAS*CO*97*55~
REF*6R*CRMC0003443537-16~
LQ*HE*N20~
SVC*NU>0270*568*0**7~
DTM*472*20211216~
CAS*CO*97*568~
REF*6R*CRMC0003443537-17~
LQ*HE*N20~
SVC*NU>0370*2356*0**7~
DTM*472*20211216~
CAS*CO*97*2356~
REF*6R*CRMC0003443537-27~
LQ*HE*N20~
SVC*NU>0710*741*0**1~
DTM*472*20211216~
CAS*CO*97*741~
REF*6R*CRMC0003443537-35~
LQ*HE*N20~
SVC*HC>96365>59*510*0*0260*1~
DTM*472*20211216~
CAS*CO*97*510~
REF*6R*CRMC0003443537-14~
LQ*HE*N20~
SVC*HC>96366>59*2442*0*0260*11~
DTM*472*20211216~
CAS*CO*97*2442~
REF*6R*CRMC0003443537-15~
LQ*HE*N20~
SVC*HC>93010*85*0*0985*1~
DTM*472*20211209~
CAS*CO*97*85~
REF*6R*CRMC0003443537-39~
LQ*HE*N20~
SVC*HC>36415*18*0*0300*0**1~
DTM*472*20211209~
CAS*CO*97*18*2~
REF*6R*CRMC0003443537-20~
LQ*HE*N19~
LQ*HE*N20~
SVC*HC>80053*96*0*0300*1~
DTM*472*20211209~
CAS*CO*97*96~
REF*6R*CRMC0003443537-21~
LQ*HE*N20~
SVC*HC>85025*65*0*0300*1~
DTM*472*20211209~
CAS*CO*97*65~
REF*6R*CRMC0003443537-22~
LQ*HE*N20~
SVC*HC>36415*18*0*0300*0**1~
DTM*472*20211217~
CAS*CO*97*18*2~
REF*6R*CRMC0003443537-23~
LQ*HE*N19~
LQ*HE*N20~
SVC*HC>80048*79*0*0300*1~
DTM*472*20211217~
CAS*CO*97*79~
REF*6R*CRMC0003443537-24~
LQ*HE*N20~
CLP*BAB00023705990*1*1005*874.35**13*E7ACT8KZN0002*13*1~
NM1*QC*1*SLAYTON*ROBERT****MI*W461620207~
NM1*82*2*COLQUITT REGIONAL MEDICAL CENTER*****XX*1912099094~
MOA***MA15~
REF*1L*0800100-031-00001-KH~
REF*CE*Aetna Choice  POS II NET 03903~
DTM*232*20211209~
DTM*233*20211217~
DTM*050*20211225~
PER*CX**TE*8886323862~
AMT*AU*56~
SVC*HC>85027*56*874.35*0300*1~
DTM*472*20211217~
CAS*OA*94*-818.35~
REF*6R*CRMC0003443537-25~
AMT*B6*874.35~
SVC*HC>93005*269*0*0730*1~
DTM*472*20211209~
CAS*CO*97*269~
REF*6R*CRMC0003443537-36~
LQ*HE*N20~
SVC*NU>0271*680*0**23~
DTM*472*20211216~
CAS*CO*97*680~
REF*6R*CRMC0003443537-18~
LQ*HE*N20~
SE*252*0401~
GE*1*1~
IEA*1*100358959~
