ISA*00*          *00*          *ZZ*133052274      *ZZ*HOSP 60054     *220119*0250*^*00501*100358959*0*P*>~
GS*HP*133052274*XX*20220119*0250*1*X*005010X221A1~
ST*835*0440~
BPR*I*499.8*C*ACH*CCP*01*011900445*DA*0000009046*1066033492**01*057000668*DA*0005174383091*20220124~
TRN*1*822019000278524*1066033492~
REF*EV*XXXXXXXXXXXXXXXXXXXXXXXXXXXXXX~
DTM*405*20220119~
N1*PR*AETNA~
N3*151 FARMINGTON AVENUE~
N4*HARTFORD*CT*06156~
REF*2U*60054~
PER*BL*Provider Service~
N1*PE*FULTON COUNTY MEDICAL CENTER*XX*1326044694~
N3*214 PEACH ORCHARD RD~
N4*MC CONNELLSBG*PA*172338559~
REF*PQ*289105080~
REF*TJ*231401561~
LX*1~
TS3*1326044694*22*20221231*1*588~
CLP*FCA00008534952*1*588*499.8**13*EFFCWZX930000*13*1~
NM1*QC*1*KEEFER*JOHN*L***MI*W259759085~
NM1*82*2*FULTON COUNTY MEDICAL CENTER*****XX*1326044694~
REF*1L*0891041-010-00001- A~
REF*CE*Aetna Choice  POS II NET 00563~
DTM*232*20220103~
DTM*233*20220103~
DTM*050*20220112~
PER*CX**TE*8886323862~
AMT*AU*588~
SVC*HC>93971*588*499.8*0921*1~
DTM*472*20220103~
CAS*CO*45*88.2~
REF*6R*FLXP0002414899-1~
AMT*B6*499.8~
SE*33*0440~
ST*835*0966~
BPR*I*65.07*C*ACH*CCP*01*031100209*DA*0038865237*1066033492**01*057000668*DA*0005174383091*20220121~
TRN*1*160118220252960*1066033492~
REF*EV*XXXXXXXXXXXXXXXXXXXXXXXXXXXXXX~
DTM*405*20220119~
N1*PR*AETNA~
N3*151 FARMINGTON AVENUE~
N4*HARTFORD*CT*06156~
REF*2U*60054~
PER*BL*Provider Service~
N1*PE*FULTON COUNTY MEDICAL CENTER*XX*1326044694~
N3*214 PEACH ORCHARD RD~
N4*MC CONNELLSBURG*PA*172338559~
REF*PQ*289105080~
REF*TJ*231401561~
LX*1~
TS3*1912984832*11*20221231*1*165~
CLP*FCA00008567418*1*165*65.07*30*13*220114E010530000*11*1~
NM1*QC*1*MOORE*NORMA*J***MI*MEBFF9BK~
NM1*82*2*FULTON COUNTY MEDICAL CENTER*****XX*1912984832~
REF*1L*467428-011~
REF*CE*MEDICARE OPEN ACCESS PPO PLAN NET 03399~
DTM*232*20211207~
DTM*233*20211207~
DTM*050*20220114~
PER*CX**TE*8006240756~
AMT*AU*165~
SVC*HC>99214*165*65.07**1~
DTM*472*20211207~
CAS*CO*45*69.93~
CAS*PR*3*30~
REF*6R*FLXP0002415318-1~
AMT*B6*95.07~
LQ*HE*N59~
SE*35*0966~
ST*835*0967~
BPR*I*187.16*C*ACH*CCP*01*031100209*DA*0038865237*1066033492**01*057000668*DA*0005174383091*20220121~
TRN*1*160118220256167*1066033492~
REF*EV*XXXXXXXXXXXXXXXXXXXXXXXXXXXXXX~
DTM*405*20220119~
N1*PR*AETNA~
N3*151 FARMINGTON AVENUE~
N4*HARTFORD*CT*06156~
REF*2U*60054~
PER*BL*Provider Service~
N1*PE*FULTON COUNTY MEDICAL CENTER*XX*1326044694~
N3*214 PEACH ORCHARD RD~
N4*MC CONNELLSBURG*PA*172338559~
REF*PQ*289105080~
REF*TJ*231401561~
LX*1~
TS3*1023065968*21*20221231*1*672~
CLP*FCA00008552280*1*672*187.16**13*220114E022900000*21*1~
NM1*QC*1*SHEEHAN*MARY*W***MI*MEBFHQ4N~
NM1*82*2*FULTON COUNTY MEDICAL CENTER*****XX*1023065968~
REF*G1*3016967~
REF*1L*467428-011~
REF*CE*MEDICARE OPEN ACCESS PPO PLAN NET 03399~
DTM*232*20211224~
DTM*233*20211225~
DTM*050*20220114~
PER*CX**TE*8006240756~
AMT*AU*672~
SVC*HC>99233*336*93.58**1~
DTM*472*20211224~
CAS*CO*45*242.42~
REF*6R*FLXP0002415470-1~
AMT*B6*93.58~
LQ*HE*N59~
SVC*HC>99233*336*93.58**1~
DTM*472*20211225~
CAS*CO*45*242.42~
REF*6R*FLXP0002415470-2~
AMT*B6*93.58~
LQ*HE*N59~
LX*2~
TS3*1154526747*23*20221231*1*303~
CLP*FCA00008552306*1*303*0*303*13*220114E072990000*23*1~
NM1*QC*1*SHEEHAN*MARY*W***MI*MEBFHQ4N~
NM1*82*2*FULTON COUNTY MEDICAL CENTER*****XX*1154526747~
REF*1L*467428-011~
REF*CE*MEDICARE OPEN ACCESS PPO PLAN NET 03399~
DTM*232*20211220~
DTM*233*20211220~
DTM*050*20220114~
PER*CX**TE*8006240756~
SVC*HC>99284*303*0**0**1~
DTM*472*20211220~
CAS*PR*B20*303*1~
REF*6R*FLXP0002415472-1~
SE*56*0967~
ST*835*0968~
BPR*I*1586.6*C*ACH*CCP*01*031100209*DA*0038865237*1066033492**01*057000668*DA*0005174383091*20220121~
TRN*1*160118220257522*1066033492~
REF*EV*XXXXXXXXXXXXXXXXXXXXXXXXXXXXXX~
DTM*405*20220119~
N1*PR*AETNA~
N3*151 FARMINGTON AVENUE~
N4*HARTFORD*CT*06156~
REF*2U*60054~
PER*BL*Provider Service~
N1*PE*FULTON COUNTY MEDICAL CENTER*XX*1255302402~
N3*214 PEACH ORCHARD RD~
N4*MC CONNELLSBURG*PA*172338559~
REF*PQ*289105080~
REF*TJ*231401561~
LX*1~
TS3*1255302402*32*20221231*4*3954.01~
CLP*0000011099*1*3954.01*1586.6**13*211228E196930000*32*9~
NM1*QC*1*WARTHIN*BETTY*A***MI*MEBF4RXD~
NM1*82*2*FULTON COUNTY MEDICAL CENTER*****XX*1255302402~
REF*1L*443433-009~
REF*CE*UAW MACK TRUCK RETIREE PLAN NET 03399~
DTM*232*20211111~
DTM*233*20211210~
DTM*050*20211228~
PER*CX**TE*8006240756~
AMT*AU*3954~
SVC*HP>2GB11*0*0*0023*1~
DTM*472*20211111~
REF*6R*FLXP0002403553-1~
LQ*HE*N19~
SVC*HC>Q5001*.01*0*0551*0**1~
DTM*472*20211111~
CAS*CO*97*.01*1~
REF*6R*FLXP0002403553-3~
LQ*HE*N130~
SVC*HC>G0299>91*282*121*0551*5*HC>G0299~
DTM*472*20211111~
CAS*CO*45*161~
REF*6R*FLXP0002403553-2~
AMT*B6*121~
LQ*HE*N59~
SVC*HC>G0299*282*121*0551*3~
DTM*472*20211115~
CAS*CO*45*161~
REF*6R*FLXP0002403553-4~
AMT*B6*121~
LQ*HE*N59~
SVC*HC>G0151>91*330*119*0421*5*HC>G0151~
DTM*472*20211116~
CAS*CO*45*211~
REF*6R*FLXP0002403553-5~
AMT*B6*119~
LQ*HE*N59~
SVC*HC>G0299*282*121*0551*3~
DTM*472*20211122~
CAS*CO*45*161~
REF*6R*FLXP0002403553-7~
AMT*B6*121~
LQ*HE*N59~
SVC*HC>G0157*330*125.4*0421*3~
DTM*472*20211122~
CAS*CO*45*204.6~
REF*6R*FLXP0002403553-6~
AMT*B6*125.4~
LQ*HE*N59~
SVC*HC>G0299*282*121*0551*2~
DTM*472*20211124~
CAS*CO*45*161~
REF*6R*FLXP0002403553-8~
AMT*B6*121~
LQ*HE*N59~
SVC*HC>G0299*282*121*0551*2~
DTM*472*20211129~
CAS*CO*45*161~
REF*6R*FLXP0002403553-9~
AMT*B6*121~
LQ*HE*N59~
SVC*HC>G0151*330*119*0421*3~
DTM*472*20211130~
CAS*CO*45*211~
REF*6R*FLXP0002403553-10~
AMT*B6*119~
LQ*HE*N59~
SVC*HC>G0299*282*121*0551*2~
DTM*472*20211201~
CAS*CO*45*161~
REF*6R*FLXP0002403553-11~
AMT*B6*121~
LQ*HE*N59~
SVC*HC>G0157*330*125.4*0421*2~
DTM*472*20211203~
CAS*CO*45*204.6~
REF*6R*FLXP0002403553-12~
AMT*B6*125.4~
LQ*HE*N59~
SVC*HC>G0299*282*121*0551*3~
DTM*472*20211207~
CAS*CO*45*161~
REF*6R*FLXP0002403553-13~
AMT*B6*121~
LQ*HE*N59~
SVC*HC>G0157>91*330*125.4*0421*5*HC>G0157~
DTM*472*20211208~
CAS*CO*45*204.6~
REF*6R*FLXP0002403553-14~
AMT*B6*125.4~
LQ*HE*N59~
SVC*HC>G0157*330*125.4*0421*4~
DTM*472*20211210~
CAS*CO*45*204.6~
REF*6R*FLXP0002403553-15~
AMT*B6*125.4~
LQ*HE*N59~
CLP*0000011200*1*0*0**13*220107E020530000*32*2~
NM1*QC*1*JENSEN*DEBRA****MI*MEBL97MB~
NM1*82*2*FULTON COUNTY MEDICAL CENTER*****XX*1255302402~
REF*1L*467428-121~
REF*CE*MEDICARE OPEN ACCESS PPO PLAN NET 03399~
DTM*232*20211231~
DTM*233*20211231~
DTM*050*20220107~
PER*CX**TE*8006240756~
SVC*HP>3DA11*0*0*0023*1~
DTM*472*20211231~
REF*6R*FLXP0002411545-1~
LQ*HE*N19~
CLP*0000010997*1*0*0**13*220107E161820000*32*2~
NM1*QC*1*HOOPER*BONITA*K***MI*MEBJ916S~
NM1*82*2*FULTON COUNTY MEDICAL CENTER*****XX*1255302402~
REF*1L*467428-011~
REF*CE*MEDICARE OPEN ACCESS PPO PLAN NET 03399~
DTM*232*20211228~
DTM*233*20211228~
DTM*050*20220107~
PER*CX**TE*8006240756~
SVC*HP>3HC31*0*0*0023*1~
DTM*472*20211228~
REF*6R*FLXP0002411529-1~
LQ*HE*N19~
CLP*0000010832*1*0*0**13*220107E302160000*32*2~
NM1*QC*1*JENSEN*DEBRA****MI*MEBL97MB~
NM1*82*2*FULTON COUNTY MEDICAL CENTER*****XX*1255302402~
REF*1L*467428-121~
REF*CE*MEDICARE OPEN ACCESS PPO PLAN NET 03399~
DTM*232*20211201~
DTM*233*20211201~
DTM*050*20220107~
PER*CX**TE*8006240756~
SVC*HP>3DA11*0*0*0023*1~
DTM*472*20211201~
REF*6R*FLXP0002411525-1~
SE*153*0968~
ST*835*0969~
BPR*I*64.83*C*ACH*CCP*01*031100209*DA*0038865237*1066033492**01*057000668*DA*0005174383091*20220121~
TRN*1*160118220258507*1066033492~
REF*EV*XXXXXXXXXXXXXXXXXXXXXXXXXXXXXX~
DTM*405*20220119~
N1*PR*AETNA~
N3*151 FARMINGTON AVENUE~
N4*HARTFORD*CT*06156~
REF*2U*60054~
PER*BL*Provider Service~
N1*PE*FULTON COUNTY MEDICAL CENTER*XX*1326044694~
N3*214 PEACH ORCHARD RD~
N4*MC CONNELLSBURG*PA*172338559~
REF*PQ*289105080~
REF*TJ*231401561~
LX*1~
TS3*1326002791*21*20221231*1*233~
CLP*FCA00008552294*1*233*64.83**13*220114E123790000*21*1~
NM1*QC*1*SHEEHAN*MARY*W***MI*MEBFHQ4N~
NM1*82*2*FULTON COUNTY MEDICAL CENTER*****XX*1326002791~
REF*G1*3016967~
REF*1L*467428-011~
REF*CE*MEDICARE OPEN ACCESS PPO PLAN NET 03399~
DTM*232*20211228~
DTM*233*20211228~
DTM*050*20220114~
PER*CX**TE*8006240756~
AMT*AU*233~
SVC*HC>99232*233*64.83**1~
DTM*472*20211228~
CAS*CO*45*168.17~
REF*6R*FLXP0002415471-1~
AMT*B6*64.83~
LQ*HE*N59~
SE*35*0969~
ST*835*1625~
BPR*I*382.37*C*ACH*CCP*01*031100209*DA*0038865237*1066033492**01*057000668*DA*0005174383091*20220121~
TRN*1*160118220272515*1066033492~
REF*EV*XXXXXXXXXXXXXXXXXXXXXXXXXXXXXX~
DTM*405*20220119~
N1*PR*AETNA~
N3*151 FARMINGTON AVENUE~
N4*HARTFORD*CT*06156~
REF*2U*60054~
PER*BL*Provider Service~
N1*PE*FULTON COUNTY MEDICAL CENTER*XX*1326044694~
N3*214 PEACH ORCHARD RD~
N4*MC CONNELLSBURG*PA*172338559~
REF*PQ*289105080~
REF*TJ*231401561~
LX*1~
TS3*1780603878*21*20221231*1*1657~
CLP*FCA00008552272*1*1657*382.37**13*220114E098490000*21*1~
NM1*QC*1*SHEEHAN*MARY*W***MI*MEBFHQ4N~
NM1*82*2*FULTON COUNTY MEDICAL CENTER*****XX*1780603878~
REF*1L*467428-011~
REF*CE*MEDICARE OPEN ACCESS PPO PLAN NET 03399~
DTM*232*20211221~
DTM*233*20211230~
DTM*050*20220114~
PER*CX**TE*8006240756~
AMT*AU*1657~
SVC*HC>99226*425*80.3**1~
DTM*472*20211221~
CAS*CO*45*344.7~
REF*6R*FLXP0002415469-1~
AMT*B6*80.3~
LQ*HE*N59~
SVC*HC>99232*233*55.11**1~
DTM*472*20211222~
CAS*CO*45*177.89~
REF*6R*FLXP0002415469-2~
AMT*B6*55.11~
LQ*HE*N59~
SVC*HC>99232*233*55.11**1~
DTM*472*20211226~
CAS*CO*45*177.89~
REF*6R*FLXP0002415469-3~
AMT*B6*55.11~
LQ*HE*N59~
SVC*HC>99232*233*55.11**1~
DTM*472*20211227~
CAS*CO*45*177.89~
REF*6R*FLXP0002415469-4~
AMT*B6*55.11~
LQ*HE*N59~
SVC*HC>99232*233*55.11**1~
DTM*472*20211229~
CAS*CO*45*177.89~
REF*6R*FLXP0002415469-5~
AMT*B6*55.11~
LQ*HE*N59~
SVC*HC>99239*300*81.63**1~
DTM*472*20211230~
CAS*CO*45*218.37~
REF*6R*FLXP0002415469-6~
AMT*B6*81.63~
LQ*HE*N59~
SE*64*1625~
GE*6*1~
IEA*1*100358959~
