ISA*00*          *00*          *ZZ*133052274      *ZZ*XXXXXXXXXXXXXXX*220119*0250*^*00501*100358959*0*P*>~
GS*HP*133052274*XX*20220119*0250*1*X*005010X221A1~
ST*835*0396~
BPR*H*0*C*NON************20220119~
TRN*1*922019000271062*1066033492~
REF*EV*XXXXXXXXXXXXXXXXXXXXXXXXXXXXXX~
DTM*405*20220119~
N1*PR*AETNA~
N3*151 FARMINGTON AVENUE~
N4*HARTFORD*CT*06156~
REF*2U*60054~
PER*BL*Provider Service~
N1*PE*DOCTOR S MEMORIAL HOSPITAL*XX*1285709451~
N3*PO BOX 11625~
N4*BELFAST*ME*049154007~
REF*PQ*684555020~
REF*TJ*593122517~
LX*1~
TS3*1841229333*22*20221231*1*275~
CLP*261076V5867*1*275*0*190.39*13*EMJMW1RK20000*22*1~
NM1*QC*1*LYNN*CHARLOTTE****MI*W260303874~
NM1*82*1*NELSON*MILES****XX*1285709451~
REF*1L*0141974-010-00001- A~
REF*CE*Aetna HealthFund  Aetna Choice  POS II NET 03198~
DTM*232*20220105~
DTM*233*20220105~
DTM*050*20220115~
PER*CX**TE*8886323862~
AMT*AU*275~
SVC*HC>10121*275*0**1~
DTM*472*20220105~
CAS*CO*45*84.61~
CAS*PR*1*190.39~
REF*6R*1939777P5867B56843~
AMT*B6*190.39~
SE*34*0396~
GE*1*1~
IEA*1*100358959~
