ISA*00*          *00*          *ZZ*133052274      *ZZ*XXXXXXXXXXXXXXX*220119*0250*^*00501*100358959*0*P*>~
GS*HP*133052274*XX*20220119*0250*1*X*005010X221A1~
ST*835*0212~
BPR*I*4750.09*C*ACH*CCP*01*011900445*DA*0000009046*1066033492**01*071115995*DA*012149*20220124~
TRN*1*822019000257042*1066033492~
REF*EV*XXXXXXXXXXXXXXXXXXXXXXXXXXXXXX~
DTM*405*20220119~
N1*PR*AETNA~
N3*151 FARMINGTON AVENUE~
N4*HARTFORD*CT*06156~
REF*2U*60054~
PER*BL*Provider Service~
N1*PE*ST. MARGARET S HOSPITAL*XX*1861494072~
N3*600 E 1ST ST~
N4*SPRING VALLEY*IL*613621512~
REF*PQ*115144000~
REF*TJ*362167884~
LX*1~
TS3*1235141664*11*20221231*1*4810~
CLP*21209B187*1*4810*4586.12**13*EJACS1P3R0000*11*1~
NM1*QC*1*KROHN*SHEILA****MI*W243846481~
NM1*82*1*CHILSON*DALE*R***XX*1861494072~
REF*1L*0285658-010-00001- A~
REF*CE*Aetna Choice  POS II NET 04410~
DTM*232*20210629~
DTM*233*20210629~
DTM*050*20210730~
PER*CX**TE*8886323862~
AMT*I*163.97~
AMT*AU*4810~
SVC*HC>V5267*300*76.12**1~
DTM*472*20210629~
CAS*CO*45*223.88~
REF*6R*SMHH0002208859-2~
AMT*B6*76.12~
SVC*HC>V5261*4510*4510**1~
DTM*472*20210629~
REF*6R*SMHH0002208859-1~
AMT*B6*4510~
LX*2~
TS3*1861494072*23*20221231*4*37814.45~
CLP*HAP72602*1*8194.05*0**13*EGJMT5CKM0000*13*7~
NM1*QC*1*LUNA*MARIA*G***MI*W262359756~
NM1*82*2*ST. MARGARET S HOSPITAL*****XX*1861494072~
MOA***MA15~
REF*1L*0167385-010-00701- F~
REF*CE*Aetna Choice  POS II NET 04410~
DTM*232*20210329~
DTM*233*20210401~
DTM*050*20211002~
PER*CX**TE*8886323862~
SVC*HC>J1885*83.35*0*0636*0**1~
DTM*472*20210329~
CAS*OA*18*83.35*1~
REF*6R*SMRH0002322235-48~
SVC*HC>J2405*247.8*0*0636*0**12~
DTM*472*20210329~
CAS*OA*18*247.8*12~
REF*6R*SMRH0002322235-49~
SVC*HC>C9113*176*0*0636*0**2~
DTM*472*20210330~
CAS*OA*18*176*2~
REF*6R*SMRH0002322235-50~
SVC*HC>J0456*5.65*0*0636*0**1~
DTM*472*20210330~
CAS*OA*18*5.65*1~
REF*6R*SMRH0002322235-51~
SVC*HC>96376*91.25*0*0636*0*HC>J1650*1~
DTM*472*20210330~
CAS*OA*18*91.25*1~
REF*6R*SMRH0002322235-52~
SVC*HC>J2405*247.8*0*0636*0**12~
DTM*472*20210330~
CAS*OA*18*247.8*12~
REF*6R*SMRH0002322235-53~
SVC*HC>C9113*176*0*0636*0**2~
DTM*472*20210331~
CAS*OA*18*176*2~
REF*6R*SMRH0002322235-54~
SVC*HC>J0456*5.65*0*0636*0**1~
DTM*472*20210331~
CAS*OA*18*5.65*1~
REF*6R*SMRH0002322235-55~
SVC*HC>J1650*91.25*0*0636*0**1~
DTM*472*20210331~
CAS*OA*18*91.25*1~
REF*6R*SMRH0002322235-56~
SVC*HC>J2405*165.2*0*0636*0**8~
DTM*472*20210331~
CAS*OA*18*165.2*8~
REF*6R*SMRH0002322235-57~
SVC*HC>C9113*88*0*0636*0**1~
DTM*472*20210401~
CAS*OA*18*88*1~
REF*6R*SMRH0002322235-58~
SVC*HC>J0456*5.65*0*0636*0**1~
DTM*472*20210401~
CAS*OA*18*5.65*1~
REF*6R*SMRH0002322235-59~
SVC*HC>J0696*48.45*0*0636*0**1~
DTM*472*20210401~
CAS*OA*18*48.45*1~
REF*6R*SMRH0002322235-60~
SVC*NU>0762*683*0**0**2~
DTM*472*20210329~
CAS*OA*18*683*2~
REF*6R*SMRH0002322235-62~
SVC*HC>99219>25*4729*0*0762*0*HC>99219>25>27*1~
DTM*472*20210329~
CAS*OA*18*4729*1~
REF*6R*SMRH0002322235-63~
SVC*NU>0762*450*0**0**1~
DTM*472*20210330~
CAS*OA*18*450*1~
REF*6R*SMRH0002322235-64~
SVC*NU>0762*450*0**0**1~
DTM*472*20210331~
CAS*OA*18*450*1~
REF*6R*SMRH0002322235-65~
SVC*NU>0762*450*0**0**1~
DTM*472*20210401~
CAS*OA*18*450*1~
REF*6R*SMRH0002322235-66~
CLP*HAP72602*1*14226.9*0**13*EGJMT5CKM0001*13*7~
NM1*QC*1*LUNA*MARIA*G***MI*W262359756~
NM1*82*2*ST. MARGARET S HOSPITAL*****XX*1861494072~
MOA***MA15~
REF*1L*0167385-010-00701- F~
REF*CE*Aetna Choice  POS II NET 04410~
DTM*232*20210329~
DTM*233*20210401~
DTM*050*20211002~
PER*CX**TE*8886323862~
SVC*NU>0250*82.9*0**0**1~
DTM*472*20210329~
CAS*OA*18*82.9*1~
REF*6R*SMRH0002322235-1~
SVC*NU>0258*453.5*0**0**3~
DTM*472*20210329~
CAS*OA*18*453.5*3~
REF*6R*SMRH0002322235-2~
SVC*NU>0258*444.5*0**0**3~
DTM*472*20210330~
CAS*OA*18*444.5*3~
REF*6R*SMRH0002322235-3~
SVC*NU>0258*726.4*0**0**5~
DTM*472*20210331~
CAS*OA*18*726.4*5~
REF*6R*SMRH0002322235-4~
SVC*HC>96376*354.85*0*0258*0**3~
DTM*472*20210401~
CAS*OA*18*354.85*3~
REF*6R*SMRH0002322235-5~
SVC*HC>96361*162.25*0*0450*0**1~
DTM*472*20210329~
CAS*OA*18*162.25*1~
REF*6R*SMRH0002322235-43~
SVC*HC>96365*291*0*0450*0**1~
DTM*472*20210329~
CAS*OA*18*291*1~
REF*6R*SMRH0002322235-44~
SVC*HC>96375*483.75*0*0450*0**3~
DTM*472*20210329~
CAS*OA*18*483.75*3~
REF*6R*SMRH0002322235-45~
SVC*HC>96376*161*0*0450*0**1~
DTM*472*20210329~
CAS*OA*18*161*1~
REF*6R*SMRH0002322235-46~
SVC*HC>99285>25*1715*0*0450*0**1~
DTM*472*20210329~
CAS*OA*18*1715*1~
REF*6R*SMRH0002322235-47~
SVC*NU>0270*1435.5*0**0**6~
DTM*472*20210329~
CAS*OA*18*1435.5*6~
REF*6R*SMRH0002322235-17~
SVC*NU>0270*968.5*0**0**2~
DTM*472*20210330~
CAS*OA*18*968.5*2~
REF*6R*SMRH0002322235-18~
SVC*NU>0270*1143.25*0**0**4~
DTM*472*20210331~
CAS*OA*18*1143.25*4~
REF*6R*SMRH0002322235-19~
SVC*NU>0270*968.5*0**0**2~
DTM*472*20210401~
CAS*OA*18*968.5*2~
REF*6R*SMRH0002322235-20~
SVC*HC>96361*815*0*0260*0**5~
DTM*472*20210329~
CAS*OA*18*815*5~
REF*6R*SMRH0002322235-6~
SVC*HC>96376*162*0*0260*0**1~
DTM*472*20210329~
CAS*OA*18*162*1~
REF*6R*SMRH0002322235-7~
SVC*HC>96361*3749*0*0260*0**23~
DTM*472*20210330~
CAS*OA*18*3749*23~
REF*6R*SMRH0002322235-8~
SVC*HC>96372*110*0*0260*0**1~
DTM*472*20210330~
CAS*OA*18*110*1~
REF*6R*SMRH0002322235-9~
CLP*HAP72602*1*11329*0**13*EGJMT5CKM0002*13*7~
NM1*QC*1*LUNA*MARIA*G***MI*W262359756~
NM1*82*2*ST. MARGARET S HOSPITAL*****XX*1861494072~
MOA***MA15~
REF*1L*0167385-010-00701- F~
REF*CE*Aetna Choice  POS II NET 04410~
DTM*232*20210329~
DTM*233*20210401~
DTM*050*20211002~
PER*CX**TE*8886323862~
SVC*HC>96375*162*0*0260*0**1~
DTM*472*20210330~
CAS*OA*18*162*1~
REF*6R*SMRH0002322235-10~
SVC*HC>96376*972*0*0260*0**6~
DTM*472*20210330~
CAS*OA*18*972*6~
REF*6R*SMRH0002322235-11~
SVC*HC>96361*3749*0*0260*0**23~
DTM*472*20210331~
CAS*OA*18*3749*23~
REF*6R*SMRH0002322235-12~
SVC*HC>96372*110*0*0260*0**1~
DTM*472*20210331~
CAS*OA*18*110*1~
REF*6R*SMRH0002322235-13~
SVC*HC>96376*810*0*0260*0**5~
DTM*472*20210331~
CAS*OA*18*810*5~
REF*6R*SMRH0002322235-14~
SVC*HC>96361*1956*0*0260*0**12~
DTM*472*20210401~
CAS*OA*18*1956*12~
REF*6R*SMRH0002322235-15~
SVC*HC>96376*162*0*0260*0**1~
DTM*472*20210401~
CAS*OA*18*162*1~
REF*6R*SMRH0002322235-16~
SVC*HC>96367*291*0*0940*0**1~
DTM*472*20210330~
CAS*OA*18*291*1~
REF*6R*SMRH0002322235-67~
SVC*HC>96366*161*0*0940*0**1~
DTM*472*20210331~
CAS*OA*18*161*1~
REF*6R*SMRH0002322235-68~
SVC*HC>96366*161*0*0940*0**1~
DTM*472*20210401~
CAS*OA*18*161*1~
REF*6R*SMRH0002322235-69~
SVC*HC>36415*31*0*0300*0**1~
DTM*472*20210331~
CAS*OA*18*31*1~
REF*6R*SMRH0002322235-21~
SVC*HC>71045*452*0*0324*0**1~
DTM*472*20210329~
CAS*OA*18*452*1~
REF*6R*SMRH0002322235-42~
SVC*HC>93005*385*0*0730*0**1~
DTM*472*20210329~
CAS*OA*18*385*1~
REF*6R*SMRH0002322235-61~
SVC*HC>74018*626*0*0320*0**1~
DTM*472*20210329~
CAS*OA*18*626*1~
REF*6R*SMRH0002322235-40~
SVC*HC>74018*626*0*0320*0**1~
DTM*472*20210401~
CAS*OA*18*626*1~
REF*6R*SMRH0002322235-41~
SVC*HC>81001*109*0*0307*0**1~
DTM*472*20210329~
CAS*OA*18*109*1~
REF*6R*SMRH0002322235-39~
SVC*HC>80053*363*0*0301*0**1~
DTM*472*20210329~
CAS*OA*18*363*1~
REF*6R*SMRH0002322235-22~
SVC*HC>82550*203*0*0301*0**1~
DTM*472*20210329~
CAS*OA*18*203*1~
REF*6R*SMRH0002322235-23~
CLP*HAP72602*1*4064.5*0**13*EGJMT5CKM0003*13*7~
NM1*QC*1*LUNA*MARIA*G***MI*W262359756~
NM1*82*2*ST. MARGARET S HOSPITAL*****XX*1861494072~
MOA***MA15~
REF*1L*0167385-010-00701- F~
REF*CE*Aetna Choice  POS II NET 04410~
DTM*232*20210329~
DTM*233*20210401~
DTM*050*20211002~
PER*CX**TE*8886323862~
SVC*HC>83605*280.5*0*0301*0**1~
DTM*472*20210329~
CAS*OA*18*280.5*1~
REF*6R*SMRH0002322235-24~
SVC*HC>83690*229.5*0*0301*0**1~
DTM*472*20210329~
CAS*OA*18*229.5*1~
REF*6R*SMRH0002322235-25~
SVC*HC>83880*171.5*0*0301*0**1~
DTM*472*20210329~
CAS*OA*18*171.5*1~
REF*6R*SMRH0002322235-26~
SVC*HC>84484*271*0*0301*0**1~
DTM*472*20210329~
CAS*OA*18*271*1~
REF*6R*SMRH0002322235-27~
SVC*HC>96376*363*0*0301*0*HC>80053*1~
DTM*472*20210330~
CAS*OA*18*363*1~
REF*6R*SMRH0002322235-28~
SVC*HC>80053*363*0*0301*0**1~
DTM*472*20210331~
CAS*OA*18*363*1~
REF*6R*SMRH0002322235-29~
SVC*HC>80053*363*0*0301*0**1~
DTM*472*20210401~
CAS*OA*18*363*1~
REF*6R*SMRH0002322235-30~
SVC*HC>84703*137*0*0302*0**1~
DTM*472*20210329~
CAS*OA*18*137*1~
REF*6R*SMRH0002322235-31~
SVC*HC>85025*174*0*0305*0**1~
DTM*472*20210329~
CAS*OA*18*174*1~
REF*6R*SMRH0002322235-32~
SVC*HC>85025*174*0*0305*0**1~
DTM*472*20210330~
CAS*OA*18*174*1~
REF*6R*SMRH0002322235-33~
SVC*HC>85379*424*0*0305*0**1~
DTM*472*20210330~
CAS*OA*18*424*1~
REF*6R*SMRH0002322235-34~
SVC*HC>85025*174*0*0305*0**1~
DTM*472*20210331~
CAS*OA*18*174*1~
REF*6R*SMRH0002322235-35~
SVC*HC>85025*174*0*0305*0**1~
DTM*472*20210401~
CAS*OA*18*174*1~
REF*6R*SMRH0002322235-36~
SVC*HC>87040*573*0*0306*0**2~
DTM*472*20210329~
CAS*OA*18*573*2~
REF*6R*SMRH0002322235-37~
SVC*HC>87088*193*0*0306*0**1~
DTM*472*20210329~
CAS*OA*18*193*1~
REF*6R*SMRH0002322235-38~
PLB*1861494072*20221231*L6*-163.97~
SE*357*0212~
ST*835*1309~
BPR*I*516.09*C*ACH*CCP*01*031100209*DA*0038865237*1066033492**01*071115995*DA*012149*20220121~
TRN*1*160118220238229*1066033492~
REF*EV*XXXXXXXXXXXXXXXXXXXXXXXXXXXXXX~
DTM*405*20220119~
N1*PR*AETNA~
N3*151 FARMINGTON AVENUE~
N4*HARTFORD*CT*06156~
REF*2U*60054~
PER*BL*Provider Service~
N1*PE*ST MARGARETS HOSPITAL*XX*1861494072~
N3*600 E 1ST ST~
N4*SPRING VALLEY*IL*61362~
REF*PQ*115144000~
REF*TJ*362167884~
LX*1~
TS3*1861494072*13*20221231*3*2753~
CLP*HAQ22250*1*2567*392.62*43.31*13*220111E152620000*13*1~
NM1*QC*1*CASTANEDA*FRANK****MI*MEBPLMWL~
NM1*82*2*ST MARGARETS HOSPITAL*****XX*1861494072~
REF*1L*467112-152~
REF*CE*MEDICARE (C02) ESA PPO PLAN NET 03416~
DTM*232*20211229~
DTM*233*20211229~
DTM*050*20220111~
PER*CX**TE*8006240756~
AMT*AU*2181~
SVC*HC>80053*385*9.5*0301*1~
DTM*472*20211229~
CAS*CO*45*374.44~
CAS*PR*2*1.06~
REF*6R*SMRH0002501066-2~
AMT*B6*10.56~
SVC*HC>86038*386*347.4*0302*1~
DTM*472*20211229~
CAS*PR*2*38.6~
REF*6R*SMRH0002501066-3~
AMT*B6*386~
SVC*HC>86140*155.5*4.66*0302*1~
DTM*472*20211229~
CAS*CO*45*150.32~
CAS*PR*2*.52~
REF*6R*SMRH0002501066-4~
AMT*B6*5.18~
SVC*HC>86431*116.5*5.1*0302*1~
DTM*472*20211229~
CAS*CO*45*110.83~
CAS*PR*2*.57~
REF*6R*SMRH0002501066-5~
AMT*B6*5.67~
SVC*HC>86038>91*386*0*0302*0**1~
DTM*472*20211229~
CAS*CO*119*386*1~
REF*6R*SMRH0002501066-6~
LQ*HE*N640~
SVC*HC>85025*184.5*6.99*0305*1~
DTM*472*20211229~
CAS*CO*45*176.73~
CAS*PR*2*.78~
REF*6R*SMRH0002501066-7~
AMT*B6*7.77~
SVC*HC>85652*148.5*2.43*0305*1~
DTM*472*20211229~
CAS*CO*45*145.8~
CAS*PR*2*.27~
REF*6R*SMRH0002501066-8~
AMT*B6*2.7~
SVC*HC>86021*772*13.54*0305*1~
DTM*472*20211229~
CAS*CO*45*756.95~
CAS*PR*2*1.51~
REF*6R*SMRH0002501066-9~
AMT*B6*15.05~
SVC*HC>36415*33*3*0300*1~
DTM*472*20211229~
CAS*CO*45*30~
REF*6R*SMRH0002501066-1~
AMT*B6*3~
LQ*HE*N59~
CLP*H32153249*1*80*40*40*13*220112E134670000*13*1~
NM1*QC*1*FARRELL*RONALD*L***MI*MEBRFLWW~
NM1*82*2*ST MARGARETS HOSPITAL*****XX*1861494072~
REF*1L*354650-043~
REF*CE*EXPLORER VALUE PPO NET 03416~
DTM*232*20211222~
DTM*233*20211222~
DTM*050*20220112~
PER*CX**TE*8006240756~
AMT*AU*45~
SVC*HC>G0463>25*45*40*0510*1~
DTM*472*20211222~
CAS*CO*45*-35~
CAS*PR*3*40~
REF*6R*SMRH0002501802-1~
AMT*B6*80~
LQ*HE*N59~
SVC*HC>90686*20*0*0636*0**1~
DTM*472*20211222~
CAS*CO*97*20*1~
REF*6R*SMRH0002501802-2~
LQ*HE*N130~
SVC*HC>G0008*15*0*0771*0**1~
DTM*472*20211222~
CAS*CO*97*15*1~
REF*6R*SMRH0002501802-3~
LQ*HE*N130~
CLP*HAQ21421*1*106*83.47**13*220114E058760000*13*1~
NM1*QC*1*CAMPBELL*CAROL*J***MI*MEBVWXJZ~
NM1*82*2*ST MARGARETS HOSPITAL*****XX*1861494072~
REF*1L*467112-152~
REF*CE*MEDICARE (C02) ESA PPO PLAN NET 03416~
DTM*232*20211227~
DTM*233*20211227~
DTM*050*20220114~
PER*CX**TE*8006240756~
AMT*AU*106~
SVC*HC>77065>GG>RT*106*83.47*0401*1~
DTM*472*20211227~
CAS*CO*45*22.53~
REF*6R*SMRH0002490101-1~
AMT*B6*83.47~
LQ*HE*N59~
SE*123*1309~
ST*835*1310~
BPR*I*585.19*C*ACH*CCP*01*031100209*DA*0038865237*1066033492**01*071115995*DA*012149*20220121~
TRN*1*160118220251659*1066033492~
REF*EV*XXXXXXXXXXXXXXXXXXXXXXXXXXXXXX~
DTM*405*20220119~
N1*PR*AETNA~
N3*151 FARMINGTON AVENUE~
N4*HARTFORD*CT*06156~
REF*2U*60054~
PER*BL*Provider Service~
N1*PE*ST. MARGARET S HOSPITAL*XX*1861494072~
N3*600 E 1ST ST~
N4*SPRING VALLEY*IL*613621512~
REF*PQ*115144000~
REF*TJ*362167884~
LX*1~
TS3*1558476010*11*20221231*3*1934~
CLP*21363B075*22*-74*-66.99**13*220103E221430001*22*1~
NM1*QC*1*OLSON*EDNA****MI*MEBPLK7L~
NM1*82*2*ST. MARGARET S HOSPITAL*****XX*1558476010~
REF*1L*467112-152~
REF*CE*MEDICARE (C02) ESA PPO PLAN NET 03416~
DTM*232*20211228~
DTM*233*20211228~
DTM*050*20220103~
PER*CX**TE*8006240756~
SVC*HC>99213*-74*-66.99**1~
DTM*472*20211228~
CAS*CO*45*-7.01~
REF*6R*SMHH0002488483-1~
LQ*HE*N59~
CLP*21363B075*1*74*0**13*220103E221430003*22*1~
NM1*QC*1*OLSON*EDNA****MI*MEBPLK7L~
NM1*82*2*ST. MARGARET S HOSPITAL*****XX*1558476010~
REF*1L*467112-152~
REF*CE*MEDICARE (C02) ESA PPO PLAN NET 00075~
REF*F8*220103E221430001~
DTM*232*20211228~
DTM*233*20211228~
DTM*050*20220103~
PER*CX**TE*8006240756~
SVC*HC>23515*74*0**0*HC>99213*1~
DTM*472*20211228~
CAS*CO*97*74*1~
REF*6R*SMHH0002488483-1~
LQ*HE*M86~
CLP*22010B198*1*1934*652.18*72.47*13*220113E096750000*22*1~
NM1*QC*1*OLSON*EDNA****MI*MEBPLK7L~
NM1*82*2*ST. MARGARET S HOSPITAL*****XX*1558476010~
REF*1L*467112-152~
REF*CE*MEDICARE (C02) ESA PPO PLAN NET 03416~
DTM*232*20211229~
DTM*233*20211229~
DTM*050*20220113~
PER*CX**TE*8006240756~
AMT*AU*1934~
SVC*HC>23515>LT*1934*652.18**1~
DTM*472*20211229~
CAS*CO*45*1209.35~
CAS*PR*2*72.47~
REF*6R*SMHH0002505436-1~
AMT*B6*724.65~
LQ*HE*N59~
SE*64*1310~
ST*835*1903~
BPR*I*2749.08*C*ACH*CCP*01*031100209*DA*0038865237*1066033492**01*071115995*DA*012149*20220121~
TRN*1*160118220263145*1066033492~
REF*EV*XXXXXXXXXXXXXXXXXXXXXXXXXXXXXX~
DTM*405*20220119~
N1*PR*AETNA~
N3*151 FARMINGTON AVENUE~
N4*HARTFORD*CT*06156~
REF*2U*60054~
PER*BL*Provider Service~
N1*PE*ST MARGARETS HOSPITAL*XX*1861494072~
N3*600 E 1ST ST~
N4*SPRING VALLEY*IL*61362~
REF*PQ*115144000~
REF*TJ*362167884~
LX*1~
TS3*1861494072*13*20221231*11*22494.55~
CLP*HAQ21420*1*492*111.47**13*220114E033400000*13*1~
NM1*QC*1*CAMPBELL*CAROL*J***MI*MEBVWXJZ~
NM1*82*2*ST MARGARETS HOSPITAL*****XX*1861494072~
REF*1L*467112-152~
REF*CE*MEDICARE (C02) ESA PPO PLAN NET 03416~
DTM*232*20211227~
DTM*233*20211227~
DTM*050*20220114~
PER*CX**TE*8006240756~
AMT*AU*492~
SVC*HC>77063*128*23.23*0403*1~
DTM*472*20211227~
CAS*CO*45*104.77~
REF*6R*SMRH0002490100-1~
AMT*B6*23.23~
LQ*HE*N59~
SVC*HC>77067*364*88.24*0403*1~
DTM*472*20211227~
CAS*CO*45*275.76~
REF*6R*SMRH0002490100-2~
AMT*B6*88.24~
LQ*HE*N59~
CLP*HAQ23360*1*905*159.56*50*13*220115E006820000*13*1~
NM1*QC*1*USREY*THOMAS****MI*MEBNGG7M~
NM1*82*2*ST MARGARETS HOSPITAL*****XX*1861494072~
REF*1L*441300-138~
REF*CE*MEDICARE (S02) ESA PPO PLAN NET 03416~
DTM*232*20211209~
DTM*233*20211209~
DTM*050*20220115~
PER*CX**TE*8006240756~
AMT*AU*716~
SVC*HC>99283>25*716*159.56*0450*1~
DTM*472*20211209~
CAS*CO*45*506.44~
CAS*PR*3*50~
REF*6R*SMRH0002501506-1~
AMT*B6*209.56~
LQ*HE*N59~
SVC*HC>12011*189*0*0450*0**1~
DTM*472*20211209~
CAS*CO*97*189*1~
REF*6R*SMRH0002501506-2~
LQ*HE*N130~
CLP*HAQ22634*1*1043*34.92*3.22*13*220115E006840000*13*1~
NM1*QC*1*GUALANDI*ANNETTE*M***MI*MEBPL56L~
NM1*82*2*ST MARGARETS HOSPITAL*****XX*1861494072~
REF*1L*467112-152~
REF*CE*MEDICARE (C02) ESA PPO PLAN NET 03416~
DTM*232*20211208~
DTM*233*20211227~
DTM*050*20220115~
PER*CX**TE*8006240756~
AMT*AU*1043~
SVC*HC>80053*385*9.5*0301*1~
DTM*472*20211208~
CAS*CO*45*374.44~
CAS*PR*2*1.06~
REF*6R*SMRH0002501181-3~
AMT*B6*10.56~
LQ*HE*N59~
SVC*HC>83615*223*5.44*0301*1~
DTM*472*20211208~
CAS*CO*45*216.96~
CAS*PR*2*.6~
REF*6R*SMRH0002501181-4~
AMT*B6*6.04~
LQ*HE*N59~
SVC*HC>85025*184.5*6.99*0305*1~
DTM*472*20211208~
CAS*CO*45*176.73~
CAS*PR*2*.78~
REF*6R*SMRH0002501181-5~
AMT*B6*7.77~
LQ*HE*N59~
SVC*HC>36415*33*3*0300*1~
DTM*472*20211208~
CAS*CO*45*30~
REF*6R*SMRH0002501181-1~
AMT*B6*3~
LQ*HE*N59~
SVC*HC>85025*184.5*6.99*0305*1~
DTM*472*20211227~
CAS*CO*45*176.73~
CAS*PR*2*.78~
REF*6R*SMRH0002501181-6~
AMT*B6*7.77~
LQ*HE*N59~
SVC*HC>36415*33*3*0300*1~
DTM*472*20211227~
CAS*CO*45*30~
REF*6R*SMRH0002501181-2~
AMT*B6*3~
LQ*HE*N59~
CLP*HAQ22598*1*6936*1171.03*30.64*13*220115E031770000*13*1~
NM1*QC*1*GILBERT*MARY*L***MI*MEBPLZYK~
NM1*82*2*ST MARGARETS HOSPITAL*****XX*1861494072~
REF*1L*467112-152~
REF*CE*MEDICARE (C02) ESA PPO PLAN NET 03416~
DTM*232*20211227~
DTM*233*20211227~
DTM*050*20220115~
PER*CX**TE*8006240756~
AMT*AU*3882~
SVC*HC>93017*1726*0*0482*0**1~
DTM*472*20211227~
CAS*CO*97*1726*1~
REF*6R*SMRH0002501169-3~
LQ*HE*N130~
SVC*HC>78452*3880*1151.03*0341*1~
DTM*472*20211227~
CAS*CO*45*2698.33~
CAS*PR*2*30.64~
REF*6R*SMRH0002501169-1~
AMT*B6*1181.67~
LQ*HE*N59~
SVC*HC>A9502*1328*0*0343*0**2~
DTM*472*20211227~
CAS*CO*97*1328*2~
REF*6R*SMRH0002501169-2~
LQ*HE*N130~
SVC*HC>Q9969*2*20*0636*2~
DTM*472*20211227~
CAS*CO*45*-18~
REF*6R*SMRH0002501169-4~
AMT*B6*20~
LQ*HE*N59~
CLP*HAQ22867*1*4540*208.23**13*220115E031780000*13*1~
NM1*QC*1*KOWTKO*JOSEPH***JR*MI*MEBPK28X~
NM1*74*1*KOWTKO JR~
NM1*82*2*ST MARGARETS HOSPITAL*****XX*1861494072~
REF*1L*467112-152~
REF*CE*MEDICARE (C02) ESA PPO PLAN NET 03416~
DTM*232*20211229~
DTM*233*20211229~
DTM*050*20220115~
PER*CX**TE*8006240756~
AMT*AU*3845~
SVC*HC>72040*695*0*0320*0**1~
DTM*472*20211229~
CAS*CO*97*695*1~
REF*6R*SMRH0002501254-1~
LQ*HE*N130~
SVC*HC>72141*3845*208.23*0612*1~
DTM*472*20211229~
CAS*CO*45*3636.77~
REF*6R*SMRH0002501254-2~
AMT*B6*208.23~
LQ*HE*N59~
CLP*HAQ24981*1*718.5*0**13*220115E057180000*13*1~
NM1*QC*1*TERMINI*ARLENE****MI*MEBMMTMR~
NM1*82*2*ST MARGARETS HOSPITAL*****XX*1861494072~
REF*1L*466851-504~
REF*CE*PREMIER MEDICAL PLAN NET 03416~
DTM*232*20210327~
DTM*233*20210327~
DTM*050*20220115~
PER*CX**TE*8006240756~
SVC*HC>69209>50*41*0*0510*0**2~
DTM*472*20210327~
CAS*CO*29*41*1~
REF*6R*SMRH0002507902-3~
SVC*HC>69209>50*41*0*0510*0**2~
DTM*472*20210327~
CAS*CO*29*41*1~
REF*6R*SMRH0002507902-3~
SVC*HC>G0463*37*0*0510*0**1~
DTM*472*20210327~
CAS*CO*29*37*1~
REF*6R*SMRH0002507902-4~
SVC*HC>80053*363*0*0301*0**1~
DTM*472*20210327~
CAS*CO*29*363*1~
REF*6R*SMRH0002507902-1~
SVC*HC>80061*236.5*0*0301*0**1~
DTM*472*20210327~
CAS*CO*29*236.5*1~
REF*6R*SMRH0002507902-2~
CLP*HAQ24985*1*2291.5*0**13*220115E057190000*13*1~
NM1*QC*1*TERRY*SHIRLEY*Y***MI*MEBMM5DP~
NM1*82*2*ST MARGARETS HOSPITAL*****XX*1861494072~
REF*1L*466851-504~
REF*CE*PREMIER MEDICAL PLAN NET 03416~
DTM*232*20210618~
DTM*233*20210618~
DTM*050*20220115~
PER*CX**TE*8006240756~
SVC*HC>C9803>CS*21.5*0*0300*0**1~
DTM*472*20210618~
CAS*CO*29*21.5*1~
REF*6R*SMRH0002507906-2~
SVC*HC>80053*363*0*0301*0**1~
DTM*472*20210618~
CAS*CO*29*363*1~
REF*6R*SMRH0002507906-3~
SVC*HC>80074*563.5*0*0301*0**1~
DTM*472*20210618~
CAS*CO*29*563.5*1~
REF*6R*SMRH0002507906-4~
SVC*HC>86255*175.5*0*0301*0**1~
DTM*472*20210618~
CAS*CO*29*175.5*1~
REF*6R*SMRH0002507906-5~
SVC*HC>83516*369*0*0302*0**1~
DTM*472*20210618~
CAS*CO*29*369*1~
REF*6R*SMRH0002507906-6~
SVC*HC>86038*364*0*0302*0**1~
DTM*472*20210618~
CAS*CO*29*364*1~
REF*6R*SMRH0002507906-7~
SVC*HC>86256*19*0*0302*0**1~
DTM*472*20210618~
CAS*CO*29*19*1~
REF*6R*SMRH0002507906-8~
SVC*HC>U0003*211*0*0302*0**1~
DTM*472*20210618~
CAS*CO*29*211*1~
REF*6R*SMRH0002507906-9~
SVC*HC>85025*174*0*0305*0**1~
DTM*472*20210618~
CAS*CO*29*174*1~
REF*6R*SMRH0002507906-10~
SVC*HC>36415*31*0*0300*0**1~
DTM*472*20210618~
CAS*CO*29*31*1~
REF*6R*SMRH0002507906-1~
CLP*HAQ23548*1*492*111.47**13*220115E057200000*13*1~
NM1*QC*1*HARP*DONNA****MI*101337752400~
NM1*74*1******C*MEBTWYLB~
NM1*82*2*ST MARGARETS HOSPITAL*****XX*1861494072~
REF*1L*467282-169~
REF*CE*OXY PPO WITH RX PLAN NET 03416~
DTM*232*20211230~
DTM*233*20211230~
DTM*050*20220115~
PER*CX**TE*8006240756~
AMT*AU*492~
SVC*HC>77063*128*23.23*0403*1~
DTM*472*20211230~
CAS*CO*45*104.77~
REF*6R*SMRH0002501899-1~
AMT*B6*23.23~
LQ*HE*N59~
SVC*HC>77067*364*88.24*0403*1~
DTM*472*20211230~
CAS*CO*45*275.76~
REF*6R*SMRH0002501899-2~
AMT*B6*88.24~
LQ*HE*N59~
CLP*HAQ24158*1*1017.5*0**13*220115E082300000*13*1~
NM1*QC*1*MISKOWIEC*PAUL*P***MI*MEBPLR3K~
NM1*82*2*ST MARGARETS HOSPITAL*****XX*1861494072~
REF*1L*467112-152~
REF*CE*MEDICARE (C02) ESA PPO PLAN NET 03416~
DTM*232*20210208~
DTM*233*20210208~
DTM*050*20220115~
PER*CX**TE*8006240756~
SVC*HC>80053*363*0*0301*0**1~
DTM*472*20210208~
CAS*CO*97*363*1~
REF*6R*SMRH0002503297-2~
LQ*HE*N130~
SVC*HC>82306*410.5*0*0301*0**1~
DTM*472*20210208~
CAS*CO*97*410.5*1~
REF*6R*SMRH0002503297-3~
LQ*HE*N130~
SVC*HC>85025*174*0*0305*0**1~
DTM*472*20210208~
CAS*CO*97*174*1~
REF*6R*SMRH0002503297-4~
LQ*HE*N130~
SVC*HC>36415*31*0*0300*0**1~
DTM*472*20210208~
CAS*CO*97*31*1~
REF*6R*SMRH0002503297-1~
LQ*HE*N130~
SVC*HC>96372*39*0*0510*0**1~
DTM*472*20210208~
CAS*CO*29*39*1~
REF*6R*SMRH0002503297-5~
CLP*HAQ25067*1*584*208.21*15*13*220115E082310000*13*1~
NM1*QC*1*ZNANIECKI*CAROL****MI*MEBF9BVJ~
NM1*82*2*ST MARGARETS HOSPITAL*****XX*1861494072~
REF*1L*412735-084~
REF*CE*MEDICARE (P01) ESA PPO NET 03416~
DTM*232*20211027~
DTM*233*20211027~
DTM*050*20220115~
PER*CX**TE*8006240756~
AMT*AU*584~
SVC*HC>G0463>25*45*92.44*0510*1~
DTM*472*20211027~
CAS*CO*45*-62.44~
CAS*PR*3*15~
REF*6R*SMRH0002508017-2~
AMT*B6*107.44~
LQ*HE*N59~
SVC*HC>90686*20*6.38*0636*1~
DTM*472*20211027~
CAS*CO*45*13.62~
REF*6R*SMRH0002508017-3~
AMT*B6*6.38~
LQ*HE*N59~
SVC*HC>G0008*15*36.19*0771*1~
DTM*472*20211027~
CAS*CO*45*-21.19~
REF*6R*SMRH0002508017-4~
AMT*B6*36.19~
LQ*HE*N59~
SVC*HC>71046*504*73.2*0324*1~
DTM*472*20211027~
CAS*CO*45*430.8~
REF*6R*SMRH0002508017-1~
AMT*B6*73.2~
LQ*HE*N59~
CLP*HAQ22865*1*3475.05*744.19**13*220115E082320000*13*1~
NM1*QC*1*KOWTKO*JOSEPH***JR*MI*MEBPK28X~
NM1*74*1*KOWTKO JR~
NM1*82*2*ST MARGARETS HOSPITAL*****XX*1861494072~
REF*1L*467112-152~
REF*CE*MEDICARE (C02) ESA PPO PLAN NET 03416~
DTM*232*20211228~
DTM*233*20211228~
DTM*050*20220115~
PER*CX**TE*8006240756~
AMT*AU*3271.75~
SVC*NU>0250*94.15*0**0**1~
DTM*472*20211228~
CAS*CO*97*94.15*1~
REF*6R*SMRH0002501253-1~
LQ*HE*N130~
SVC*HC>64483>LT*3271.75*744.19*0360*1~
DTM*472*20211228~
CAS*CO*45*2527.56~
REF*6R*SMRH0002501253-2~
AMT*B6*744.19~
LQ*HE*N59~
SVC*HC>J1040*109.15*0*0636*0**1~
DTM*472*20211228~
CAS*CO*97*109.15*1~
REF*6R*SMRH0002501253-3~
LQ*HE*N130~
SE*363*1903~
ST*835*1904~
BPR*I*80.07*C*ACH*CCP*01*031100209*DA*0038865237*1066033492**01*071115995*DA*012149*20220121~
TRN*1*160118220268723*1066033492~
REF*EV*XXXXXXXXXXXXXXXXXXXXXXXXXXXXXX~
DTM*405*20220119~
N1*PR*AETNA~
N3*151 FARMINGTON AVENUE~
N4*HARTFORD*CT*06156~
REF*2U*60054~
PER*BL*Provider Service~
N1*PE*ST. MARGARET S HOSPITAL*XX*1861494072~
N3*600 E 1ST ST~
N4*SPRING VALLEY*IL*613621512~
REF*PQ*115144000~
REF*TJ*362167884~
LX*1~
TS3*1891707998*21*20221231*1*190~
CLP*22013B102*1*190*80.07*20*13*220117E224870000*21*1~
NM1*QC*1*HAAGE*SHEILA*R***MI*MEBPL40K~
NM1*82*2*ST. MARGARET S HOSPITAL*****XX*1891707998~
REF*G1*3069487~
REF*1L*467112-152~
REF*CE*MEDICARE (C02) ESA PPO PLAN NET 03416~
DTM*232*20211231~
DTM*233*20211231~
DTM*050*20220117~
PER*CX**TE*8006240756~
AMT*AU*190~
SVC*HC>99221*190*80.07**1~
DTM*472*20211231~
CAS*CO*45*89.93~
CAS*PR*3*20~
REF*6R*SMHH0002513378-1~
AMT*B6*100.07~
LQ*HE*N59~
SE*36*1904~
ST*835*1905~
BPR*H*0*C*NON************20220118~
TRN*1*FC9220190008168*1066033492~
REF*EV*XXXXXXXXXXXXXXXXXXXXXXXXXXXXXX~
DTM*405*20220119~
N1*PR*AETNA~
N3*151 FARMINGTON AVENUE~
N4*HARTFORD*CT*06156~
REF*2U*60054~
PER*BL*Provider Service~
N1*PE*ST. MARGARET S HOSPITAL*XX*1861494072~
N3*600 E 1ST ST~
N4*SPRING VALLEY*IL*613621512~
REF*PQ*115144000~
REF*TJ*362167884~
LX*1~
TS3*1326153651*22*20221231*1*72~
CLP*HAQ24407*1*72*0*8.25*13*220117E292320000*22*1~
NM1*QC*1*OLSON*EDNA****MI*MEBPLK7L~
NM1*82*2*ST. MARGARET S HOSPITAL*****XX*1326153651~
REF*1L*467112-152~
REF*CE*MEDICARE (C02) ESA PPO PLAN NET 03416~
DTM*232*20211228~
DTM*233*20211228~
DTM*050*20220117~
PER*CX**TE*8006240756~
AMT*AU*72~
SVC*HC>93010*72*0**1~
DTM*472*20211228~
CAS*CO*45*63.75~
CAS*PR*3*8.25~
REF*6R*SMRH0002503682-1~
AMT*B6*8.25~
SE*34*1905~
GE*6*1~
IEA*1*100358959~
