ISA*00*          *00*          *ZZ*133052274      *ZZ*XXXXXXXXXXXXXXX*220119*0250*^*00501*100358959*0*P*>~
GS*HP*133052274*XX*20220119*0250*1*X*005010X221A1~
ST*835*1312~
BPR*I*3389.03*C*ACH*CCP*01*031100209*DA*0038865237*1066033492**01*041001039*DA*359681532040*20220121~
TRN*1*160118220239284*1066033492~
REF*EV*XXXXXXXXXXXXXXXXXXXXXXXXXXXXXX~
DTM*405*20220119~
N1*PR*AETNA~
N3*151 FARMINGTON AVENUE~
N4*HARTFORD*CT*06156~
REF*2U*60054~
PER*BL*Provider Service~
N1*PE*LAKE HEALTH BEACHWOOD MEDICAL C*XX*1841789427~
N3*P. O. BOX 74769~
N4*CLEVELAND*OH*44194~
REF*PQ*922799670~
REF*TJ*371848577~
LX*1~
TS3*1841789427*13*20221231*8*23126.89~
CLP*S280319700101*1*11921.89*2098.85**13*220113E319180000*13*1~
NM1*QC*1*DAWSON*JOAN*O***MI*MEBGHC3T~
NM1*82*2*LAKE HEALTH BEACHWOOD MEDICAL C*****XX*1841789427~
REF*1L*455717-056~
REF*CE*STRS PPO PLAN NET 03418~
DTM*232*20211221~
DTM*233*20211222~
DTM*050*20220113~
PER*CX**TE*8006240756~
AMT*AU*3422.6~
SVC*NU>0251*4.83*0**0**1~
DTM*150*20211221~
DTM*151*20211222~
CAS*CO*97*4.83*1~
REF*6R*2~
LQ*HE*N130~
SVC*NU>0251*1*0**0**1~
DTM*472*20211221~
CAS*CO*97*1*1~
REF*6R*18~
LQ*HE*N130~
SVC*NU>0251*2*0**0**2~
DTM*472*20211221~
CAS*CO*97*2*2~
REF*6R*17~
LQ*HE*N130~
SVC*NU>0251*2*0**0**2~
DTM*472*20211221~
CAS*CO*97*2*2~
REF*6R*16~
LQ*HE*N130~
SVC*NU>0251*1*0**0**1~
DTM*472*20211222~
CAS*CO*97*1*1~
REF*6R*5~
LQ*HE*N130~
SVC*NU>0251*1.05*0**0**20~
DTM*472*20211222~
CAS*CO*97*1.05*20~
REF*6R*4~
LQ*HE*N130~
SVC*NU>0251*2*0**0**2~
DTM*472*20211222~
CAS*CO*97*2*2~
REF*6R*3~
LQ*HE*N130~
SVC*NU>0251*2*0**0**2~
DTM*472*20211222~
CAS*CO*97*2*2~
REF*6R*1~
LQ*HE*N130~
SVC*HC>96376>XU*915*0*0260*0**3~
DTM*472*20211221~
CAS*CO*97*915*3~
REF*6R*20~
LQ*HE*N130~
SVC*HC>96374>XU*305*189.02*0260*1~
DTM*472*20211221~
CAS*CO*45*115.98~
REF*6R*19~
AMT*B6*189.02~
LQ*HE*N59~
SVC*HC>80069*256*0*0301*0**1~
DTM*472*20211222~
CAS*CO*97*256*1~
REF*6R*6~
LQ*HE*N130~
SVC*HC>83735*138*0*0301*0**1~
DTM*472*20211222~
CAS*CO*97*138*1~
REF*6R*7~
LQ*HE*N130~
SVC*HC>85025*233*0*0305*0**1~
DTM*472*20211222~
CAS*CO*97*233*1~
REF*6R*8~
LQ*HE*N130~
SVC*HC>85730>GZ*138*0*0305*0**1~
DTM*472*20211222~
CAS*CO*97*138*1~
REF*6R*10~
LQ*HE*N130~
SVC*HC>85610*102*0*0305*0**1~
DTM*472*20211222~
CAS*CO*97*102*1~
REF*6R*9~
LQ*HE*N130~
SVC*HC>87636*347*0*0306*0**1~
DTM*472*20211221~
CAS*CO*234*347*1~
REF*6R*21~
LQ*HE*N525~
SVC*HC>73030>LT*541*0*0320*0**1~
DTM*472*20211221~
CAS*CO*97*541*1~
REF*6R*22~
LQ*HE*N130~
SVC*HC>72040*541*0*0320*0**1~
DTM*472*20211222~
CAS*CO*97*541*1~
REF*6R*11~
LQ*HE*N130~
SVC*HC>64479>50*1039.2*1145.9*0361*1~
DTM*472*20211222~
CAS*CO*45*-106.7~
REF*6R*12~
AMT*B6*1145.9~
LQ*HE*N59~
SVC*HC>64480*1039.2*0*0361*0**1~
DTM*472*20211221~
CAS*CO*97*1039.2*1~
REF*6R*24~
LQ*HE*N130~
SVC*HC>64479*2078.4*763.93*0361*1~
DTM*472*20211221~
CAS*CO*45*1314.47~
REF*6R*23~
AMT*B6*763.93~
LQ*HE*N59~
SVC*HC>64480*1039.2*0*0361*0**2~
DTM*472*20211222~
CAS*CO*97*1039.2*2~
REF*6R*13~
LQ*HE*N130~
SVC*NU>0370*231*0**0**1~
DTM*472*20211221~
CAS*CO*97*231*1~
REF*6R*25~
LQ*HE*N130~
SVC*HC>J1100*1.88*0*0636*0**10~
DTM*472*20211221~
CAS*CO*97*1.88*10~
REF*6R*26~
LQ*HE*N130~
SVC*HC>J7120*6*0*0636*0**1~
DTM*472*20211221~
CAS*CO*97*6*1~
REF*6R*28~
LQ*HE*N130~
SVC*HC>J1100*6.08*0*0636*0**4~
DTM*472*20211221~
CAS*CO*97*6.08*4~
REF*6R*27~
LQ*HE*N130~
SVC*HC>J1100*12.16*0*0636*0**8~
DTM*472*20211222~
CAS*CO*97*12.16*8~
REF*6R*14~
LQ*HE*N130~
SVC*HC>J3301*86.88*0*0636*0**16~
DTM*472*20211222~
CAS*CO*97*86.88*16~
REF*6R*15~
LQ*HE*N130~
SVC*NU>0710*1160*0**0**2~
DTM*472*20211221~
CAS*CO*97*1160*2~
REF*6R*29~
LQ*HE*N130~
SVC*HC>G0378>CS*1690.01*0*0762*0**26~
DTM*472*20211221~
CAS*CO*97*1690.01*26~
REF*6R*30~
LQ*HE*N130~
CLP*S280216900101*1*1147*103.98**13*220114E008580000*13*1~
NM1*QC*1*BROSKI*JUDITH*L***MI*MEBF1LLM~
NM1*82*2*LAKE HEALTH BEACHWOOD MEDICAL C*****XX*1841789427~
REF*1L*455716-062~
REF*CE*STRS PPO PLAN NET 03418~
DTM*232*20211220~
DTM*233*20211220~
DTM*050*20220114~
PER*CX**TE*8006240756~
AMT*AU*129~
SVC*HC>80048*239*0*0301*0**1~
DTM*472*20211220~
CAS*CO*97*239*1~
REF*6R*1~
LQ*HE*N130~
SVC*HC>86850*218*0*0302*0**1~
DTM*472*20211220~
CAS*CO*97*218*1~
REF*6R*2~
LQ*HE*N130~
SVC*HC>86900*129*103.98*0302*1~
DTM*472*20211220~
CAS*CO*45*25.02~
REF*6R*3~
AMT*B6*103.98~
LQ*HE*N59~
SVC*HC>86901*85*0*0302*0**1~
DTM*472*20211220~
CAS*CO*97*85*1~
REF*6R*4~
LQ*HE*N130~
SVC*HC>85025*233*0*0305*0**1~
DTM*472*20211220~
CAS*CO*97*233*1~
REF*6R*5~
LQ*HE*N130~
SVC*HC>87641*105*0*0306*0**1~
DTM*472*20211220~
CAS*CO*97*105*1~
REF*6R*6~
LQ*HE*N130~
SVC*HC>81001*138*0*0307*0**1~
DTM*472*20211220~
CAS*CO*97*138*1~
REF*6R*7~
LQ*HE*N130~
CLP*S280214100101*1*1878*246.61**13*220114E033420000*13*1~
NM1*QC*1*HALL*STEPHEN*M***MI*MEBHM1XM~
NM1*82*2*LAKE HEALTH BEACHWOOD MEDICAL C*****XX*1841789427~
REF*1L*455716-062~
REF*CE*STRS PPO PLAN NET 03418~
DTM*232*20211220~
DTM*233*20211220~
DTM*050*20220114~
PER*CX**TE*8006240756~
AMT*AU*476~
SVC*HC>93005*407*0*0730*0**1~
DTM*472*20211220~
CAS*CO*97*407*1~
REF*6R*8~
LQ*HE*N130~
SVC*HC>80053*321*0*0301*0**1~
DTM*472*20211220~
CAS*CO*97*321*1~
REF*6R*1~
LQ*HE*N130~
SVC*HC>86850*218*0*0302*0**1~
DTM*472*20211220~
CAS*CO*97*218*1~
REF*6R*2~
LQ*HE*N130~
SVC*HC>86900*129*103.98*0302*1~
DTM*472*20211220~
CAS*CO*45*25.02~
REF*6R*3~
AMT*B6*103.98~
LQ*HE*N59~
SVC*HC>86901*85*0*0302*0**1~
DTM*472*20211220~
CAS*CO*97*85*1~
REF*6R*4~
LQ*HE*N130~
SVC*HC>85025*233*0*0305*0**1~
DTM*472*20211220~
CAS*CO*97*233*1~
REF*6R*5~
LQ*HE*N130~
SVC*HC>87636*347*142.63*0306*1~
DTM*472*20211220~
CAS*CO*45*204.37~
REF*6R*6~
AMT*B6*142.63~
LQ*HE*N59~
SVC*HC>81001*138*0*0307*0**1~
DTM*472*20211220~
CAS*CO*97*138*1~
REF*6R*7~
LQ*HE*N130~
CLP*S280475800101*1*1763*103.98**13*220114E083970000*13*1~
NM1*QC*1*BRADLEY*FAYE*E***MI*MEBHDV9Q~
NM1*82*2*LAKE HEALTH BEACHWOOD MEDICAL C*****XX*1841789427~
REF*1L*409016-027~
REF*CE*STRS PPO ESA PLAN NET 03418~
DTM*232*20211222~
DTM*233*20211222~
DTM*050*20220114~
PER*CX**TE*8006240756~
AMT*AU*129~
SVC*HC>93005*407*0*0730*0**1~
DTM*472*20211222~
CAS*CO*97*407*1~
REF*6R*9~
LQ*HE*N130~
SVC*HC>80053*321*0*0301*0**1~
DTM*472*20211222~
CAS*CO*97*321*1~
REF*6R*1~
LQ*HE*N130~
SVC*HC>83036*130*0*0301*0**1~
DTM*472*20211222~
CAS*CO*97*130*1~
REF*6R*2~
LQ*HE*N130~
SVC*HC>86850*218*0*0302*0**1~
DTM*472*20211222~
CAS*CO*97*218*1~
REF*6R*3~
LQ*HE*N130~
SVC*HC>86900*129*103.98*0302*1~
DTM*472*20211222~
CAS*CO*45*25.02~
REF*6R*4~
AMT*B6*103.98~
LQ*HE*N59~
SVC*HC>86901*85*0*0302*0**1~
DTM*472*20211222~
CAS*CO*97*85*1~
REF*6R*5~
LQ*HE*N130~
SVC*HC>85025*233*0*0305*0**1~
DTM*472*20211222~
CAS*CO*97*233*1~
REF*6R*6~
LQ*HE*N130~
SVC*HC>85610*102*0*0305*0**1~
DTM*472*20211222~
CAS*CO*97*102*1~
REF*6R*7~
LQ*HE*N130~
SVC*HC>81001*138*0*0307*0**1~
DTM*472*20211222~
CAS*CO*97*138*1~
REF*6R*8~
LQ*HE*N130~
CLP*S281109300101*1*2184*214.76*3.01*13*220114E109140000*13*1~
NM1*QC*1*REINHARDT*LUCILLE*B***MI*MEBM953P~
NM1*82*2*LAKE HEALTH BEACHWOOD MEDICAL C*****XX*1841789427~
REF*1L*455717-056~
REF*CE*STRS PPO PLAN NET 03418~
DTM*232*20211230~
DTM*233*20211230~
DTM*050*20220114~
PER*CX**TE*8006240756~
AMT*AU*958~
SVC*HC>80053*321*0*0301*0**1~
DTM*472*20211230~
CAS*CO*97*321*1~
REF*6R*1~
LQ*HE*N130~
SVC*HC>86850*218*0*0302*0**1~
DTM*472*20211230~
CAS*CO*97*218*1~
REF*6R*2~
LQ*HE*N130~
SVC*HC>86900*129*0*0302*0**1~
DTM*472*20211230~
CAS*CO*97*129*1~
REF*6R*3~
LQ*HE*N130~
SVC*HC>86901*85*0*0302*0**1~
DTM*472*20211230~
CAS*CO*97*85*1~
REF*6R*4~
LQ*HE*N130~
SVC*HC>85025*233*0*0305*0**1~
DTM*472*20211230~
CAS*CO*97*233*1~
REF*6R*5~
LQ*HE*N130~
SVC*HC>85610>GZ*102*0*0305*0**1~
DTM*472*20211230~
CAS*CO*97*102*1~
REF*6R*6~
LQ*HE*N130~
SVC*HC>87636*347*142.63*0306*1~
DTM*472*20211230~
CAS*CO*45*204.37~
REF*6R*7~
AMT*B6*142.63~
LQ*HE*N59~
SVC*HC>81001*138*0*0307*0**1~
DTM*472*20211230~
CAS*CO*97*138*1~
REF*6R*8~
LQ*HE*N130~
SVC*HC>71046*611*72.13*0324*1~
DTM*472*20211230~
CAS*CO*45*535.86~
CAS*PR*2*3.01~
REF*6R*9~
AMT*B6*75.14~
LQ*HE*N59~
CLP*S280832300101*1*347*142.63**13*220114E195180000*13*1~
NM1*QC*1*HUZIAK*RICHARD*W***MI*MEBSGF6D~
NM1*82*2*LAKE HEALTH BEACHWOOD MEDICAL C*****XX*1841789427~
REF*1L*466235-006~
REF*CE*SERS PPO PLAN NET 03418~
DTM*232*20211227~
DTM*233*20211227~
DTM*050*20220114~
PER*CX**TE*8006240756~
AMT*AU*347~
SVC*HC>87636*347*142.63*0306*1~
DTM*472*20211227~
CAS*CO*45*204.37~
REF*6R*1~
AMT*B6*142.63~
LQ*HE*N59~
CLP*S280915900101*1*1878*246.61**13*220114E234370000*13*1~
NM1*QC*1*BUMSTEAD*KENNETH*E***MI*MEBH8QNY~
NM1*82*2*LAKE HEALTH BEACHWOOD MEDICAL C*****XX*1841789427~
REF*1L*455716-062~
REF*CE*STRS PPO PLAN NET 03418~
DTM*232*20211228~
DTM*233*20211228~
DTM*050*20220114~
PER*CX**TE*8006240756~
AMT*AU*476~
SVC*HC>93005*407*0*0730*0**1~
DTM*472*20211228~
CAS*CO*97*407*1~
REF*6R*8~
LQ*HE*N130~
SVC*HC>80053*321*0*0301*0**1~
DTM*472*20211228~
CAS*CO*97*321*1~
REF*6R*1~
LQ*HE*N130~
SVC*HC>86850*218*0*0302*0**1~
DTM*472*20211228~
CAS*CO*97*218*1~
REF*6R*2~
LQ*HE*N130~
SVC*HC>86900*129*103.98*0302*1~
DTM*472*20211228~
CAS*CO*45*25.02~
REF*6R*3~
AMT*B6*103.98~
LQ*HE*N59~
SVC*HC>86901*85*0*0302*0**1~
DTM*472*20211228~
CAS*CO*97*85*1~
REF*6R*4~
LQ*HE*N130~
SVC*HC>85025*233*0*0305*0**1~
DTM*472*20211228~
CAS*CO*97*233*1~
REF*6R*5~
LQ*HE*N130~
SVC*HC>87636*347*142.63*0306*1~
DTM*472*20211228~
CAS*CO*45*204.37~
REF*6R*6~
AMT*B6*142.63~
LQ*HE*N59~
SVC*HC>81001*138*0*0307*0**1~
DTM*472*20211228~
CAS*CO*97*138*1~
REF*6R*7~
LQ*HE*N130~
CLP*S279993600101*1*2008*231.61*15*13*220114E272520000*13*1~
NM1*QC*1*KIBBEE*JEFFREY*G***MI*MEBTT7FZ~
NM1*82*2*LAKE HEALTH BEACHWOOD MEDICAL C*****XX*1841789427~
REF*1L*467094-011~
REF*CE*VALUE PPO NET 03418~
DTM*232*20211217~
DTM*233*20211217~
DTM*050*20220114~
PER*CX**TE*8006240756~
AMT*AU*476~
SVC*HC>93005*407*0*0730*0**1~
DTM*472*20211217~
CAS*CO*97*407*1~
REF*6R*9~
LQ*HE*N130~
SVC*HC>80053*321*0*0301*0**1~
DTM*472*20211217~
CAS*CO*97*321*1~
REF*6R*1~
LQ*HE*N130~
SVC*HC>83036>GZ*130*0*0301*0**1~
DTM*472*20211217~
CAS*CO*97*130*1~
REF*6R*2~
LQ*HE*N130~
SVC*HC>86850*218*0*0302*0**1~
DTM*472*20211217~
CAS*CO*97*218*1~
REF*6R*3~
LQ*HE*N130~
SVC*HC>86900*129*88.98*0302*1~
DTM*472*20211217~
CAS*CO*45*25.02~
CAS*PR*3*15~
REF*6R*4~
AMT*B6*103.98~
LQ*HE*N59~
SVC*HC>86901*85*0*0302*0**1~
DTM*472*20211217~
CAS*CO*97*85*1~
REF*6R*5~
LQ*HE*N130~
SVC*HC>85025*233*0*0305*0**1~
DTM*472*20211217~
CAS*CO*97*233*1~
REF*6R*6~
LQ*HE*N130~
SVC*HC>87636*347*142.63*0306*1~
DTM*472*20211217~
CAS*CO*45*204.37~
REF*6R*7~
AMT*B6*142.63~
LQ*HE*N59~
SVC*HC>81001*138*0*0307*0**1~
DTM*472*20211217~
CAS*CO*97*138*1~
REF*6R*8~
LQ*HE*N130~
SE*520*1312~
GE*1*1~
IEA*1*100358959~
