ISA*00*          *00*          *ZZ*133052274      *ZZ*XXXXXXXXXXXXXXX*220119*0250*^*00501*100358959*0*P*>~
GS*HP*133052274*XX*20220119*0250*1*X*005010X221A1~
ST*835*0415~
BPR*H*0*C*NON************20220119~
TRN*1*922019000271854*1066033492~
REF*EV*XXXXXXXXXXXXXXXXXXXXXXXXXXXXXX~
DTM*405*20220119~
N1*PR*AETNA~
N3*151 FARMINGTON AVENUE~
N4*HARTFORD*CT*06156~
REF*2U*60054~
PER*BL*Provider Service~
N1*PE*AU MEDICAL CENTER, INC.*XX*1437135902~
N3*PO BOX 100180~
N4*ATLANTA*GA*303840180~
REF*PQ*215548361~
REF*TJ*582144788~
LX*1~
TS3*1437135902*22*20221231*10*31861.82~
CLP*38094412*1*374*0**12*EAJMV161V0000*13*1~
NM1*QC*1*SUMPTER*LAURIE*C~
NM1*IL*1*SUMPTER*RICKY****MI*W232491503~
NM1*82*2*AU MEDICAL CENTER, INC.*****XX*1437135902~
REF*1L*0169605-053-00204- B~
REF*CE*Open Choice NET 00255~
DTM*232*20211111~
DTM*233*20211111~
DTM*050*20211119~
PER*CX**TE*8886323862~
AMT*AU*374~
SVC*HC>80053*243*0*0301*0**1~
DTM*472*20211111~
CAS*CO*226*243*1~
REF*6R*9GXP0011211713-1~
AMT*B6*243~
LQ*HE*N517~
SVC*HC>85025*131*0*0305*0**1~
DTM*472*20211111~
CAS*CO*226*131*1~
REF*6R*9GXP0011211713-2~
AMT*B6*131~
LQ*HE*N517~
CLP*38075303*1*1041*0*1041*12*EK36VRZ5K0002*13*1~
NM1*QC*1*TRIMIER*ALEJONDRA*R~
NM1*IL*1*TRIMIER*ERICA*F***MI*W256149467~
NM1*82*2*AU MEDICAL CENTER, INC.*****XX*1437135902~
MOA***MA15~
REF*1L*0486871-011-00004- A~
REF*CE*Open Access Aetna Select  8480 NET 01880~
DTM*232*20211021~
DTM*233*20211021~
DTM*050*20211109~
PER*CX**TE*8886323862~
AMT*AU*1041~
SVC*HC>83970*374*0*0301*0**1~
DTM*472*20211021~
CAS*PR*227*374*1~
REF*6R*9GXP0011160721-13~
AMT*B6*74.3~
LQ*HE*N179~
SVC*HC>84100*28*0*0301*0**1~
DTM*472*20211021~
CAS*PR*227*28*1~
REF*6R*9GXP0011160721-12~
AMT*B6*8.53~
LQ*HE*N179~
SVC*HC>83615*111*0*0301*0**1~
DTM*472*20211021~
CAS*PR*227*111*1~
REF*6R*9GXP0011160721-11~
AMT*B6*10.87~
LQ*HE*N179~
SVC*HC>82977*111*0*0301*0**1~
DTM*472*20211021~
CAS*PR*227*111*1~
REF*6R*9GXP0011160721-10~
AMT*B6*12.96~
LQ*HE*N179~
SVC*HC>80053*215*0*0301*0**1~
DTM*472*20211021~
CAS*PR*227*215*1~
REF*6R*9GXP0011160721-9~
AMT*B6*19.01~
LQ*HE*N179~
SVC*HC>86665*202*0*0302*0**2~
DTM*472*20211021~
CAS*PR*227*202*2~
REF*6R*9GXP0011160721-16~
AMT*B6*65.3~
LQ*HE*N179~
CLP*38108099*1*920*0*920*13*ELPCV4SN00000*13*1~
NM1*QC*1*CARSON*CASSIE*M~
NM1*IL*1*CARSON*WILLIAM*M***MI*W268398283~
NM1*82*2*AU MEDICAL CENTER, INC.*****XX*1437135902~
REF*1L*0119174-014-00001-FA~
REF*CE*Aetna Choice  POS II NET 00623~
DTM*232*20211122~
DTM*233*20211122~
DTM*050*20211130~
PER*CX**TE*8886323862~
AMT*AU*920~
SVC*HC>83036*111*0*0300*0**1~
DTM*472*20211122~
CAS*PR*227*111*1~
REF*6R*9GXP0011257883-1~
AMT*B6*111~
LQ*HE*MA04~
LQ*HE*N179~
SVC*HC>36415*37*0*0300*0**1~
DTM*472*20211122~
CAS*PR*227*37*1~
REF*6R*9GXP0011257883-2~
AMT*B6*37~
LQ*HE*MA04~
LQ*HE*N179~
SVC*HC>80061*155*0*0301*0**1~
DTM*472*20211122~
CAS*PR*227*155*1~
REF*6R*9GXP0011257883-3~
AMT*B6*155~
LQ*HE*MA04~
LQ*HE*N179~
SVC*HC>84439*152*0*0301*0**1~
DTM*472*20211122~
CAS*PR*227*152*1~
REF*6R*9GXP0011257883-4~
AMT*B6*152~
LQ*HE*MA04~
LQ*HE*N179~
SVC*HC>84443*167*0*0301*0**1~
DTM*472*20211122~
CAS*PR*227*167*1~
REF*6R*9GXP0011257883-5~
AMT*B6*167~
LQ*HE*MA04~
LQ*HE*N179~
SVC*HC>99213*298*0*0510*0**1~
DTM*472*20211122~
CAS*PR*227*298*1~
REF*6R*9GXP0011257883-6~
AMT*B6*298~
LQ*HE*MA04~
LQ*HE*N179~
CLP*38110780*22*-168*0**13*ETJMTYY1J0000*13*1~
NM1*QC*1*OLSEN*KYLIE****MI*W254412083~
NM1*82*2*AU MEDICAL CENTER, INC.*****XX*1437135902~
REF*1L*0868738-021-00001-BJ~
REF*CE*Aetna Choice  POS II NET 00623~
DTM*232*20211123~
DTM*233*20211123~
DTM*050*20211201~
PER*CX**TE*8886323862~
SVC*HC>36415*-37*0*0300*0**1~
DTM*472*20211123~
CAS*CO*97*-37*1~
REF*6R*9GXP0011262040-1~
LQ*HE*N19~
SVC*HC>85025*-131*0*0305*1~
DTM*472*20211123~
CAS*CO*45*-117.01~
CAS*PR*1*-13.99~
REF*6R*9GXP0011262040-2~
CLP*38110780*1*168*0**13*ETJMTYY1J0001*13*1~
NM1*QC*1*OLSEN*KYLIE****MI*W254412083~
NM1*82*2*AU MEDICAL CENTER, INC.*****XX*1437135902~
REF*1L*0868738-021-00001-BJ~
REF*CE*Aetna Choice  POS II NET 00623~
REF*F8*ETJMTYY1J0000~
DTM*232*20211123~
DTM*233*20211123~
DTM*050*20211214~
PER*CX**TE*8886323862~
AMT*AU*168~
SVC*HC>36415*37*0*0300*0**1~
DTM*472*20211123~
CAS*CO*97*37*1~
REF*6R*9GXP0011262040-1~
AMT*B6*14.25~
LQ*HE*N19~
SVC*HC>85025*131*0*0305*0**1~
DTM*472*20211123~
CAS*CO*97*131*1~
REF*6R*9GXP0011262040-2~
AMT*B6*131~
CLP*62295933*1*1226*760*190*12*E6FCVHMYH0000*13*1~
NM1*QC*1*VANCE DIAZ*SOPHIA*E~
NM1*IL*1*VANCE DIAZ*YANETT*M***MI*W234943845~
NM1*82*2*AU MEDICAL CENTER, INC.*****XX*1437135902~
REF*1L*0169605-050-00077- B~
REF*CE*Open Choice NET 00255~
DTM*232*20211229~
DTM*233*20211229~
DTM*050*20220106~
PER*CX**TE*8886323862~
AMT*AU*1226~
SVC*HC>75557*1226*760*0610*1~
DTM*472*20211229~
CAS*CO*45*276~
CAS*PR*2*190~
REF*6R*9GXP0011405618-1~
AMT*B6*950~
CLP*62275668*22*-9173*0**12*E8FCTHW3S0000*13*1~
NM1*QC*1*REGISTER*CULLEN*A~
NM1*IL*1*REGISTER*ELIZABETH****MI*W238923146~
NM1*82*2*AU MEDICAL CENTER, INC.*****XX*1437135902~
REF*1L*0169582-050-00077- A~
REF*CE*Open Choice NET 00255~
DTM*232*20211022~
DTM*233*20211022~
DTM*050*20211109~
PER*CX**TE*8886323862~
SVC*HC>Q9967*-1885*0*0255*0**65~
DTM*472*20211022~
CAS*PR*227*-1885*65~
REF*6R*9GXP0011152664-1~
LQ*HE*MA04~
LQ*HE*N179~
SVC*HC>74177*-5234*0*0352*0**1~
DTM*472*20211022~
CAS*PR*227*-5234*1~
REF*6R*9GXP0011152664-2~
LQ*HE*MA04~
LQ*HE*N179~
SVC*NU>0370*-612*0**0**1~
DTM*472*20211022~
CAS*PR*227*-612*1~
REF*6R*9GXP0011152664-3~
LQ*HE*MA04~
LQ*HE*N179~
SVC*NU>0710*-1442*0**0**1~
DTM*472*20211022~
CAS*PR*227*-1442*1~
REF*6R*9GXP0011152664-4~
LQ*HE*MA04~
LQ*HE*N179~
CLP*62275668*1*9173*335.19*1005.6*12*E8FCTHW3S0001*13*1~
NM1*QC*1*REGISTER*CULLEN*A~
NM1*IL*1*REGISTER*ELIZABETH****MI*W238923146~
NM1*82*2*AU MEDICAL CENTER, INC.*****XX*1437135902~
REF*1L*0169582-050-00077- A~
REF*CE*Open Choice NET 00255~
REF*F8*E8FCTHW3S0000~
DTM*232*20211022~
DTM*233*20211022~
DTM*050*20220106~
PER*CX**TE*8886323862~
AMT*AU*9173~
SVC*HC>Q9967*1885*0*0255*0**65~
DTM*472*20211022~
CAS*CO*97*1885*65~
REF*6R*9GXP0011152664-1~
AMT*B6*1885~
LQ*HE*N19~
SVC*HC>74177*5234*137.5*0352*1~
DTM*472*20211022~
CAS*CO*45*4684~
CAS*PR*2*412.5~
REF*6R*9GXP0011152664-2~
AMT*B6*550~
SVC*NU>0370*612*58.9**1~
DTM*472*20211022~
CAS*CO*45*376.38~
CAS*PR*2*176.72~
REF*6R*9GXP0011152664-3~
AMT*B6*235.62~
SVC*NU>0710*1442*138.79**1~
DTM*472*20211022~
CAS*CO*45*886.83~
CAS*PR*2*416.38~
REF*6R*9GXP0011152664-4~
AMT*B6*555.17~
CLP*38128531*1*27926.82*5819.77*2216.94*13*E903TW66C0000*13*1~
NM1*QC*1*OLSEN*KYLIE****MI*W254412083~
NM1*82*2*AU MEDICAL CENTER, INC.*****XX*1437135902~
MOA***MA15~
REF*1L*0868738-021-00001-BJ~
REF*CE*Aetna Choice  POS II NET 00623~
DTM*232*20211206~
DTM*233*20211206~
DTM*050*20211214~
PER*CX**TE*8886323862~
AMT*AU*8305.43~
SVC*HC>58661*4044.5*3939.21*0360*1~
DTM*472*20211206~
CAS*OA*94*-1641.51~
CAS*PR*1*762**2*984.8~
REF*6R*9GXP0011322671-13~
AMT*B6*5686.01~
SVC*HC>58561*4044.5*1880*0360*1~
DTM*472*20211206~
CAS*CO*45*1694.5~
CAS*PR*2*470~
REF*6R*9GXP0011322671-14~
AMT*B6*2350~
SVC*HC>J7060*94*0*0636*1~
DTM*472*20211206~
CAS*CO*97*94~
REF*6R*9GXP0011322671-16~
LQ*HE*N20~
SVC*HC>J2250*40*0*0636*1~
DTM*472*20211206~
CAS*CO*97*40~
REF*6R*9GXP0011322671-17~
LQ*HE*N20~
SVC*HC>J2405*30*0*0636*1~
DTM*472*20211206~
CAS*CO*97*30~
REF*6R*9GXP0011322671-18~
LQ*HE*N20~
SVC*HC>J2704*216.43*.56*0636*3~
DTM*472*20211206~
CAS*CO*45*215.73~
CAS*PR*2*.14~
REF*6R*9GXP0011322671-19~
AMT*B6*.7~
SVC*HC>J1170*40*0*0636*1~
DTM*472*20211206~
CAS*CO*97*40~
REF*6R*9GXP0011322671-20~
LQ*HE*N20~
SVC*NU>0250*1588.39*0**17~
DTM*472*20211206~
CAS*CO*97*1588.39~
REF*6R*9GXP0011322671-1~
LQ*HE*N20~
SVC*NU>0258*282*0**3~
DTM*472*20211206~
CAS*CO*97*282~
REF*6R*9GXP0011322671-2~
LQ*HE*N20~
SVC*NU>0272*10205*0**12~
DTM*472*20211206~
CAS*CO*97*10205~
REF*6R*9GXP0011322671-4~
LQ*HE*N20~
SVC*NU>0270*62*0**1~
DTM*472*20211206~
CAS*CO*97*62~
REF*6R*9GXP0011322671-3~
LQ*HE*N20~
SVC*NU>0370*3653*0**1~
DTM*472*20211206~
CAS*CO*97*3653~
REF*6R*9GXP0011322671-15~
LQ*HE*N20~
SVC*NU>0710*1512*0**1~
DTM*472*20211206~
CAS*CO*97*1512~
REF*6R*9GXP0011322671-21~
LQ*HE*N20~
SVC*HC>86900*207*0*0300*2~
DTM*472*20211206~
CAS*CO*97*207~
REF*6R*9GXP0011322671-5~
LQ*HE*N20~
SVC*HC>86901*117*0*0300*2~
DTM*472*20211206~
CAS*CO*97*117~
REF*6R*9GXP0011322671-6~
LQ*HE*N20~
SVC*HC>86850*587*0*0300*1~
DTM*472*20211206~
CAS*CO*97*587~
REF*6R*9GXP0011322671-7~
LQ*HE*N20~
SVC*HC>86920*336*0*0300*2~
DTM*472*20211206~
CAS*CO*97*336~
REF*6R*9GXP0011322671-8~
LQ*HE*N20~
SVC*HC>88305*868*0*0310*2~
DTM*472*20211206~
CAS*CO*97*868~
REF*6R*9GXP0011322671-12~
LQ*HE*N20~
CLP*38128531*1*374*0**13*E903TW66C0001*13*1~
NM1*QC*1*OLSEN*KYLIE****MI*W254412083~
NM1*82*2*AU MEDICAL CENTER, INC.*****XX*1437135902~
MOA***MA15~
REF*1L*0868738-021-00001-BJ~
REF*CE*Aetna Choice  POS II NET 00623~
DTM*232*20211206~
DTM*233*20211206~
DTM*050*20211214~
PER*CX**TE*8886323862~
SVC*HC>81001*94*0*0307*1~
DTM*472*20211206~
CAS*CO*97*94~
REF*6R*9GXP0011322671-11~
LQ*HE*N20~
SVC*HC>80048*169*0*0301*1~
DTM*472*20211206~
CAS*CO*97*169~
REF*6R*9GXP0011322671-9~
LQ*HE*N20~
SVC*HC>85027*111*0*0305*1~
DTM*472*20211206~
CAS*CO*97*111~
REF*6R*9GXP0011322671-10~
LQ*HE*N20~
PLB*1437135902*20221231*FB>922018000202738*54439.24*WO>E3JMP1SYY0004-37795960-2021-03-31*6914.96*CS>E3JMP1SYY0004-37795960-2021-03-31*-6914.96*FB>922019000271854*-47524.28~
SE*400*0415~
ST*835*0416~
BPR*I*18.31*C*ACH*CCP*01*031100209*DA*0000009108*1066033492**01*061000052*DA*003344867505*20220124~
TRN*1*822019000271848*1066033492~
REF*EV*XXXXXXXXXXXXXXXXXXXXXXXXXXXXXX~
DTM*405*20220119~
N1*PR*AETNA~
N3*151 FARMINGTON AVENUE~
N4*HARTFORD*CT*06156~
REF*2U*60054~
PER*BL*Provider Service~
N1*PE*AU MEDICAL CENTER, INC.*XX*1437135902~
N3*PO BOX 100180~
N4*ATLANTA*GA*303840180~
REF*PQ*215548361~
REF*TJ*582144788~
LX*1~
TS3*1437135902*22*20221231*2*1205~
CLP*38146751*1*1006*0*75.21*13*EGJMWP7TR0000*13*1~
NM1*QC*1*THORNTON*JORDAN****MI*W266270907~
NM1*82*2*AU MEDICAL CENTER, INC.*****XX*1437135902~
REF*1L*0169539-012-00010-DL~
REF*CE*Aetna Open Access  Managed Choice NET 00623~
DTM*232*20211217~
DTM*233*20211217~
DTM*050*20211225~
PER*CX**TE*8886323862~
AMT*AU*1006~
SVC*HC>73060>LT*472*0*0320*1~
DTM*472*20211217~
CAS*CO*45*434.97~
CAS*PR*1*37.03~
REF*6R*9GXP0011370497-1~
AMT*B6*37.03~
SVC*HC>73030>LT*534*0*0320*1~
DTM*472*20211217~
CAS*CO*45*495.82~
CAS*PR*1*38.18~
REF*6R*9GXP0011370497-2~
AMT*B6*38.18~
CLP*37561437*1*199*51.31**12*PZTXVD7950000*13*1~
NM1*QC*1*DUCLUZEAU*LIONEL*H***MI*W249664953~
NM1*82*2*AU MEDICAL CENTER, INC.*****XX*1437135902~
REF*1L*0737358-010-00218-AD~
REF*CE*Aetna HealthFund  Open Choice  PPO NET 00255~
DTM*232*20201213~
DTM*233*20201213~
DTM*050*20201222~
PER*CX**TE*8886323862~
AMT*AU*199~
SVC*HC>87635*199*51.31*0306*1~
DTM*472*20201213~
CAS*CO*45*147.69~
REF*6R*9GXP0009455250-1~
AMT*B6*51.31~
PLB*1437135902*20221231*FB>922018000202737*33*WO>EFFCVXNT20000-38080977-2021-11-03*33*CS>EFFCVXNT20000-38080977-2021-11-03*-33~
SE*56*0416~
ST*835*0417~
BPR*H*0*C*NON************20220119~
TRN*1*922019000271846*1066033492~
REF*EV*XXXXXXXXXXXXXXXXXXXXXXXXXXXXXX~
DTM*405*20220119~
N1*PR*AETNA~
N3*151 FARMINGTON AVENUE~
N4*HARTFORD*CT*06156~
REF*2U*60054~
PER*BL*Provider Service~
N1*PE*AU MEDICAL CENTER, INC.*XX*1437135902~
N3*PO BOX 100180~
N4*ATLANTA*GA*303840180~
REF*PQ*215548361~
REF*TJ*582144788~
LX*1~
TS3*1437135902*22*20221231*1*2615~
CLP*38103648*1*2615*0**13*PXJMVBZJG0000~
NM1*QC*1*MCCLARTY*BRIDGETTE*L***MI*249483941~
NM1*82*2*AU MEDICAL CENTER, INC.*****XX*1437135902~
REF*1L*0285629-010-00004- G~
REF*CE*Aetna HealthFund  Aetna Choice  POS II NET 00623~
DTM*232*20210504~
DTM*233*20210504~
DTM*050*20211221~
PER*CX**TE*8004107778~
AMT*AU*2615~
SVC*HC>81370*2615*0*0310*0**1~
DTM*472*20210504~
CAS*CO*45*2615*1~
AMT*B6*723.82~
SE*32*0417~
ST*835*0418~
BPR*I*4.33*C*ACH*CCP*01*011900445*DA*0000009046*1066033492**01*061000052*DA*003344867505*20220124~
TRN*1*822019000271850*1066033492~
REF*EV*XXXXXXXXXXXXXXXXXXXXXXXXXXXXXX~
DTM*405*20220119~
N1*PR*AETNA~
N3*151 FARMINGTON AVENUE~
N4*HARTFORD*CT*06156~
REF*2U*60054~
PER*BL*Provider Service~
N1*PE*AU MEDICAL CENTER, INC.*XX*1437135902~
N3*PO BOX 100180~
N4*ATLANTA*GA*303840180~
REF*PQ*215548361~
REF*TJ*582144788~
LX*1~
TS3*1437135902*22*20221231*2*0~
CLP*38123554*22*-1200*-17.31**15*ER58WN8XR0000*13*1~
NM1*QC*1*WORMELY*HELEN*A***MI*3UN4YX1AW96~
NM1*74*1******C*W065751006~
NM1*82*2*AU MEDICAL CENTER, INC.*****XX*1437135902~
REF*1L*0866213-041-00303-RH~
REF*CE*Traditional Choice~
DTM*232*20211203~
DTM*233*20211203~
DTM*050*20211223~
PER*CX**TE*8886323862~
SVC*HC>36415*-37*-17.31*0300*1~
DTM*472*20211203~
CAS*OA*23*-1178.36**94*1163~
CAS*PR*2*-4.33~
REF*6R*9GXP0011307159-1~
SVC*HC>82306*-299*0*0300*1~
DTM*472*20211203~
CAS*CO*45*-299~
REF*6R*9GXP0011307159-2~
LQ*HE*N20~
SVC*HC>82607*-140*0*0301*1~
DTM*472*20211203~
CAS*CO*45*-140~
REF*6R*9GXP0011307159-4~
LQ*HE*N20~
SVC*HC>82746*-139*0*0301*1~
DTM*472*20211203~
CAS*CO*45*-139~
REF*6R*9GXP0011307159-5~
LQ*HE*N20~
SVC*HC>84443*-167*0*0301*1~
DTM*472*20211203~
CAS*CO*45*-167~
REF*6R*9GXP0011307159-3~
LQ*HE*N20~
SVC*HC>G0463>25*-298*0*0510*1~
DTM*472*20211203~
CAS*CO*45*-298~
REF*6R*9GXP0011307159-6~
LQ*HE*N20~
SVC*HC>0003A*-120*0*0771*1~
DTM*472*20211203~
CAS*CO*45*-120~
REF*6R*9GXP0011307159-7~
LQ*HE*N20~
CLP*38123554*2*1200*21.64*17.31*15*ER58WN8XR0001*13*1~
CAS*OA*23*-17.31~
CAS*PR*2*17.31~
NM1*QC*1*WORMELY*HELEN*A***MI*3UN4YX1AW96~
NM1*74*1******C*W065751006~
NM1*82*2*AU MEDICAL CENTER, INC.*****XX*1437135902~
REF*1L*0866213-041-00303-RH~
REF*CE*Traditional Choice~
REF*F8*ER58WN8XR0000~
DTM*232*20211203~
DTM*233*20211203~
DTM*050*20211223~
PER*CX**TE*8886323862~
AMT*AU*120~
SVC*HC>0003A*120*21.64*0771*1~
DTM*472*20211203~
CAS*OA*23*1178.36**94*-1080~
REF*6R*9GXP0011307159-7~
AMT*B6*144.65~
SVC*HC>36415*37*0*0300*1~
DTM*472*20211203~
CAS*CO*45*37~
REF*6R*9GXP0011307159-1~
SVC*HC>82306*299*0*0300*1~
DTM*472*20211203~
CAS*CO*45*299~
REF*6R*9GXP0011307159-2~
SVC*HC>82607*140*0*0301*1~
DTM*472*20211203~
CAS*CO*45*140~
REF*6R*9GXP0011307159-4~
SVC*HC>82746*139*0*0301*1~
DTM*472*20211203~
CAS*CO*45*139~
REF*6R*9GXP0011307159-5~
SVC*HC>84443*167*0*0301*1~
DTM*472*20211203~
CAS*CO*45*167~
REF*6R*9GXP0011307159-3~
SVC*HC>G0463>25*298*0*0510*1~
DTM*472*20211203~
CAS*CO*45*298~
REF*6R*9GXP0011307159-6~
SE*106*0418~
ST*835*1473~
BPR*I*296.62*C*ACH*CCP*01*031100209*DA*0038865237*1066033492**01*061000052*DA*003344867505*20220121~
TRN*1*160118220237652*1066033492~
REF*EV*XXXXXXXXXXXXXXXXXXXXXXXXXXXXXX~
DTM*405*20220119~
N1*PR*AETNA~
N3*151 FARMINGTON AVENUE~
N4*HARTFORD*CT*06156~
REF*2U*60054~
PER*BL*Provider Service~
N1*PE*AU MEDICAL CENTER, INC.*XX*1437135902~
N3*P.O. BOX 100180~
N4*ATLANTA*GA*303840180~
REF*PQ*215548361~
REF*TJ*582144788~
LX*1~
TS3*1437135902*13*20221231*4*1344~
CLP*38166985*1*305*56.86*10*13*220114E008860000*13*1~
NM1*QC*1*RACKLEY*GLADYS****MI*MEBQ63TH~
NM1*82*2*AU MEDICAL CENTER, INC.*****XX*1437135902~
REF*1L*456918-032~
REF*CE*MA PPO ESA 10 SHBP PLAN NET 07432~
DTM*232*20211112~
DTM*233*20211112~
DTM*050*20220114~
PER*CX**TE*8006240756~
AMT*AU*305~
SVC*HC>99490*305*56.86*0510*1~
DTM*472*20211112~
CAS*CO*45*238.14~
CAS*PR*3*10~
REF*6R*9GXP0011437262-1~
AMT*B6*66.86~
LQ*HE*N59~
CLP*38167613*1*259*106.04**13*220114E008870000*13*1~
NM1*QC*1*BAILER*ANTHONY*G***MI*MEBTFL2R~
NM1*82*2*AU MEDICAL CENTER, INC.*****XX*1437135902~
REF*1L*467470-360~
REF*CE*ADV PLAN 250 NET 07432~
DTM*232*20211220~
DTM*233*20211220~
DTM*050*20220114~
PER*CX**TE*8006240756~
AMT*AU*259~
SVC*HC>G0463*259*106.04*0510*1~
DTM*472*20211220~
CAS*CO*45*152.96~
REF*6R*9GXP0011437267-1~
AMT*B6*106.04~
LQ*HE*N59~
CLP*38166531*1*305*66.86**13*220114E059080000*13*1~
NM1*QC*1*TAYLOR*REDONALD****MI*MEBPZ7SX~
NM1*82*2*AU MEDICAL CENTER, INC.*****XX*1437135902~
REF*1L*439638-076~
REF*CE*MEDICARE (C04) ESA PPO PLAN NET 07432~
DTM*232*20211123~
DTM*233*20211123~
DTM*050*20220114~
PER*CX**TE*8006240756~
AMT*AU*305~
SVC*HC>99490*305*66.86*0517*1~
DTM*472*20211123~
CAS*CO*45*238.14~
REF*6R*9GXP0011437256-1~
AMT*B6*66.86~
LQ*HE*N59~
CLP*38167580*1*475*66.86**13*220114E059090000*13*1~
NM1*QC*1*WILLIAMS*JACK*A***MI*MEBPN5DK~
NM1*82*2*AU MEDICAL CENTER, INC.*****XX*1437135902~
REF*1L*467114-039~
REF*CE*GROUP MEDICARE STANDARD PLAN NET 07432~
DTM*232*20211112~
DTM*233*20211112~
DTM*050*20220114~
PER*CX**TE*8006240756~
AMT*AU*305~
SVC*HC>99439*170*0*0510*0**2~
DTM*472*20211112~
CAS*CO*97*170*2~
REF*6R*9GXP0011437266-1~
LQ*HE*N130~
SVC*HC>99490*305*66.86*0517*1~
DTM*472*20211112~
CAS*CO*45*238.14~
REF*6R*9GXP0011437266-2~
AMT*B6*66.86~
LQ*HE*N59~
SE*88*1473~
ST*835*2011~
BPR*I*76.04*C*ACH*CCP*01*031100209*DA*0038865237*1066033492**01*061000052*DA*003344867505*20220121~
TRN*1*160118220262823*1066033492~
REF*EV*XXXXXXXXXXXXXXXXXXXXXXXXXXXXXX~
DTM*405*20220119~
N1*PR*AETNA~
N3*151 FARMINGTON AVENUE~
N4*HARTFORD*CT*06156~
REF*2U*60054~
PER*BL*Provider Service~
N1*PE*AU MEDICAL CENTER, INC.*XX*1437135902~
N3*P.O. BOX 100180~
N4*ATLANTA*GA*303840180~
REF*PQ*215548361~
REF*TJ*582144788~
LX*1~
TS3*1437135902*13*20221231*3*397~
CLP*37448861*22*-40465.6*0**13*201010E462820000*13*1~
NM1*QC*1*BAHLHORN*MATTIE*J***MI*MEBTT8ND~
NM1*82*2*AU MEDICAL CENTER, INC.*****XX*1437135902~
REF*1L*467543-063~
REF*CE*MEDICARE (C05) ESA PPO PLAN~
DTM*232*20201002~
DTM*233*20201002~
DTM*050*20201010~
PER*CX**TE*8006240756~
SVC*HC>96413*-816*0*0335*0**1~
DTM*472*20201002~
CAS*PI*55*-816*1~
REF*6R*9GXP0009094593-2~
LQ*HE*N623~
SVC*HC>J9299>JG*-39561.6*0*0636*0**240~
DTM*472*20201002~
CAS*CO*55*-39561.6*240~
REF*6R*9GXP0009094593-3~
LQ*HE*N623~
SVC*NU>0250*-88*0**0**2~
DTM*472*20201002~
CAS*CO*97*-88*2~
REF*6R*9GXP0009094593-1~
LQ*HE*N130~
CLP*37448861*1*40465.6*0**13*211217C462820000*13*1~
NM1*QC*1*BAHLHORN*MATTIE*J***MI*MEBTT8ND~
NM1*82*2*AU MEDICAL CENTER, INC.*****XX*1437135902~
REF*1L*467543-063~
REF*CE*MEDICARE (C05) ESA PPO PLAN~
REF*F8*201010E462820000~
DTM*232*20201002~
DTM*233*20201002~
DTM*050*20211217~
PER*CX**TE*8006240756~
SVC*HC>96413*816*0*0335*0**1~
DTM*472*20201002~
CAS*PI*55*816*1~
REF*6R*9GXP0009094593-2~
LQ*HE*N623~
SVC*HC>J9299>JG*39561.6*0*0636*0**240~
DTM*472*20201002~
CAS*CO*55*39561.6*240~
REF*6R*9GXP0009094593-3~
LQ*HE*N623~
SVC*NU>0250*88*0**0**2~
DTM*472*20201002~
CAS*CO*97*88*2~
REF*6R*9GXP0009094593-1~
LQ*HE*N130~
CLP*38076264*1*397*76.04*30*13*220115E032040000*13*1~
NM1*QC*1*JOYCE*BRENDA*G***MI*MEBTHRTP~
NM1*82*2*AU MEDICAL CENTER, INC.*****XX*1437135902~
REF*1L*466870-053~
REF*CE*VALUE PPO NET 07432~
DTM*232*20211101~
DTM*233*20211101~
DTM*050*20220115~
PER*CX**TE*8006240756~
AMT*AU*298~
SVC*HC>G0463*298*76.04*0510*1~
DTM*472*20211101~
CAS*CO*45*191.96~
CAS*PR*3*30~
REF*6R*9GXP0011442080-2~
AMT*B6*106.04~
LQ*HE*N59~
SVC*HC>92504*99*0*0470*0**1~
DTM*472*20211101~
CAS*CO*97*99*1~
REF*6R*9GXP0011442080-1~
LQ*HE*N130~
SE*89*2011~
GE*6*1~
IEA*1*100358959~
