ISA*00*          *00*          *ZZ*133052274      *ZZ*XXXXXXXXXXXXXXX*220119*0250*^*00501*100358959*0*P*>~
GS*HP*133052274*XX*20220119*0250*1*X*005010X221A1~
ST*835*0485~
BPR*I*20*C*ACH*CCP*01*011900445*DA*0000009046*1066033492**01*043306855*DA*0000001791*20220124~
TRN*1*822019000288486*1066033492~
REF*EV*XXXXXXXXXXXXXXXXXXXXXXXXXXXXXX~
DTM*405*20220119~
N1*PR*AETNA~
N3*151 FARMINGTON AVENUE~
N4*HARTFORD*CT*06156~
REF*2U*60054~
PER*BL*Provider Service~
N1*PE*BROOKVILLE HOSPITAL*XX*1477693653~
N3*100 HOSPITAL RD~
N4*BROOKVILLE*PA*158251367~
REF*PQ*330801610~
REF*TJ*250984595~
LX*1~
TS3*1104806470*11*20221231*2*0~
CLP*400891061*22*-295.01*-190.92**12*E3TXTVBT90000*11*1~
NM1*QC*1*KALTENBACH*CAROL*A***MI*W232610991~
NM1*74*1**KEVIN*J~
NM1*82*1*SNYDER*BARRY*J***XX*1477693653~
REF*1L*0285583-010-00001- A~
REF*CE*Open Choice NET 02151~
DTM*232*20210514~
DTM*233*20210514~
DTM*050*20211202~
PER*CX**TE*8886323862~
SVC*HC>99495*-295*-190.92**1~
DTM*472*20210514~
CAS*CO*45*-84.08~
CAS*PR*3*-20~
REF*6R*BMXP0035510536-1~
SVC*HC>3044F*-.01*0**1~
DTM*472*20210514~
CAS*PR*1*-.01~
REF*6R*BMXP0035510536-2~
CLP*400891061*1*295.01*210.92**12*E3TXTVBT90001*11*1~
NM1*QC*1*KALTENBACH*CAROL*A***MI*W232610991~
NM1*74*1**KEVIN*J~
NM1*82*1*SNYDER*BARRY*J***XX*1477693653~
REF*1L*0285583-010-00001- A~
REF*CE*Open Choice NET 02151~
REF*F8*E3TXTVBT90000~
DTM*232*20210514~
DTM*233*20210514~
DTM*050*20211202~
PER*CX**TE*8886323862~
AMT*AU*295.01~
SVC*HC>99495*295*210.92**1~
DTM*472*20210514~
CAS*CO*45*84.08~
REF*6R*BMXP0035510536-1~
AMT*B6*210.92~
SVC*HC>3044F*.01*0**0**1~
DTM*472*20210514~
CAS*CO*97*.01*1~
REF*6R*BMXP0035510536-2~
AMT*B6*.01~
LQ*HE*N19~
SE*60*0485~
ST*835*0998~
BPR*I*1227.98*C*ACH*CCP*01*031100209*DA*0038865237*1066033492**01*043306855*DA*0000001791*20220121~
TRN*1*160118220237527*1066033492~
REF*EV*XXXXXXXXXXXXXXXXXXXXXXXXXXXXXX~
DTM*405*20220119~
N1*PR*AETNA~
N3*151 FARMINGTON AVENUE~
N4*HARTFORD*CT*06156~
REF*2U*60054~
PER*BL*Provider Service~
N1*PE*BROOKVILLE HOSPITAL*XX*1760452924~
N3*100 HOSPITAL ROAD~
N4*BROOKVILLE*PA*15825~
REF*PQ*262639710~
REF*TJ*250984595~
LX*1~
TS3*1760452924*85*20221231*4*4867.2~
CLP*400899594*22*-1167.2*-373.5**13*211224E287430001~
NM1*QC*1*CYPHERT*GEORGEAN****MI*MEBGCP0K~
NM1*82*2*BROOKVILLE HOSPITAL*****XX*1760452924~
REF*1L*467428-129~
REF*CE*MEDICARE OPEN ACCESS PPO PLAN NET 02101~
DTM*232*20210928~
DTM*233*20210928~
DTM*050*20211224~
PER*CX**TE*8006240756~
SVC*HC>76000*-350*-112*0320*1~
DTM*472*20210928~
CAS*CO*45*-238~
LQ*HE*N59~
LQ*HE*N694~
SVC*HC>Q9967*-817.2*-261.5*0636*300**1~
DTM*472*20210928~
CAS*CO*45*-555.7~
LQ*HE*N59~
LQ*HE*N694~
CLP*400904913*1*3821.2*1222.78**13*220108E211620000*85*1~
NM1*QC*1*DIEHL*SANDRA****MI*MEBTGX7K~
NM1*82*2*BROOKVILLE HOSPITAL*****XX*1760452924~
REF*G1*1241474~
REF*1L*467428-141~
REF*CE*MEDICARE OPEN ACCESS PPO PLAN NET 03400~
DTM*232*20211223~
DTM*233*20211223~
DTM*050*20220108~
PER*CX**TE*8006240756~
AMT*AU*3821.2~
SVC*HC>J0897*3657.2*1170.3*0636*60~
DTM*472*20211223~
CAS*CO*45*2486.9~
REF*6R*BMXP0035847959-1~
AMT*B6*1170.3~
LQ*HE*N59~
SVC*HC>96372*164*52.48*0940*1~
DTM*472*20211223~
CAS*CO*45*111.52~
REF*6R*BMXP0035847959-2~
AMT*B6*52.48~
LQ*HE*N59~
CLP*400906406*1*1277.2*378.7*30*13*220114E007460000*85*7~
NM1*QC*1*CYPHERT*GEORGEAN****MI*MEBGCP0K~
NM1*82*2*BROOKVILLE HOSPITAL*****XX*1760452924~
REF*1L*467428-129~
REF*CE*MEDICARE OPEN ACCESS PPO PLAN NET 03400~
DTM*232*20210928~
DTM*233*20210928~
DTM*050*20220114~
PER*CX**TE*8006240756~
AMT*AU*1277.2~
SVC*HC>G0463*110*5.2*0510*1~
DTM*472*20210928~
CAS*CO*45*74.8~
CAS*PR*3*30~
REF*6R*BMXP0035909196-2~
AMT*B6*35.2~
LQ*HE*N59~
SVC*HC>76000*350*112*0320*1~
DTM*472*20210928~
CAS*CO*45*238~
REF*6R*BMXP0035909196-1~
AMT*B6*112~
LQ*HE*N59~
SVC*HC>Q9967*817.2*261.5*0636*300~
DTM*472*20210928~
CAS*CO*45*555.7~
REF*6R*BMXP0035909196-3~
AMT*B6*261.5~
LQ*HE*N59~
CLP*400858055*1*936*0*.64*13*220114E032480000*85*1~
NM1*QC*1*WENSEL*PAMELA****MI*MEBT084T~
NM1*82*2*BROOKVILLE HOSPITAL*****XX*1760452924~
REF*1L*467471-111~
REF*CE*ADV PLAN 400 NET 03400~
DTM*232*20210805~
DTM*233*20210805~
DTM*050*20220114~
PER*CX**TE*8006240756~
AMT*AU*2~
SVC*HC>94729*209*0*0460*0**1~
DTM*472*20210805~
CAS*CO*96*209*1~
REF*6R*BMXP0034509777-2~
LQ*HE*N115~
SVC*HC>94726*175*0*0460*0**1~
DTM*472*20210805~
CAS*CO*96*175*1~
REF*6R*BMXP0034509777-3~
LQ*HE*N115~
SVC*HC>94060*550*0*0460*0**1~
DTM*472*20210805~
CAS*CO*96*550*1~
REF*6R*BMXP0034509777-4~
LQ*HE*N115~
SVC*NU>0250*2*0**1~
DTM*472*20210805~
CAS*CO*45*1.36~
CAS*PR*3*.64~
REF*6R*BMXP0034509777-1~
AMT*B6*.64~
SE*120*0998~
ST*835*1640~
BPR*I*119.84*C*ACH*CCP*01*031100209*DA*0038865237*1066033492**01*043306855*DA*0000001791*20220121~
TRN*1*160118220262757*1066033492~
REF*EV*XXXXXXXXXXXXXXXXXXXXXXXXXXXXXX~
DTM*405*20220119~
N1*PR*AETNA~
N3*151 FARMINGTON AVENUE~
N4*HARTFORD*CT*06156~
REF*2U*60054~
PER*BL*Provider Service~
N1*PE*BROOKVILLE HOSPITAL*XX*1760452924~
N3*100 HOSPITAL ROAD~
N4*BROOKVILLE*PA*15825~
REF*PQ*262639710~
REF*TJ*250984595~
LX*1~
TS3*1164490660*85*20221231*1*275~
CLP*400907488*1*275*68*20*13*220115E056260000*85*1~
NM1*QC*1*LASHER*MATTHEW*T***MI*MEBRL1FR~
NM1*82*2*BROOKVILLE HOSPITAL*****XX*1164490660~
REF*1L*467428-141~
REF*CE*MEDICARE OPEN ACCESS PPO PLAN NET 03400~
DTM*232*20211213~
DTM*233*20211213~
DTM*050*20220115~
PER*CX**TE*8006240756~
AMT*AU*275~
SVC*HC>G0463*275*68*0510*1~
DTM*472*20211213~
CAS*CO*45*187~
CAS*PR*3*20~
REF*6R*BMXP0035923047-1~
AMT*B6*88~
LQ*HE*N59~
LX*2~
TS3*1760452924*85*20221231*2*162~
CLP*400903493*22*-2106*-673.92**13*220105E265770002~
NM1*QC*1*GASTON*JOSEPH*I***MI*MEBT9FVK~
NM1*82*2*BROOKVILLE HOSPITAL*****XX*1760452924~
REF*1L*467669-017~
REF*CE*MEDICARE (C04) ESA PPO PLAN NET 02101~
DTM*232*20211201~
DTM*233*20211230~
DTM*050*20220105~
PER*CX**TE*8006240756~
SVC*HC>G0424*-162*-51.84*0948*1~
DTM*472*20211201~
CAS*CO*45*-110.16~
LQ*HE*N59~
LQ*HE*N694~
SVC*HC>G0424*-162*-51.84*0948*1~
DTM*472*20211202~
CAS*CO*45*-110.16~
LQ*HE*N59~
LQ*HE*N694~
SVC*HC>G0424*-162*-51.84*0948*1~
DTM*472*20211206~
CAS*CO*45*-110.16~
LQ*HE*N59~
LQ*HE*N694~
SVC*HC>G0424*-162*-51.84*0948*1~
DTM*472*20211208~
CAS*CO*45*-110.16~
LQ*HE*N59~
LQ*HE*N694~
SVC*HC>G0424*-162*-51.84*0948*1~
DTM*472*20211209~
CAS*CO*45*-110.16~
LQ*HE*N59~
LQ*HE*N694~
SVC*HC>G0424*-162*-51.84*0948*1~
DTM*472*20211213~
CAS*CO*45*-110.16~
LQ*HE*N59~
LQ*HE*N694~
SVC*HC>G0424*-162*-51.84*0948*1~
DTM*472*20211215~
CAS*CO*45*-110.16~
LQ*HE*N59~
LQ*HE*N694~
SVC*HC>G0424*-162*-51.84*0948*1~
DTM*472*20211216~
CAS*CO*45*-110.16~
LQ*HE*N59~
LQ*HE*N694~
SVC*HC>G0424*-162*-51.84*0948*1~
DTM*472*20211220~
CAS*CO*45*-110.16~
LQ*HE*N59~
LQ*HE*N694~
SVC*HC>G0424*-162*-51.84*0948*1~
DTM*472*20211222~
CAS*CO*45*-110.16~
LQ*HE*N59~
LQ*HE*N694~
SVC*HC>G0424*-162*-51.84*0948*1~
DTM*472*20211223~
CAS*CO*45*-110.16~
LQ*HE*N59~
LQ*HE*N694~
SVC*HC>G0424*-162*-51.84*0948*1~
DTM*472*20211227~
CAS*CO*45*-110.16~
LQ*HE*N59~
LQ*HE*N694~
SVC*HC>G0424*-162*-51.84*0948*1~
DTM*472*20211230~
CAS*CO*45*-110.16~
LQ*HE*N59~
LQ*HE*N694~
CLP*400906745*1*2268*725.76**13*220115E081240000*85*7~
NM1*QC*1*GASTON*JOSEPH****MI*MEBT9FVK~
NM1*82*2*BROOKVILLE HOSPITAL*****XX*1760452924~
REF*1L*467669-017~
REF*CE*MEDICARE (C04) ESA PPO PLAN NET 03400~
DTM*232*20211201~
DTM*233*20211230~
DTM*050*20220115~
PER*CX**TE*8006240756~
AMT*AU*2268~
SVC*HC>G0424*162*51.84*0948*1~
DTM*472*20211201~
CAS*CO*45*110.16~
REF*6R*BMXP0035923078-1~
AMT*B6*51.84~
LQ*HE*N59~
SVC*HC>G0424*162*51.84*0948*1~
DTM*472*20211202~
CAS*CO*45*110.16~
REF*6R*BMXP0035923078-2~
AMT*B6*51.84~
LQ*HE*N59~
SVC*HC>G0424*162*51.84*0948*1~
DTM*472*20211206~
CAS*CO*45*110.16~
REF*6R*BMXP0035923078-3~
AMT*B6*51.84~
LQ*HE*N59~
SVC*HC>G0424*162*51.84*0948*1~
DTM*472*20211208~
CAS*CO*45*110.16~
REF*6R*BMXP0035923078-4~
AMT*B6*51.84~
LQ*HE*N59~
SVC*HC>G0424*162*51.84*0948*1~
DTM*472*20211209~
CAS*CO*45*110.16~
REF*6R*BMXP0035923078-5~
AMT*B6*51.84~
LQ*HE*N59~
SVC*HC>G0424*162*51.84*0948*1~
DTM*472*20211213~
CAS*CO*45*110.16~
REF*6R*BMXP0035923078-6~
AMT*B6*51.84~
LQ*HE*N59~
SVC*HC>G0424*162*51.84*0948*1~
DTM*472*20211215~
CAS*CO*45*110.16~
REF*6R*BMXP0035923078-7~
AMT*B6*51.84~
LQ*HE*N59~
SVC*HC>G0424*162*51.84*0948*1~
DTM*472*20211216~
CAS*CO*45*110.16~
REF*6R*BMXP0035923078-8~
AMT*B6*51.84~
LQ*HE*N59~
SVC*HC>G0424*162*51.84*0948*1~
DTM*472*20211220~
CAS*CO*45*110.16~
REF*6R*BMXP0035923078-9~
AMT*B6*51.84~
LQ*HE*N59~
SVC*HC>G0424*162*51.84*0948*1~
DTM*472*20211222~
CAS*CO*45*110.16~
REF*6R*BMXP0035923078-10~
AMT*B6*51.84~
LQ*HE*N59~
SVC*HC>G0424*162*51.84*0948*1~
DTM*472*20211223~
CAS*CO*45*110.16~
REF*6R*BMXP0035923078-11~
AMT*B6*51.84~
LQ*HE*N59~
SVC*HC>G0424*162*51.84*0948*1~
DTM*472*20211227~
CAS*CO*45*110.16~
REF*6R*BMXP0035923078-12~
AMT*B6*51.84~
LQ*HE*N59~
SVC*HC>G0424*162*51.84*0948*1~
DTM*472*20211229~
CAS*CO*45*110.16~
REF*6R*BMXP0035923078-13~
AMT*B6*51.84~
LQ*HE*N59~
SVC*HC>G0424*162*51.84*0948*1~
DTM*472*20211230~
CAS*CO*45*110.16~
REF*6R*BMXP0035923078-14~
AMT*B6*51.84~
LQ*HE*N59~
SE*205*1640~
ST*835*0997~
BPR*H*0*C*NON************20220117~
TRN*1*FC9220190005628*1066033492~
REF*EV*XXXXXXXXXXXXXXXXXXXXXXXXXXXXXX~
DTM*405*20220119~
N1*PR*AETNA~
N3*151 FARMINGTON AVENUE~
N4*HARTFORD*CT*06156~
REF*2U*60054~
PER*BL*Provider Service~
N1*PE*CLEARFIELD HOSPITAL*XX*1427022078~
N3*PO BOX 992~
N4*CLEARFIELD*PA*16830~
REF*PQ*040850450~
REF*TJ*250979346~
LX*1~
TS3*1427022078*13*20221231*2*0~
CLP*2000624311*22*-1233*0**13*210118E635450000*13*1~
NM1*QC*1*THIBEAULT*DAVID****MI*MEBVG33L~
NM1*82*2*CLEARFIELD HOSPITAL*****XX*1427022078~
REF*1L*467242-021~
REF*CE*VALUE PPO NET 03400~
DTM*232*20210111~
DTM*233*20210111~
DTM*050*20210118~
PER*CX**TE*8006240756~
SVC*HC>71271*-1233*0*0352*0**1~
DTM*472*20210111~
CAS*PI*16*-1233*1~
REF*6R*CLSQ0032510691-1~
LQ*HE*N56~
CLP*2000624311*1*1233*0**13*211220C635450000*13*1~
NM1*QC*1*THIBEAULT*DAVID****MI*MEBVG33L~
NM1*82*2*CLEARFIELD HOSPITAL*****XX*1427022078~
REF*1L*467242-021~
REF*CE*VALUE PPO NET 03400~
REF*F8*210118E635450000~
DTM*232*20210111~
DTM*233*20210111~
DTM*050*20211220~
PER*CX**TE*8006240756~
SVC*HC>71271*1233*0*0352*0**1~
DTM*472*20210111~
CAS*OA*18*1233*1~
REF*6R*CLSQ0032510691-1~
LQ*HE*N522~
SE*47*0997~
ST*835*0496~
BPR*H*0*C*NON************20220119~
TRN*1*922019000288859*1066033492~
REF*EV*XXXXXXXXXXXXXXXXXXXXXXXXXXXXXX~
DTM*405*20220119~
N1*PR*AETNA~
N3*151 FARMINGTON AVENUE~
N4*HARTFORD*CT*06156~
REF*2U*60054~
PER*BL*Provider Service~
N1*PE*DUBOIS REGIONAL MEDICAL CENTER*XX*1023346673~
N3*100 HOSPITAL AVE~
N4*DU BOIS*PA*158011440~
REF*PQ*378318690~
REF*TJ*251490707~
LX*1~
TS3*1881870905*11*20221231*4*0~
CLP*G3504196-01*22*-210*-87.1**12*E136N8HB40000*11*1~
NM1*QC*1*KEAR*EMILY*M***MI*W261652240~
NM1*82*1*SINGH*ANUJIT****XX*1023346673~
REF*1L*0285583-010-00001- A~
REF*CE*Open Choice NET 02151~
DTM*232*20210311~
DTM*233*20210311~
DTM*050*20210318~
PER*CX**TE*8886323862~
SVC*HC>99214*-210*-87.1**1~
DTM*472*20210311~
CAS*CO*45*-102.9~
CAS*PR*3*-20~
REF*6R*7832863~
CLP*G3504196-01*1*210*70.96*20*12*E136N8HB40001*11*1~
NM1*QC*1*KEAR*EMILY*M***MI*W261652240~
NM1*82*1*SINGH*ANUJIT****XX*1023346673~
REF*1L*0285583-010-00001- A~
REF*CE*Open Choice NET 02151~
REF*F8*E136N8HB40000~
DTM*232*20210311~
DTM*233*20210311~
DTM*050*20210318~
PER*CX**TE*8886323862~
AMT*AU*210~
SVC*HC>99213*210*70.96**1*HC>99214~
DTM*472*20210311~
CAS*CO*45*119.04~
CAS*PR*3*20~
REF*6R*7832863~
AMT*B6*90.96~
LQ*HE*M127~
CLP*G3529127-01*22*-210*-87.1**12*E6FCPRN7N0000*11*1~
NM1*QC*1*GILLETTE*LORI*L***MI*W232578865~
NM1*82*1*SINGH*ANUJIT****XX*1023346673~
REF*1L*0285583-010-00001- A~
REF*CE*Open Choice NET 02151~
DTM*232*20210406~
DTM*233*20210406~
DTM*050*20210409~
PER*CX**TE*8886323862~
SVC*HC>99214*-210*-87.1**1~
DTM*472*20210406~
CAS*CO*45*-102.9~
CAS*PR*3*-20~
REF*6R*7892631~
CLP*G3529127-01*1*210*70.96*20*12*E6FCPRN7N0001*11*1~
NM1*QC*1*GILLETTE*LORI*L***MI*W232578865~
NM1*82*1*SINGH*ANUJIT****XX*1023346673~
REF*1L*0285583-010-00001- A~
REF*CE*Open Choice NET 02151~
REF*F8*E6FCPRN7N0000~
DTM*232*20210406~
DTM*233*20210406~
DTM*050*20210409~
PER*CX**TE*8886323862~
AMT*F5*20~
AMT*AU*210~
SVC*HC>99213*210*70.96**1*HC>99214~
DTM*472*20210406~
CAS*CO*45*119.04~
CAS*PR*3*20~
REF*6R*7892631~
AMT*B6*90.96~
LQ*HE*M127~
PLB*1023346673*20221231*FB>922019000288859*-32.28~
SE*84*0496~
ST*835*0497~
BPR*H*0*C*NON************20220119~
TRN*1*922019000288873*1066033492~
REF*EV*XXXXXXXXXXXXXXXXXXXXXXXXXXXXXX~
DTM*405*20220119~
N1*PR*AETNA~
N3*151 FARMINGTON AVENUE~
N4*HARTFORD*CT*06156~
REF*2U*60054~
PER*BL*Provider Service~
N1*PE*DUBOIS REGIONAL MEDICAL CENTER*XX*1083727796~
N3*100 HOSPITAL AVE~
N4*DU BOIS*PA*158011440~
REF*PQ*378318690~
REF*TJ*251490707~
LX*1~
TS3*1821389768*11*20221231*6*0~
CLP*G3467236-01*22*-210*-62.1**12*EKACPZJR80000*11*1~
NM1*QC*1*ANDERSON*RENEE*R***MI*W257333147~
NM1*82*1*VARACALLO*CHRISTOPHER*P***XX*1083727796~
REF*1L*0285583-010-00001- A~
REF*CE*Open Choice NET 02151~
DTM*232*20210204~
DTM*233*20210204~
DTM*050*20210218~
PER*CX**TE*8886323862~
SVC*HC>99214*-210*-62.1**1~
DTM*472*20210204~
CAS*CO*45*-102.9~
CAS*PR*3*-45~
REF*6R*7754213~
CLP*G3467236-01*1*210*45.96*45*12*EKACPZJR80001*11*1~
NM1*QC*1*ANDERSON*RENEE*R***MI*W257333147~
NM1*82*1*VARACALLO*CHRISTOPHER*P***XX*1083727796~
REF*1L*0285583-010-00001- A~
REF*CE*Open Choice NET 02151~
REF*F8*EKACPZJR80000~
DTM*232*20210204~
DTM*233*20210204~
DTM*050*20210218~
PER*CX**TE*8886323862~
AMT*AU*210~
SVC*HC>99213*210*45.96**1*HC>99214~
DTM*472*20210204~
CAS*CO*45*119.04~
CAS*PR*3*45~
REF*6R*7754213~
AMT*B6*90.96~
LQ*HE*M127~
CLP*G3511693-01*22*-210*-62.1**12*EK36QQYW00000*11*1~
NM1*QC*1*RORABAUGH*LISA*L***MI*W258942535~
NM1*82*1*VARACALLO*CHRISTOPHER*P***XX*1083727796~
REF*1L*0285583-010-00001- A~
REF*CE*Open Choice NET 02151~
DTM*232*20210318~
DTM*233*20210318~
DTM*050*20210327~
PER*CX**TE*8886323862~
SVC*HC>99214*-210*-62.1**1~
DTM*472*20210318~
CAS*CO*45*-102.9~
CAS*PR*3*-45~
REF*6R*7864638~
CLP*G3511693-01*1*210*45.96*45*12*EK36QQYW00001*11*1~
NM1*QC*1*RORABAUGH*LISA*L***MI*W258942535~
NM1*82*1*VARACALLO*CHRISTOPHER*P***XX*1083727796~
REF*1L*0285583-010-00001- A~
REF*CE*Open Choice NET 02151~
REF*F8*EK36QQYW00000~
DTM*232*20210318~
DTM*233*20210318~
DTM*050*20210327~
PER*CX**TE*8886323862~
AMT*AU*210~
SVC*HC>99213*210*45.96**1*HC>99214~
DTM*472*20210318~
CAS*CO*45*119.04~
CAS*PR*3*45~
REF*6R*7864638~
AMT*B6*90.96~
LQ*HE*M127~
CLP*G3523837-01*22*-210*-62.1**12*E0FCPNH6R0000*11*1~
NM1*QC*1*WILLIAMSBALL*ALLISON*C***MI*W232444868~
NM1*74*1*BALL*DEAN*D~
NM1*82*1*VARACALLO*CHRISTOPHER*P***XX*1083727796~
REF*1L*0285583-010-00001- A~
REF*CE*Open Choice NET 02151~
DTM*232*20210330~
DTM*233*20210330~
DTM*050*20210407~
PER*CX**TE*8886323862~
SVC*HC>99214*-210*-62.1**1~
DTM*472*20210330~
CAS*CO*45*-102.9~
CAS*PR*3*-45~
REF*6R*7893850~
CLP*G3523837-01*1*210*45.96*45*12*E0FCPNH6R0001*11*1~
NM1*QC*1*WILLIAMSBALL*ALLISON*C***MI*W232444868~
NM1*74*1*BALL*DEAN*D~
NM1*82*1*VARACALLO*CHRISTOPHER*P***XX*1083727796~
REF*1L*0285583-010-00001- A~
REF*CE*Open Choice NET 02151~
REF*F8*E0FCPNH6R0000~
DTM*232*20210330~
DTM*233*20210330~
DTM*050*20210407~
PER*CX**TE*8886323862~
AMT*AU*210~
SVC*HC>99213*210*45.96**1*HC>99214~
DTM*472*20210330~
CAS*CO*45*119.04~
CAS*PR*3*45~
REF*6R*7893850~
AMT*B6*90.96~
LQ*HE*M127~
PLB*1083727796*20221231*FB>922019000288873*-48.42~
SE*117*0497~
ST*835*0498~
BPR*I*18560.4*C*ACH*CCP*01*011900445*DA*0000009046*1066033492**01*043000096*DA*1136648396*20220124~
TRN*1*822019000288879*1066033492~
REF*EV*XXXXXXXXXXXXXXXXXXXXXXXXXXXXXX~
DTM*405*20220119~
N1*PR*AETNA~
N3*151 FARMINGTON AVENUE~
N4*HARTFORD*CT*06156~
REF*2U*60054~
PER*BL*Provider Service~
N1*PE*DUBOIS REGIONAL MEDICAL CENTER*XX*1144249657~
N3*100 HOSPITAL AVE~
N4*DUBOIS*PA*158011440~
REF*PQ*378318690~
REF*TJ*251490707~
LX*1~
TS3*1053679951*22*20221231*4*0~
CLP*5005971380*22*-234*-119.34**12*ERNRQ2PK40000*22*1~
NM1*QC*1*RITTENHOUSE*HANNAH*M***MI*W232601687~
NM1*74*1**SHANNON~
NM1*82*1*ARMSTRONG*TREVA****XX*1144249657~
REF*1L*0285583-010-00001- A~
REF*CE*Open Choice NET 02151~
DTM*232*20210330~
DTM*233*20210330~
DTM*050*20210415~
PER*CX**TE*8886323862~
SVC*HC>88304>26>XS*-117*-59.67**1~
DTM*472*20210330~
CAS*CO*45*-57.33~
REF*6R*DBSA0033262045-1~
SVC*HC>88304>26*-117*-59.67**1~
DTM*472*20210330~
CAS*CO*45*-57.33~
REF*6R*DBSA0033262045-2~
CLP*5005971380*1*234*28.66**12*ERNRQ2PK40001*22*1~
NM1*QC*1*RITTENHOUSE*HANNAH*M***MI*W232601687~
NM1*74*1**SHANNON~
NM1*82*1*ARMSTRONG*TREVA****XX*1144249657~
REF*1L*0285583-010-00001- A~
REF*CE*Open Choice NET 02151~
REF*F8*ERNRQ2PK40000~
DTM*232*20210330~
DTM*233*20210330~
DTM*050*20210415~
PER*CX**TE*8886323862~
AMT*AU*234~
SVC*HC>88304>26>XS*117*14.33**1~
DTM*472*20210330~
CAS*CO*45*102.67~
REF*6R*DBSA0033262045-1~
AMT*B6*14.33~
SVC*HC>88304>26*117*14.33**1~
DTM*472*20210330~
CAS*CO*45*102.67~
REF*6R*DBSA0033262045-2~
AMT*B6*14.33~
CLP*5005762451*22*-376*-191.76**12*ER58PP6X90000*22*1~
NM1*QC*1*SHUTTLEWORTH*JAMES*A***MI*W232613201~
NM1*82*1*ARMSTRONG*TREVA****XX*1144249657~
REF*1L*0285583-010-00001- A~
REF*CE*Open Choice NET 02151~
DTM*232*20210114~
DTM*233*20210114~
DTM*050*20210205~
PER*CX**TE*8886323862~
SVC*HC>88305>26*-188*-95.88**1~
DTM*472*20210114~
CAS*CO*45*-92.12~
REF*6R*DBSA0032659618-1~
SVC*HC>88305>26>XS*-188*-95.88**1~
DTM*472*20210114~
CAS*CO*45*-92.12~
REF*6R*DBSA0032659618-2~
CLP*5005762451*1*376*94.66**12*ER58PP6X90001*22*1~
NM1*QC*1*SHUTTLEWORTH*JAMES*A***MI*W232613201~
NM1*82*1*ARMSTRONG*TREVA****XX*1144249657~
REF*1L*0285583-010-00001- A~
REF*CE*Open Choice NET 02151~
REF*F8*ER58PP6X90000~
DTM*232*20210114~
DTM*233*20210114~
DTM*050*20210205~
PER*CX**TE*8886323862~
AMT*AU*376~
SVC*HC>88305>26*188*47.33**1~
DTM*472*20210114~
CAS*CO*45*140.67~
REF*6R*DBSA0032659618-1~
AMT*B6*47.33~
SVC*HC>88305>26>XS*188*47.33**1~
DTM*472*20210114~
CAS*CO*45*140.67~
REF*6R*DBSA0032659618-2~
AMT*B6*47.33~
LX*2~
TS3*1144249657*11*20221231*13*24841.61~
CLP*5006838109*1*1963*658.28*215*12*EBY1WDCHC0000*13*1~
NM1*QC*1*FITZWATER*CONNOR*T~
NM1*IL*1*FITZWATER*TIMOTHY*J***MI*W232438487~
NM1*74*1**TIM~
NM1*82*2*PENN HIGHLANDS DUBOIS*****XX*1144249657~
MOA***MA15~
REF*1L*0285583-010-00001- A~
REF*CE*Open Choice NET 02151~
DTM*232*20211129~
DTM*233*20211129~
DTM*050*20211208~
PER*CX**TE*8886323862~
AMT*AU*1963~
SVC*HC>G0103*185*0*0301*0**1~
DTM*472*20211129~
CAS*PR*49*185*1~
REF*6R*DBSA0035569014-1~
AMT*B6*53.68~
LQ*HE*N130~
SVC*HC>84443*116*19.03*0301*1~
DTM*472*20211129~
CAS*CO*45*66.97~
CAS*PR*3*30~
REF*6R*DBSA0035569014-2~
AMT*B6*49.03~
SVC*HC>84439*132*26.31*0301*1~
DTM*472*20211129~
CAS*CO*45*105.69~
REF*6R*DBSA0035569014-3~
AMT*B6*26.31~
SVC*HC>84403*144*75.33*0301*1~
DTM*472*20211129~
CAS*CO*45*68.67~
REF*6R*DBSA0035569014-4~
AMT*B6*75.33~
SVC*HC>84146*147*56.55*0301*1~
DTM*472*20211129~
CAS*CO*45*90.45~
REF*6R*DBSA0035569014-5~
AMT*B6*56.55~
SVC*HC>83735*44*19.55*0301*1~
DTM*472*20211129~
CAS*CO*45*24.45~
REF*6R*DBSA0035569014-6~
AMT*B6*19.55~
SVC*HC>83550*59*25.5*0301*1~
DTM*472*20211129~
CAS*CO*45*33.5~
REF*6R*DBSA0035569014-7~
AMT*B6*25.5~
SVC*HC>83540*42*18.91*0301*1~
DTM*472*20211129~
CAS*CO*45*23.09~
REF*6R*DBSA0035569014-8~
AMT*B6*18.91~
SVC*HC>82746*90*42.89*0301*1~
DTM*472*20211129~
CAS*CO*45*47.11~
REF*6R*DBSA0035569014-9~
AMT*B6*42.89~
SVC*HC>82728*92*39.76*0301*1~
DTM*472*20211129~
CAS*CO*45*52.24~
REF*6R*DBSA0035569014-10~
AMT*B6*39.76~
SVC*HC>82607*134*43.98*0301*1~
DTM*472*20211129~
CAS*CO*45*90.02~
REF*6R*DBSA0035569014-11~
AMT*B6*43.98~
SVC*HC>82570*40*15.1*0301*1~
DTM*472*20211129~
CAS*CO*45*24.9~
REF*6R*DBSA0035569014-12~
AMT*B6*15.1~
SVC*HC>82533*120*47.59*0301*1~
DTM*472*20211129~
CAS*CO*45*72.41~
REF*6R*DBSA0035569014-13~
AMT*B6*47.59~
SVC*HC>82530*120*48.76*0301*1~
DTM*472*20211129~
CAS*CO*45*71.24~
REF*6R*DBSA0035569014-14~
AMT*B6*48.76~
SVC*HC>82306*210*86.4*0301*1~
DTM*472*20211129~
CAS*CO*45*123.6~
REF*6R*DBSA0035569014-15~
AMT*B6*86.4~
SVC*HC>80061*110*39.08*0301*1~
DTM*472*20211129~
CAS*CO*45*70.92~
REF*6R*DBSA0035569014-16~
AMT*B6*39.08~
SVC*HC>80053*113*30.84*0301*1~
DTM*472*20211129~
CAS*CO*45*82.16~
REF*6R*DBSA0035569014-17~
AMT*B6*30.84~
SVC*HC>85025*65*22.7*0305*1~
DTM*472*20211129~
CAS*CO*45*42.3~
REF*6R*DBSA0035569014-18~
AMT*B6*22.7~
CLP*5006838109*1*724*336.66**12*EBY1WDCHC0001*13*1~
NM1*QC*1*FITZWATER*CONNOR*T~
NM1*IL*1*FITZWATER*TIMOTHY*J***MI*W232438487~
NM1*74*1**TIM~
NM1*82*2*PENN HIGHLANDS DUBOIS*****XX*1144249657~
MOA***MA15~
REF*1L*0285583-010-00001- A~
REF*CE*Open Choice NET 02151~
DTM*232*20211129~
DTM*233*20211129~
DTM*050*20211208~
PER*CX**TE*8886323862~
AMT*AU*724~
SVC*HC>87591*225*102.4*0306*1~
DTM*472*20211129~
CAS*CO*45*122.6~
REF*6R*DBSA0035569014-19~
AMT*B6*102.4~
SVC*HC>87491*210*102.4*0309*1~
DTM*472*20211129~
CAS*CO*45*107.6~
REF*6R*DBSA0035569014-20~
AMT*B6*102.4~
SVC*HC>84402*176*74.3*0309*1~
DTM*472*20211129~
CAS*CO*45*101.7~
REF*6R*DBSA0035569014-21~
AMT*B6*74.3~
SVC*HC>84270*113*57.56*0309*1~
DTM*472*20211129~
CAS*CO*45*55.44~
REF*6R*DBSA0035569014-22~
AMT*B6*57.56~
CLP*5006904526*1*679*49.63*4.9*13*EG36WZK4L0000*13*7~
NM1*QC*1*HRYN*GARRETT****MI*W000569729~
NM1*74*1**JOHN~
NM1*82*2*PENN HIGHLANDS DUBOIS*****XX*1144249657~
REF*1L*0868598-010-00003-RB~
REF*CE*Aetna Choice  POS II NET 02152~
DTM*232*20211015~
DTM*233*20211015~
DTM*050*20220117~
PER*CX**TE*8886323862~
AMT*AU*679~
SVC*HC>84478*60*0*0301*0**1~
DTM*472*20211015~
CAS*CO*151*60*1~
REF*6R*DBSA0035731888-1~
AMT*B6*16.79~
LQ*HE*N377~
LQ*HE*N362~
SVC*HC>83036*89*0*0301*0**1~
DTM*472*20211015~
CAS*CO*151*89*1~
REF*6R*DBSA0035731888-2~
AMT*B6*28.33~
LQ*HE*N377~
LQ*HE*N362~
SVC*HC>82570*40*13.59*0301*1~
DTM*472*20211015~
CAS*CO*45*24.9~
CAS*PR*2*1.51~
REF*6R*DBSA0035731888-3~
AMT*B6*15.1~
LQ*HE*N377~
SVC*HC>82043*75*0*0301*0**1~
DTM*472*20211015~
CAS*CO*151*75*1~
REF*6R*DBSA0035731888-4~
AMT*B6*16.87~
LQ*HE*N377~
LQ*HE*N362~
SVC*HC>86341>XU*155*0*0309*0**1~
DTM*472*20211015~
CAS*CO*151*155*1~
REF*6R*DBSA0035731888-5~
AMT*B6*57.72~
LQ*HE*N377~
LQ*HE*N362~
SVC*HC>86341*155*0*0309*0**1~
DTM*472*20211015~
CAS*CO*151*155*1~
REF*6R*DBSA0035731888-6~
AMT*B6*57.72~
LQ*HE*N377~
LQ*HE*N362~
SVC*HC>83519*105*36.04*0309*1~
DTM*472*20211015~
CAS*CO*45*65.57~
CAS*PR*2*3.39~
REF*6R*DBSA0035731888-7~
AMT*B6*39.43~
LQ*HE*N377~
CLP*5006356851*22*-3367.95*0**12*EKJMS7W470000*13*1~
NM1*QC*1*COLLINS*JENNIFER****MI*W248606148~
NM1*74*1**RYAN~
NM1*82*2*PENN HIGHLANDS DUBOIS*****XX*1144249657~
REF*1L*0285583-010-00001- A~
REF*CE*Open Choice NET 02151~
DTM*232*20210729~
DTM*233*20210729~
DTM*050*20210811~
PER*CX**TE*8886323862~
SVC*NU>0250*-2.8*0**0**2~
DTM*472*20210729~
CAS*CO*226*-2.8*2~
REF*6R*DBSA0034327418-7~
LQ*HE*N517~
SVC*NU>0250*-1*0**0**1~
DTM*472*20210729~
CAS*CO*226*-1*1~
REF*6R*DBSA0034327418-6~
LQ*HE*N517~
SVC*NU>0258*-6.25*0**0**1~
DTM*472*20210729~
CAS*CO*226*-6.25*1~
REF*6R*DBSA0034327418-2~
LQ*HE*N517~
SVC*NU>0258*-10.15*0**0**1~
DTM*472*20210729~
CAS*CO*226*-10.15*1~
REF*6R*DBSA0034327418-1~
LQ*HE*N517~
SVC*HC>96365*-497*0*0260*0**1~
DTM*472*20210729~
CAS*CO*226*-497*1~
REF*6R*DBSA0034327418-3~
LQ*HE*N517~
SVC*HC>Q0138>JG*-2666*0*0636*0**510~
DTM*472*20210729~
CAS*CO*226*-2666*510~
REF*6R*DBSA0034327418-4~
LQ*HE*N517~
SVC*HC>J3420*-20.75*0*0636*0**1~
DTM*472*20210729~
CAS*CO*226*-20.75*1~
REF*6R*DBSA0034327418-5~
LQ*HE*N517~
SVC*HC>96372>59*-164*0*0940*0**1~
DTM*472*20210729~
CAS*CO*226*-164*1~
REF*6R*DBSA0034327418-8~
LQ*HE*N517~
CLP*5006356851*1*3367.95*0*3367.95*12*EKJMS7W470001*13*1~
NM1*QC*1*COLLINS*JENNIFER****MI*W248606148~
NM1*74*1**RYAN~
NM1*82*2*PENN HIGHLANDS DUBOIS*****XX*1144249657~
REF*1L*0285583-010-00001- A~
REF*CE*Open Choice NET 02151~
REF*F8*EKJMS7W470000~
DTM*232*20210729~
DTM*233*20210729~
DTM*050*20211021~
PER*CX**TE*8886323862~
AMT*AU*3367.95~
SVC*NU>0250*2.8*0**0**2~
DTM*472*20210729~
CAS*PR*22*2.8*2~
REF*6R*DBSA0034327418-7~
AMT*B6*2.8~
LQ*HE*N4~
SVC*NU>0250*1*0**0**1~
DTM*472*20210729~
CAS*PR*22*1*1~
REF*6R*DBSA0034327418-6~
AMT*B6*1~
LQ*HE*N4~
SVC*NU>0258*6.25*0**0**1~
DTM*472*20210729~
CAS*PR*22*6.25*1~
REF*6R*DBSA0034327418-2~
AMT*B6*6.25~
LQ*HE*N4~
SVC*NU>0258*10.15*0**0**1~
DTM*472*20210729~
CAS*PR*22*10.15*1~
REF*6R*DBSA0034327418-1~
AMT*B6*10.15~
LQ*HE*N4~
SVC*HC>96365*497*0*0260*0**1~
DTM*472*20210729~
CAS*PR*22*497*1~
REF*6R*DBSA0034327418-3~
AMT*B6*497~
LQ*HE*N4~
SVC*HC>Q0138>JG*2666*0*0636*0**510~
DTM*472*20210729~
CAS*PR*22*2666*510~
REF*6R*DBSA0034327418-4~
AMT*B6*2666~
LQ*HE*N4~
SVC*HC>J3420*20.75*0*0636*0**1~
DTM*472*20210729~
CAS*PR*22*20.75*1~
REF*6R*DBSA0034327418-5~
AMT*B6*20.75~
LQ*HE*N4~
SVC*HC>96372>59*164*0*0940*0**1~
DTM*472*20210729~
CAS*PR*22*164*1~
REF*6R*DBSA0034327418-8~
AMT*B6*164~
LQ*HE*N4~
CLP*5006742062*1*4986.05*0**12*EX36TJNVD0000*13*1~
NM1*QC*1*WYMER*GERALD****MI*W232583075~
NM1*82*2*PENN HIGHLANDS DUBOIS*****XX*1144249657~
REF*1L*0285583-010-00001- A~
REF*CE*Open Choice NET 02151~
DTM*232*20211019~
DTM*233*20211019~
DTM*050*20211113~
PER*CX**TE*8886323862~
AMT*AU*4986.05~
SVC*NU>0259*25.05*0**0**3~
DTM*472*20211019~
CAS*PI*252*25.05*3~
REF*6R*DBSA0035300552-1~
AMT*B6*25.05~
LQ*HE*M127~
LQ*HE*N517~
SVC*NU>0270*2*0**0**1~
DTM*472*20211019~
CAS*PI*252*2*1~
REF*6R*DBSA0035300552-2~
AMT*B6*2~
LQ*HE*M127~
LQ*HE*N517~
SVC*NU>0272*2*0**0**1~
DTM*472*20211019~
CAS*PI*252*2*1~
REF*6R*DBSA0035300552-3~
AMT*B6*2~
LQ*HE*M127~
LQ*HE*N517~
SVC*NU>0272*10*0**0**1~
DTM*472*20211019~
CAS*PI*252*10*1~
REF*6R*DBSA0035300552-4~
AMT*B6*10~
LQ*HE*M127~
LQ*HE*N517~
SVC*NU>0272*2997*0**0**1~
DTM*472*20211019~
CAS*PI*252*2997*1~
REF*6R*DBSA0035300552-5~
AMT*B6*2997~
LQ*HE*M127~
LQ*HE*N517~
SVC*HC>64999*1950*0*0761*0**1~
DTM*472*20211019~
CAS*PI*252*1950*1~
REF*6R*DBSA0035300552-6~
AMT*B6*1950~
LQ*HE*M127~
LQ*HE*N517~
CLP*5006952546*1*9486.01*7198.56**13*EX36VF8QF0000*13*1~
NM1*QC*1*KUNTZ*ALICE****MI*W257573354~
NM1*82*2*PENN HIGHLANDS DUBOIS*****XX*1144249657~
MOA***MA15~
REF*1L*0876001-018-00001-IK~
REF*CE*Aetna Choice  POS II NET 02152~
DTM*232*20211223~
DTM*233*20211224~
DTM*050*20220107~
PER*CX**TE*8886323862~
AMT*AU*5162~
SVC*HC>99285>25*1365*1078.35*0450*1~
DTM*472*20211223~
CAS*CO*45*286.65~
REF*6R*DBSA0035836439-22~
AMT*B6*1078.35~
SVC*HC>G0378*240*189.6*0762*8~
DTM*472*20211224~
CAS*CO*45*50.4~
REF*6R*DBSA0035836439-26~
AMT*B6*189.6~
SVC*HC>G0378*30*23.7*0762*1~
DTM*472*20211223~
CAS*CO*45*6.3~
REF*6R*DBSA0035836439-25~
AMT*B6*23.7~
SVC*NU>0250*582.25*0**1~
DTM*472*20211224~
CAS*CO*97*582.25~
REF*6R*DBSA0035836439-23~
LQ*HE*N20~
SVC*HC>G1004*.01*0*0359*0**1~
DTM*472*20211224~
CAS*CO*16*.01*1~
REF*6R*DBSA0035836439-19~
LQ*HE*N20~
LQ*HE*N56~
SVC*HC>70450>ME*750*0*0351*1~
DTM*472*20211224~
CAS*CO*97*750~
REF*6R*DBSA0035836439-18~
LQ*HE*N20~
SVC*NU>0258*15.75*0**1~
DTM*472*20211224~
CAS*CO*97*15.75~
REF*6R*DBSA0035836439-1~
LQ*HE*N20~
SVC*NU>0272*29*0**1~
DTM*472*20211223~
CAS*CO*97*29~
REF*6R*DBSA0035836439-4~
LQ*HE*N20~
SVC*NU>0272*44*0**1~
DTM*472*20211223~
CAS*CO*97*44~
REF*6R*DBSA0035836439-5~
LQ*HE*N20~
SVC*HC>43239>XU*2500*5390.96*0750*1~
DTM*472*20211223~
CAS*OA*94*-2890.96~
REF*6R*DBSA0035836439-24~
AMT*B6*5390.96~
SVC*NU>0370*1050*0**1~
DTM*472*20211224~
CAS*CO*97*1050~
REF*6R*DBSA0035836439-20~
LQ*HE*N20~
SVC*HC>92610>GN*440*0*0440*1~
DTM*472*20211224~
CAS*CO*97*440~
REF*6R*DBSA0035836439-21~
LQ*HE*N20~
SVC*HC>96361>XU*650*0*0260*5~
DTM*472*20211224~
CAS*CO*97*650~
REF*6R*DBSA0035836439-2~
LQ*HE*N20~
SVC*HC>96360>XU*497*0*0260*1~
DTM*472*20211224~
CAS*CO*97*497~
REF*6R*DBSA0035836439-3~
LQ*HE*N20~
SVC*HC>71045*266*0*0324*1~
DTM*472*20211223~
CAS*CO*97*266~
REF*6R*DBSA0035836439-17~
LQ*HE*N20~
SVC*HC>88342*460*121.79*0310*1~
DTM*472*20211224~
CAS*CO*45*338.21~
REF*6R*DBSA0035836439-14~
AMT*B6*121.79~
SVC*HC>88305*189*131.39*0310*1~
DTM*472*20211224~
CAS*CO*45*57.61~
REF*6R*DBSA0035836439-16~
AMT*B6*131.39~
SVC*HC>88305>XS*378*262.77*0310*2~
DTM*472*20211224~
CAS*CO*45*115.23~
REF*6R*DBSA0035836439-15~
AMT*B6*262.77~
CLP*5006952546*1*626*200.95**13*EX36VF8QF0001*13*1~
NM1*QC*1*KUNTZ*ALICE****MI*W257573354~
NM1*82*2*PENN HIGHLANDS DUBOIS*****XX*1144249657~
MOA***MA15~
REF*1L*0876001-018-00001-IK~
REF*CE*Aetna Choice  POS II NET 02152~
DTM*232*20211223~
DTM*233*20211224~
DTM*050*20220107~
PER*CX**TE*8886323862~
AMT*AU*626~
SVC*HC>80053*141*30.84*0301*1~
DTM*472*20211223~
CAS*CO*45*110.16~
REF*6R*DBSA0035836439-6~
AMT*B6*30.84~
SVC*HC>80053*113*30.84*0301*1~
DTM*472*20211224~
CAS*CO*45*82.16~
REF*6R*DBSA0035836439-10~
AMT*B6*30.84~
SVC*HC>83735*44*19.55*0301*1~
DTM*472*20211224~
CAS*CO*45*24.45~
REF*6R*DBSA0035836439-9~
AMT*B6*19.55~
SVC*HC>84100*47*13.84*0301*1~
DTM*472*20211224~
CAS*CO*45*33.16~
REF*6R*DBSA0035836439-8~
AMT*B6*13.84~
SVC*HC>84443*116*49.03*0301*1~
DTM*472*20211224~
CAS*CO*45*66.97~
REF*6R*DBSA0035836439-7~
AMT*B6*49.03~
SVC*HC>85025*65*22.7*0305*1~
DTM*472*20211224~
CAS*CO*45*42.3~
REF*6R*DBSA0035836439-13~
AMT*B6*22.7~
SVC*HC>85610*35*11.45*0305*1~
DTM*472*20211224~
CAS*CO*45*23.55~
REF*6R*DBSA0035836439-12~
AMT*B6*11.45~
SVC*HC>85025*65*22.7*0305*1~
DTM*472*20211223~
CAS*CO*45*42.3~
REF*6R*DBSA0035836439-11~
AMT*B6*22.7~
CLP*5006902919*1*2453.55*1355.97*400*12*E2Y1VBRJZ0000*11*1**795*.1907~
NM1*QC*1*WEAVER*EMERY*E~
NM1*IL*1*WEAVER*REBECCA****MI*W265675300~
NM1*74*1**ANDREW~
NM1*82*2*PENN HIGHLANDS DUBOIS*****XX*1144249657~
REF*1L*0285583-010-00001- A~
REF*CE*Open Choice NET 02151~
DTM*232*20211122~
DTM*233*20211124~
DTM*050*20211229~
PER*CX**TE*8886323862~
AMT*AU*1562~
SVC*NU>0170*1562*1355.97**2~
DTM*150*20211122~
DTM*151*20211123~
CAS*OA*94*-193.97~
CAS*PR*1*400~
REF*6R*00000000001~
AMT*B6*1755.97~
SVC*NU>0250*98.55*0**2~
DTM*150*20211122~
DTM*151*20211124~
CAS*CO*97*98.55~
REF*6R*00000000002~
LQ*HE*N20~
SVC*NU>0300*389*0**3~
DTM*150*20211122~
DTM*151*20211124~
CAS*CO*97*389~
REF*6R*00000000003~
LQ*HE*N20~
SVC*NU>0301*97*0**2~
DTM*150*20211122~
DTM*151*20211124~
CAS*CO*97*97~
REF*6R*00000000004~
LQ*HE*N20~
SVC*NU>0309*82*0**2~
DTM*150*20211122~
DTM*151*20211124~
CAS*CO*97*82~
REF*6R*00000000005~
LQ*HE*N20~
SVC*NU>0920*225*0**2~
DTM*150*20211122~
DTM*151*20211124~
CAS*CO*97*225~
REF*6R*00000000006~
LQ*HE*N20~
CLP*5006946696*1*1292*0*1292*12*E336VHR3R0000*13*1~
NM1*QC*1*FARABAUGH*ROWE****MI*W233714042~
NM1*74*1**MITCHELL~
NM1*82*2*PENN HIGHLANDS DUBOIS*****XX*1144249657~
REF*1L*0285583-010-00001- A~
REF*CE*Open Choice NET 02151~
DTM*232*20211202~
DTM*233*20211223~
DTM*050*20220105~
PER*CX**TE*8886323862~
AMT*AU*1292~
SVC*HC>92507>GN*323*0*0440*0**1~
DTM*472*20211202~
CAS*PR*96*323*1~
REF*6R*DBSA0035814135-1~
AMT*B6*323~
LQ*HE*N130~
SVC*HC>92507>GN*323*0*0440*0**1~
DTM*472*20211209~
CAS*PR*96*323*1~
REF*6R*DBSA0035814135-2~
AMT*B6*323~
LQ*HE*N130~
SVC*HC>92507>GN*323*0*0440*0**1~
DTM*472*20211216~
CAS*PR*96*323*1~
REF*6R*DBSA0035814135-3~
AMT*B6*323~
LQ*HE*N130~
SVC*HC>92507>GN*323*0*0440*0**1~
DTM*472*20211223~
CAS*PR*96*323*1~
REF*6R*DBSA0035814135-4~
AMT*B6*323~
LQ*HE*N130~
CLP*5006902226*1*489*386.31**12*E7TXVBW6L0000*13*1~
NM1*QC*1*ARMAGOST*TRACY****MI*W232587049~
NM1*74*1**RICHARD~
NM1*82*2*PENN HIGHLANDS DUBOIS*****XX*1144249657~
REF*1L*0285583-010-00004- B~
REF*CE*Open Choice NET 02151~
DTM*232*20211213~
DTM*233*20211213~
DTM*050*20211224~
PER*CX**TE*8886323862~
AMT*AU*489~
SVC*HC>77067*355*280.45*0403*1~
DTM*472*20211213~
CAS*CO*45*74.55~
REF*6R*DBSA0035721205-1~
AMT*B6*280.45~
SVC*HC>77063*134*105.86*0403*1~
DTM*472*20211213~
CAS*CO*45*28.14~
REF*6R*DBSA0035721205-2~
AMT*B6*105.86~
CLP*5006945843*1*1545*998.62*20*12*E736VDQ590000*13*1~
NM1*QC*1*KRINER*LORI****MI*W232568138~
NM1*74*1**KEITH~
NM1*82*2*PENN HIGHLANDS DUBOIS*****XX*1144249657~
REF*1L*0285583-010-00004- B~
REF*CE*Open Choice NET 02151~
DTM*232*20211206~
DTM*233*20211227~
DTM*050*20220105~
PER*CX**TE*8886323862~
AMT*AU*105~
SVC*HC>97110>GO*126*0*0430*1~
DTM*472*20211206~
CAS*CO*97*126~
REF*6R*DBSA0035814400-1~
LQ*HE*N123~
LQ*HE*N20~
SVC*HC>97110>GO*126*0*0430*1~
DTM*472*20211206~
CAS*CO*97*126~
REF*6R*DBSA0035814400-1~
LQ*HE*N123~
LQ*HE*N20~
SVC*HC>97124>GO>CO*105*998.62*0430*1*HC>97124>CO>GO~
DTM*472*20211213~
CAS*OA*94*-913.62~
CAS*PR*3*20~
REF*6R*DBSA0035814400-2~
AMT*B6*1018.62~
SVC*HC>97110>GO>CO*252*0*0430*2*HC>97110>CO>GO~
DTM*472*20211213~
CAS*CO*97*252~
REF*6R*DBSA0035814400-3~
LQ*HE*N20~
SVC*HC>97035>GO>CO*74*0*0430*1*HC>97035>CO>GO~
DTM*472*20211213~
CAS*CO*97*74~
REF*6R*DBSA0035814400-4~
LQ*HE*N20~
SVC*HC>97124>GO>CO*105*0*0430*1*HC>97124>CO>GO~
DTM*472*20211216~
CAS*CO*97*105~
REF*6R*DBSA0035814400-5~
LQ*HE*N20~
SVC*HC>97110>GO>CO*252*0*0430*2*HC>97110>CO>GO~
DTM*472*20211216~
CAS*CO*97*252~
REF*6R*DBSA0035814400-6~
LQ*HE*N20~
SVC*HC>97035>GO>CO*74*0*0430*1*HC>97035>CO>GO~
DTM*472*20211216~
CAS*CO*97*74~
REF*6R*DBSA0035814400-7~
LQ*HE*N20~
SVC*HC>97124>GO>CO*105*0*0430*1*HC>97124>CO>GO~
DTM*472*20211227~
CAS*CO*97*105~
REF*6R*DBSA0035814400-8~
LQ*HE*N20~
SVC*HC>97110>GO>CO*252*0*0430*2*HC>97110>CO>GO~
DTM*472*20211227~
CAS*CO*97*252~
REF*6R*DBSA0035814400-9~
LQ*HE*N20~
SVC*HC>97035>GO>CO*74*0*0430*1*HC>97035>CO>GO~
DTM*472*20211227~
CAS*CO*97*74~
REF*6R*DBSA0035814400-10~
LQ*HE*N20~
CLP*5006923879*1*598*229.19*150.17*12*E9ACT6QH70000*13*1~
NM1*QC*1*SHAFFER*KELSEY*N***MI*W216640041~
NM1*74*1*MASSA*JOHN*C~
NM1*82*2*PENN HIGHLANDS DUBOIS*****XX*1144249657~
REF*1L*0285583-010-00004- B~
REF*CE*Open Choice NET 02151~
DTM*232*20211215~
DTM*233*20211215~
DTM*050*20211231~
PER*CX**TE*8886323862~
AMT*AU*598~
SVC*HC>81508*238*37.85*0309*1~
DTM*472*20211215~
CAS*CO*45*49.98~
CAS*PR*1*150.17~
REF*6R*DBSA0035773059-1~
AMT*B6*188.02~
SVC*HC>76813*360*191.34*0402*1~
DTM*472*20211215~
CAS*CO*45*168.66~
REF*6R*DBSA0035773059-2~
AMT*B6*191.34~
LX*3~
TS3*1528333887*21*20221231*1*81~
CLP*5006787668*1*81*0*81*13*EQTXV7RJN0000*21*1~
NM1*QC*1*STINER*DAVID****MI*W257573292~
NM1*82*1*MAWN*JOHN*P***XX*1144249657~
REF*1L*0876001-017-00001-HK~
REF*CE*Aetna Choice  POS II NET 02152~
DTM*232*20210705~
DTM*233*20210705~
DTM*050*20211130~
PER*CX**TE*8886323862~
AMT*AU*81~
SVC*HC>73700>26>LT*81*0**0**1~
DTM*472*20210705~
CAS*PR*227*81*1~
REF*6R*DBSA0035436827-1~
AMT*B6*81~
LQ*HE*MA04~
LQ*HE*N179~
LX*4~
TS3*1174524185*22*20221231*1*48~
CLP*5006918457*1*48*0**12*E7ACVC2J50000*22*1~
NM1*QC*1*SCHNEIDER*PEGGY****MI*W19733311501~
NM1*74*1******C*W197333115~
NM1*82*2*PENN HIGHLANDS DUBOIS HOSPITALISTS*****XX*1144249657~
REF*1L*0863815-010-00002-AI~
REF*CE*Aetna HealthFund  Open Choice  PPO NET 02151~
DTM*232*20211220~
DTM*233*20211220~
DTM*050*20220103~
PER*CX**TE*8886323862~
AMT*AU*48~
SVC*HC>77067>26*48*0**0**1~
DTM*472*20211220~
CAS*CO*45*48*1~
REF*6R*DBSA0035752008-1~
AMT*B6*48~
LX*5~
TS3*1295765030*21*20221231*1*40~
CLP*5006787672*1*40*0*40*13*EQTXV7RM20000*21*1~
NM1*QC*1*STINER*DAVID****MI*W257573292~
NM1*82*1*GRAECA*STEVEN*W***XX*1144249657~
REF*1L*0876001-017-00001-HK~
REF*CE*Aetna Choice  POS II NET 02152~
DTM*232*20210705~
DTM*233*20210705~
DTM*050*20211130~
PER*CX**TE*8886323862~
AMT*AU*40~
SVC*HC>93010*40*0**0**1~
DTM*472*20210705~
CAS*PR*227*40*1~
REF*6R*DBSA0035436828-1~
AMT*B6*40~
LQ*HE*MA04~
LQ*HE*N179~
LX*6~
TS3*1083721302*21*20221231*2*1151.4~
CLP*5006908161*1*513*430.21**12*EHPCWMGJ80000*21*1~
NM1*QC*1*WILLIAMS*ANTHONY****MI*W232582497~
NM1*74*1**DENISE~
NM1*82*1*MERULLI*DAVID*J***XX*1144249657~
MIA*0****MA15~
REF*1L*0285583-010-00001- A~
REF*CE*Open Choice NET 02151~
DTM*232*20211210~
DTM*233*20211210~
DTM*050*20211224~
PER*CX**TE*8886323862~
AMT*AU*513~
SVC*HC>00731>QX>QS>P2*513*430.21**101**45~
DTM*472*20211210~
CAS*PI*59*82.79~
REF*6R*DBSA0035733615-2~
AMT*B6*430.21~
CLP*5006908161*1*638.4*503.75**12*EHPCWMGJ80001*21*1~
NM1*QC*1*WILLIAMS*ANTHONY****MI*W232582497~
NM1*74*1**DENISE~
NM1*82*1*MERULLI*DAVID*J***XX*1144249657~
MIA*0****MA15~
REF*1L*0285583-010-00001- A~
REF*CE*Open Choice NET 02151~
DTM*232*20211214~
DTM*233*20211214~
DTM*050*20211224~
PER*CX**TE*8886323862~
AMT*AU*638.4~
SVC*HC>00813>QX>QS>P4*638.4*503.75**101**56~
DTM*472*20211214~
CAS*PI*59*134.65~
REF*6R*DBSA0035733615-1~
AMT*B6*503.75~
LX*7~
TS3*1144249657*21*20221231*4*8694~
CLP*5006884841*1*4450*3588.58**12*E9JCT56ZB0000*21~
NM1*QC*1*SMITH*EVIE~
NM1*IL*1*SMITH*ADDISON****MI*W215711429~
NM1*74*1*LESEMAN*CHARLES~
NM1*82*1*HASSAN*MOHAMED*I***XX*1629187844~
REF*1L*0285583-010-00001- A~
REF*CE*Open Choice NET 02151~
DTM*232*20211110~
DTM*233*20211115~
DTM*050*20220104~
PER*CX**TE*8886323862~
AMT*AU*4450~
SVC*HC>99468*1487*1226.74**1~
DTM*472*20211110~
CAS*CO*45*260.26~
REF*6R*00000000001~
AMT*B6*1226.74~
SVC*HC>99469*675*548.39**1~
DTM*472*20211111~
CAS*CO*45*126.61~
REF*6R*00000000002~
AMT*B6*548.39~
SVC*HC>99469*675*548.39**1~
DTM*472*20211112~
CAS*CO*45*126.61~
REF*6R*00000000003~
AMT*B6*548.39~
SVC*HC>99469*675*548.39**1~
DTM*472*20211113~
CAS*CO*45*126.61~
REF*6R*00000000004~
AMT*B6*548.39~
SVC*HC>99469*675*548.39**1~
DTM*472*20211114~
CAS*CO*45*126.61~
REF*6R*00000000005~
AMT*B6*548.39~
SVC*HC>99479*263*168.28**1~
DTM*472*20211115~
CAS*CO*45*94.72~
REF*6R*00000000006~
AMT*B6*168.28~
CLP*5006884841*1*1578*1009.68**12*E9JCT56ZB0001*21~
NM1*QC*1*SMITH*EVIE~
NM1*IL*1*SMITH*ADDISON****MI*W215711429~
NM1*74*1*LESEMAN*CHARLES~
NM1*82*1*HASSAN*MOHAMED*I***XX*1629187844~
REF*1L*0285583-010-00001- A~
REF*CE*Open Choice NET 02151~
DTM*232*20211116~
DTM*233*20211121~
DTM*050*20220104~
PER*CX**TE*8886323862~
AMT*AU*1578~
SVC*HC>99479*263*168.28**1~
DTM*472*20211116~
CAS*CO*45*94.72~
REF*6R*00000000007~
AMT*B6*168.28~
SVC*HC>99479*263*168.28**1~
DTM*472*20211117~
CAS*CO*45*94.72~
REF*6R*00000000008~
AMT*B6*168.28~
SVC*HC>99479*263*168.28**1~
DTM*472*20211118~
CAS*CO*45*94.72~
REF*6R*00000000009~
AMT*B6*168.28~
SVC*HC>99479*263*168.28**1~
DTM*472*20211119~
CAS*CO*45*94.72~
REF*6R*00000000010~
AMT*B6*168.28~
SVC*HC>99479*263*168.28**1~
DTM*472*20211120~
CAS*CO*45*94.72~
REF*6R*00000000011~
AMT*B6*168.28~
SVC*HC>99479*263*168.28**1~
DTM*472*20211121~
CAS*CO*45*94.72~
REF*6R*00000000012~
AMT*B6*168.28~
CLP*5006884841*1*1578*1009.68**12*E9JCT56ZB0002*21~
NM1*QC*1*SMITH*EVIE~
NM1*IL*1*SMITH*ADDISON****MI*W215711429~
NM1*74*1*LESEMAN*CHARLES~
NM1*82*1*HASSAN*MOHAMED*I***XX*1629187844~
REF*1L*0285583-010-00001- A~
REF*CE*Open Choice NET 02151~
DTM*232*20211122~
DTM*233*20211127~
DTM*050*20220104~
PER*CX**TE*8886323862~
AMT*AU*1578~
SVC*HC>99479*263*168.28**1~
DTM*472*20211122~
CAS*CO*45*94.72~
REF*6R*00000000013~
AMT*B6*168.28~
SVC*HC>99479*263*168.28**1~
DTM*472*20211123~
CAS*CO*45*94.72~
REF*6R*00000000014~
AMT*B6*168.28~
SVC*HC>99479*263*168.28**1~
DTM*472*20211124~
CAS*CO*45*94.72~
REF*6R*00000000015~
AMT*B6*168.28~
SVC*HC>99479*263*168.28**1~
DTM*472*20211125~
CAS*CO*45*94.72~
REF*6R*00000000016~
AMT*B6*168.28~
SVC*HC>99479*263*168.28**1~
DTM*472*20211126~
CAS*CO*45*94.72~
REF*6R*00000000017~
AMT*B6*168.28~
SVC*HC>99479*263*168.28**1~
DTM*472*20211127~
CAS*CO*45*94.72~
REF*6R*00000000018~
AMT*B6*168.28~
CLP*5006884841*1*1088*846.93**12*E9JCT56ZB0003*21~
NM1*QC*1*SMITH*EVIE~
NM1*IL*1*SMITH*ADDISON****MI*W215711429~
NM1*74*1*LESEMAN*CHARLES~
NM1*82*1*HASSAN*MOHAMED*I***XX*1629187844~
REF*1L*0285583-010-00001- A~
REF*CE*Open Choice NET 02151~
DTM*232*20211128~
DTM*233*20211203~
DTM*050*20220104~
PER*CX**TE*8886323862~
AMT*AU*1088~
SVC*HC>99479*263*168.28**1~
DTM*472*20211128~
CAS*CO*45*94.72~
REF*6R*00000000019~
AMT*B6*168.28~
SVC*HC>99233*165*135.73**1~
DTM*472*20211129~
CAS*CO*45*29.27~
REF*6R*00000000020~
AMT*B6*135.73~
SVC*HC>99233*165*135.73**1~
DTM*472*20211130~
CAS*CO*45*29.27~
REF*6R*00000000021~
AMT*B6*135.73~
SVC*HC>99233*165*135.73**1~
DTM*472*20211201~
CAS*CO*45*29.27~
REF*6R*00000000022~
AMT*B6*135.73~
SVC*HC>99233*165*135.73**1~
DTM*472*20211202~
CAS*CO*45*29.27~
REF*6R*00000000023~
AMT*B6*135.73~
SVC*HC>99233*165*135.73**1~
DTM*472*20211203~
CAS*CO*45*29.27~
REF*6R*00000000024~
AMT*B6*135.73~
LX*8~
TS3*1689655888*21*20221231*1*67~
CLP*5006787658*1*67*0*67*13*ER58V7SDR0000*21*1~
NM1*QC*1*STINER*DAVID****MI*W257573292~
NM1*82*1*BROWN*TERRY*T***XX*1144249657~
REF*1L*0876001-017-00001-HK~
REF*CE*Aetna Choice  POS II NET 02152~
DTM*232*20210705~
DTM*233*20210705~
DTM*050*20211130~
PER*CX**TE*8886323862~
AMT*AU*67~
SVC*HC>73564>26>LT*20*0**0**1~
DTM*472*20210705~
CAS*PR*227*20*1~
REF*6R*DBSA0035448469-1~
AMT*B6*20~
LQ*HE*MA04~
LQ*HE*N179~
SVC*HC>73502>26>LT*19*0**0**1~
DTM*472*20210705~
CAS*PR*227*19*1~
REF*6R*DBSA0035448469-2~
AMT*B6*19~
LQ*HE*MA04~
LQ*HE*N179~
SVC*HC>73080>26>LT*14*0**0**1~
DTM*472*20210705~
CAS*PR*227*14*1~
REF*6R*DBSA0035448469-3~
AMT*B6*14~
LQ*HE*MA04~
LQ*HE*N179~
SVC*HC>71045>26*14*0**0**1~
DTM*472*20210705~
CAS*PR*227*14*1~
REF*6R*DBSA0035448469-4~
AMT*B6*14~
LQ*HE*MA04~
LQ*HE*N179~
LX*9~
TS3*1528363108*22*20221231*2*176~
CLP*5006932427*1*88*81.26**12*EQJMWTKXM0000*22*1~
NM1*QC*1*EHRENSBERGER*ROSE ANNA****MI*W197439712~
NM1*74*1**ROSE~
NM1*82*1*IORFIDO*SUZANNE*M***XX*1144249657~
REF*1L*0863815-010-00002- D~
REF*CE*Aetna HealthFund  Open Choice  PPO NET 02151~
DTM*232*20211227~
DTM*233*20211227~
DTM*050*20211231~
PER*CX**TE*8886323862~
AMT*AU*88~
SVC*HC>77067>26*48*48**1~
DTM*472*20211227~
REF*6R*DBSA0035788244-1~
AMT*B6*48~
SVC*HC>77063>26*40*33.26**1~
DTM*472*20211227~
CAS*CO*45*6.74~
REF*6R*DBSA0035788244-2~
AMT*B6*33.26~
CLP*5006949645*1*88*33.26**12*EQ36WTDW70000*22*1~
NM1*QC*1*NESBIT*PATRICIA*J~
NM1*IL*1*NESBIT*DAVID*J***MI*W232436340~
NM1*82*1*IORFIDO*SUZANNE*M***XX*1144249657~
REF*1L*0285583-010-00004- B~
REF*CE*Open Choice NET 02151~
DTM*232*20211213~
DTM*233*20211213~
DTM*050*20220106~
PER*CX**TE*8886323862~
AMT*AU*40~
SVC*HC>77067>26*40*33.26**1*HC>77063>26~
DTM*472*20211213~
CAS*CO*45*6.74~
REF*6R*DBSA0035828217-2~
AMT*B6*33.26~
SVC*HC>77067>26*48*0**0**1~
DTM*472*20211213~
CAS*OA*18*48*1~
REF*6R*DBSA0035828217-1~
LX*10~
TS3*1144249657*11*20221231*1*-679~
CLP*5006671389*22*-679*-169.34**13*EMTXVMHF60000*13*1~
NM1*QC*1*HRYN*GARRETT****MI*W000569729~
NM1*74*1**JOHN~
NM1*82*2*PENN HIGHLANDS DUBOIS*****XX*1144249657~
REF*1L*0868598-010-00003-RB~
REF*CE*Aetna Choice  POS II NET 02152~
DTM*232*20211015~
DTM*233*20211015~
DTM*050*20211028~
PER*CX**TE*8886323862~
SVC*HC>86341*-155*-57.72*0309*1~
DTM*472*20211015~
CAS*CO*45*-97.28~
REF*6R*DBSA0035102655-5~
LQ*HE*N694~
LQ*HE*N123~
SVC*HC>86341*-155*0*0309*0**1~
DTM*472*20211015~
CAS*CO*151*-155*1~
REF*6R*DBSA0035102655-5~
LQ*HE*N694~
LQ*HE*N123~
LQ*HE*N362~
SVC*HC>82043*-75*-15.18*0301*1~
DTM*472*20211015~
CAS*CO*45*-58.13~
CAS*PR*2*-1.69~
REF*6R*DBSA0035102655-4~
SVC*HC>82570*-40*-13.59*0301*1~
DTM*472*20211015~
CAS*CO*45*-24.9~
CAS*PR*2*-1.51~
REF*6R*DBSA0035102655-3~
SVC*HC>83036*-89*-26.63*0301*1~
DTM*472*20211015~
CAS*CO*45*-60.67~
CAS*PR*2*-1.7~
REF*6R*DBSA0035102655-2~
SVC*HC>84478*-60*-16.79*0301*1~
DTM*472*20211015~
CAS*CO*45*-43.21~
REF*6R*DBSA0035102655-1~
SVC*HC>83519*-105*-39.43*0309*1~
DTM*472*20211015~
CAS*CO*45*-65.57~
REF*6R*DBSA0035102655-6~
PLB*1144249657*20221231*WO>EMTXVMHF60000-5006671389-2021-10-15*169.34*CS>EMTXVMHF60000-5006671389-2021-10-15*-169.34*WO>ERNRQ2PK40000-5005971380-2021-03-30*90.68*CS>ERNRQ2PK40000-5005971380-2021-03-30*-90.68*WO>ER58PP6X90000-5005762451-2021-01-14*97.1*CS>ER58PP6X90000-5005762451-2021-01-14*-97.1~
SE*1200*0498~
ST*835*0499~
BPR*H*0*C*NON************20220119~
TRN*1*922019000288860*1066033492~
REF*EV*XXXXXXXXXXXXXXXXXXXXXXXXXXXXXX~
DTM*405*20220119~
N1*PR*AETNA~
N3*151 FARMINGTON AVENUE~
N4*HARTFORD*CT*06156~
REF*2U*60054~
PER*BL*Provider Service~
N1*PE*DUBOIS REGIONAL MEDICAL CENTER*XX*1245341387~
N3*100 HOSPITAL AVE~
N4*DU BOIS*PA*158011440~
REF*PQ*378318690~
REF*TJ*251490707~
LX*1~
TS3*1912915554*11*20221231*1*214~
CLP*G3771448-01*1*214*0*214*13*EFFCV7XGJ0000*02*1~
NM1*QC*1*MILLER*JENNIFER*L***MI*W266253043~
NM1*82*1*RAJAN*SARVESH****XX*1245341387~
REF*1L*0868697-019-00058-AH~
REF*CE*Aetna Open Access  Managed Choice NET 02152~
DTM*232*20211112~
DTM*233*20211112~
DTM*050*20211130~
PER*CX**TE*8886323862~
AMT*AU*214~
SVC*HC>99214>95*214*0**0**1~
DTM*472*20211112~
CAS*PR*227*214*1~
REF*6R*8846204~
AMT*B6*214~
LQ*HE*MA04~
LQ*HE*N179~
SE*35*0499~
ST*835*0500~
BPR*I*4955.69*C*ACH*CCP*01*011900445*DA*0000009046*1066033492**01*043000096*DA*1136648396*20220124~
TRN*1*822019000288861*1066033492~
REF*EV*XXXXXXXXXXXXXXXXXXXXXXXXXXXXXX~
DTM*405*20220119~
N1*PR*AETNA~
N3*151 FARMINGTON AVENUE~
N4*HARTFORD*CT*06156~
REF*2U*60054~
PER*BL*Provider Service~
N1*PE*DUBOIS REGIONAL MEDICAL CENTER*XX*1316537228~
N3*100 HOSPITAL AVE~
N4*DUBOIS*PA*158011440~
REF*PQ*378318690~
REF*TJ*251490707~
LX*1~
TS3*1316537228*22*20221231*3*7394.45~
CLP*5006930266*1*4209.45*2903.14**12*EV36VGT930000*13*1~
NM1*QC*1*WRIGLESWORTH*RUSSELL****MI*W232422231~
NM1*74*1**JANET~
NM1*82*2*PENN HIGHLANDS CLEARFIELD, A CAMPUS OF PENN*****XX*1316537228~
MOA***MA15~
REF*1L*0285583-010-00001- A~
REF*CE*Open Choice NET 02151~
DTM*232*20211220~
DTM*233*20211220~
DTM*050*20220104~
PER*CX**TE*8886323862~
AMT*AU*3794~
SVC*HC>26320>FA*3794*2903.14*0360*1~
DTM*472*20211220~
CAS*CO*45*890.86~
REF*6R*DBSA0035796155-15~
AMT*B6*2903.14~
SVC*HC>J3010*5*0*0636*1~
DTM*472*20211220~
CAS*CO*97*5~
REF*6R*DBSA0035796155-17~
LQ*HE*N20~
SVC*HC>J2704*36*0*0636*40~
DTM*472*20211220~
CAS*CO*97*36~
REF*6R*DBSA0035796155-18~
LQ*HE*N20~
SVC*HC>J2405*5*0*0636*4~
DTM*472*20211220~
CAS*CO*97*5~
REF*6R*DBSA0035796155-19~
LQ*HE*N20~
SVC*HC>J2250*6*0*0636*2~
DTM*472*20211220~
CAS*CO*97*6~
REF*6R*DBSA0035796155-20~
LQ*HE*N20~
SVC*HC>J1885*7.9*0*0636*1~
DTM*472*20211220~
CAS*CO*97*7.9~
REF*6R*DBSA0035796155-21~
LQ*HE*N20~
SVC*HC>J1100*5*0*0636*4~
DTM*472*20211220~
CAS*CO*97*5~
REF*6R*DBSA0035796155-22~
LQ*HE*N20~
SVC*NU>0259*11*0**2~
DTM*472*20211220~
CAS*CO*97*11~
REF*6R*DBSA0035796155-3~
LQ*HE*N20~
SVC*NU>0259*95.25*0**1~
DTM*472*20211220~
CAS*CO*97*95.25~
REF*6R*DBSA0035796155-4~
LQ*HE*N20~
SVC*NU>0259*26.25*0**1~
DTM*472*20211220~
CAS*CO*97*26.25~
REF*6R*DBSA0035796155-5~
LQ*HE*N20~
SVC*NU>0259*15.3*0**2~
DTM*472*20211220~
CAS*CO*97*15.3~
REF*6R*DBSA0035796155-6~
LQ*HE*N20~
SVC*NU>0259*11.25*0**1~
DTM*472*20211220~
CAS*CO*97*11.25~
REF*6R*DBSA0035796155-7~
LQ*HE*N20~
SVC*NU>0259*51.95*0**1~
DTM*472*20211220~
CAS*CO*97*51.95~
REF*6R*DBSA0035796155-8~
LQ*HE*N20~
SVC*NU>0250*27.55*0**1~
DTM*472*20211220~
CAS*CO*97*27.55~
REF*6R*DBSA0035796155-1~
LQ*HE*N20~
SVC*NU>0250*2*0**2~
DTM*472*20211220~
CAS*CO*97*2~
REF*6R*DBSA0035796155-2~
LQ*HE*N20~
SVC*HC>A6449*2*0*0272*0**1~
DTM*472*20211220~
CAS*CO*97*2*2~
REF*6R*DBSA0035796155-11~
LQ*HE*N19~
LQ*HE*N20~
SVC*NU>0272*6*0**2~
DTM*472*20211220~
CAS*CO*97*6~
REF*6R*DBSA0035796155-12~
LQ*HE*N20~
SVC*NU>0272*102*0**3~
DTM*472*20211220~
CAS*CO*97*102~
REF*6R*DBSA0035796155-13~
LQ*HE*N20~
CLP*5006930266*1*2517*1733.28**12*EV36VGT930001*13*1~
NM1*QC*1*WRIGLESWORTH*RUSSELL****MI*W232422231~
NM1*74*1**JANET~
NM1*82*2*PENN HIGHLANDS CLEARFIELD, A CAMPUS OF PENN*****XX*1316537228~
MOA***MA15~
REF*1L*0285583-010-00001- A~
REF*CE*Open Choice NET 02151~
DTM*232*20211220~
DTM*233*20211220~
DTM*050*20220104~
PER*CX**TE*8886323862~
AMT*AU*60~
SVC*HC>A4565*5*0*0270*0**1~
DTM*472*20211220~
CAS*CO*97*5*1~
REF*6R*DBSA0035796155-9~
AMT*B6*5~
LQ*HE*N19~
SVC*NU>0270*55*1733.28**1~
DTM*472*20211220~
CAS*OA*94*-1678.28~
REF*6R*DBSA0035796155-10~
AMT*B6*1733.28~
SVC*NU>0370*1442*0**1~
DTM*472*20211220~
CAS*CO*97*1442~
REF*6R*DBSA0035796155-16~
LQ*HE*N20~
SVC*NU>0710*900*0**1~
DTM*472*20211220~
CAS*CO*97*900~
REF*6R*DBSA0035796155-23~
LQ*HE*N20~
SVC*HC>73140>LT*115*0*0320*1~
DTM*472*20211220~
CAS*CO*97*115~
REF*6R*DBSA0035796155-14~
LQ*HE*N20~
CLP*5006934504*1*668*319.27**12*EYY1VC2HQ0000*13*1~
NM1*QC*1*RODKEY*MARSHA****MI*W232602295~
NM1*74*1**DEAN~
NM1*82*2*PENN HIGHLANDS CLEARFIELD, A CAMPUS OF PENN*****XX*1316537228~
REF*1L*0285583-010-00001- A~
REF*CE*Open Choice NET 02151~
DTM*232*20211228~
DTM*233*20211228~
DTM*050*20220104~
PER*CX**TE*8886323862~
AMT*AU*668~
SVC*HC>77080*313*74.32*0320*1~
DTM*472*20211228~
CAS*CO*45*238.68~
REF*6R*DBSA0035796897-1~
AMT*B6*74.32~
SVC*HC>77067*355*244.95*0403*1~
DTM*472*20211228~
CAS*CO*45*110.05~
REF*6R*DBSA0035796897-2~
AMT*B6*244.95~
SE*180*0500~
ST*835*0501~
BPR*H*0*C*NON************20220119~
TRN*1*922019000288866*1066033492~
REF*EV*XXXXXXXXXXXXXXXXXXXXXXXXXXXXXX~
DTM*405*20220119~
N1*PR*AETNA~
N3*151 FARMINGTON AVENUE~
N4*HARTFORD*CT*06156~
REF*2U*60054~
PER*BL*Provider Service~
N1*PE*DUBOIS REGIONAL MEDICAL CENTER*XX*1457809840~
N3*100 HOSPITAL AVE~
N4*DUBOIS*PA*158011440~
REF*PQ*378318690~
REF*TJ*251490707~
LX*1~
TS3*1851644637*22*20221231*2*0~
CLP*G3474456-01*22*-778*-297.59**12*ER58PWQF70000*22*1~
NM1*QC*1*ECKERT*MARK*A***MI*W232407874~
NM1*82*1*VOLLMER*TIMOTHY*W***XX*1457809840~
REF*G1*058265551~
REF*1L*0285583-010-00004- B~
REF*CE*Open Choice NET 02151~
DTM*232*20210209~
DTM*233*20210209~
DTM*050*20210213~
PER*CX**TE*8886323862~
SVC*HC>27096>RT*-389*-198.39**1~
DTM*472*20210209~
CAS*CO*45*-190.61~
REF*6R*7735246~
SVC*HC>27096>LT*-389*-99.2**1~
DTM*472*20210209~
CAS*PI*59*-289.8~
REF*6R*7735247~
CLP*G3474456-01*1*778*161.66**12*ER58PWQF70001*22*1~
NM1*QC*1*ECKERT*MARK*A***MI*W232407874~
NM1*82*1*VOLLMER*TIMOTHY*W***XX*1457809840~
REF*G1*058265551~
REF*1L*0285583-010-00004- B~
REF*CE*Open Choice NET 02151~
REF*F8*ER58PWQF70000~
DTM*232*20210209~
DTM*233*20210209~
DTM*050*20210213~
PER*CX**TE*8886323862~
AMT*AU*778~
SVC*HC>27096>RT*389*107.77**1~
DTM*472*20210209~
CAS*CO*45*281.23~
REF*6R*7735246~
AMT*B6*107.77~
SVC*HC>27096>LT*389*53.89**1~
DTM*472*20210209~
CAS*PI*59*335.11~
REF*6R*7735247~
AMT*B6*53.89~
PLB*1457809840*20221231*FB>922019000288866*-135.93~
SE*59*0501~
ST*835*0502~
BPR*H*0*C*NON************20220119~
TRN*1*922019000288864*1066033492~
REF*EV*XXXXXXXXXXXXXXXXXXXXXXXXXXXXXX~
DTM*405*20220119~
N1*PR*AETNA~
N3*151 FARMINGTON AVENUE~
N4*HARTFORD*CT*06156~
REF*2U*60054~
PER*BL*Provider Service~
N1*PE*DUBOIS REGIONAL MEDICAL CENTER*XX*1477657195~
N3*100 HOSPITAL AVE~
N4*DUBOIS*PA*158011440~
REF*PQ*378318690~
REF*TJ*251490707~
LX*1~
TS3*1659470748*11*20221231*2*0~
CLP*G3449228-01*22*-525*-177.75**12*EKJMPJD280000*11*1~
CAS*PI*100*-45~
NM1*QC*1*ROWLES*GARY*L***MI*W232585337~
NM1*82*1*CHANG*JOSEPH*F***XX*1477657195~
REF*1L*0285583-010-00001- A~
REF*CE*Open Choice NET 02151~
DTM*232*20210119~
DTM*233*20210119~
DTM*050*20210128~
PER*CX**TE*8886323862~
SVC*HC>99214>25*-190*-51.9**1~
DTM*472*20210119~
CAS*CO*45*-93.1~
CAS*PR*3*-45~
REF*6R*7685246~
SVC*HC>51798*-100*-51**1~
DTM*472*20210119~
CAS*CO*45*-49~
REF*6R*7685247~
SVC*HC>51741>26*-235*-119.85**1~
DTM*472*20210119~
CAS*CO*45*-115.15~
REF*6R*7685248~
CLP*G3449228-01*1*525*84.41*45*12*EKJMPJD280001*11*1~
CAS*OA*23*45~
NM1*QC*1*ROWLES*GARY*L***MI*W232585337~
NM1*82*1*CHANG*JOSEPH*F***XX*1477657195~
REF*1L*0285583-010-00001- A~
REF*CE*Open Choice NET 02151~
REF*F8*EKJMPJD280000~
DTM*232*20210119~
DTM*233*20210119~
DTM*050*20210128~
PER*CX**TE*8886323862~
AMT*F5*90~
AMT*AU*525~
SVC*HC>99214>25*190*89.69**1~
DTM*472*20210119~
CAS*CO*45*55.31~
CAS*PR*3*45~
REF*6R*7685246~
AMT*B6*134.69~
SVC*HC>51798*100*23.9**1~
DTM*472*20210119~
CAS*CO*45*76.1~
REF*6R*7685247~
AMT*B6*23.9~
SVC*HC>51741>26*235*15.82**1~
DTM*472*20210119~
CAS*CO*45*219.18~
REF*6R*7685248~
AMT*B6*15.82~
PLB*1477657195*20221231*FB>922019000288864*-93.34~
SE*71*0502~
ST*835*0503~
BPR*H*0*C*NON************20220119~
TRN*1*922019000288868*1066033492~
REF*EV*XXXXXXXXXXXXXXXXXXXXXXXXXXXXXX~
DTM*405*20220119~
N1*PR*AETNA~
N3*151 FARMINGTON AVENUE~
N4*HARTFORD*CT*06156~
REF*2U*60054~
PER*BL*Provider Service~
N1*PE*DUBOIS REGIONAL MEDICAL CENTER*XX*1508017286~
N3*100 HOSPITAL AVE~
N4*DU BOIS*PA*158011440~
REF*PQ*378318690~
REF*TJ*251490707~
LX*1~
TS3*1710178439*11*20221231*2*0~
CLP*G3514552-01*22*-1150*-586.5**12*EQTXQVPD40000*11*1~
NM1*QC*1*STOTISH*CHRISTOPHER*M***MI*W232411339~
NM1*82*1*BISBEY*RYAN*J***XX*1508017286~
REF*1L*0285583-010-00004- B~
REF*CE*Open Choice NET 02151~
DTM*232*20210322~
DTM*233*20210322~
DTM*050*20210330~
PER*CX**TE*8886323862~
SVC*HC>65855>LT*-1150*-586.5**1~
DTM*472*20210322~
CAS*CO*45*-563.5~
REF*6R*7869950~
CLP*G3514552-01*1*1150*436.15**12*EQTXQVPD40001*11*1~
NM1*QC*1*STOTISH*CHRISTOPHER*M***MI*W232411339~
NM1*82*1*BISBEY*RYAN*J***XX*1508017286~
REF*1L*0285583-010-00004- B~
REF*CE*Open Choice NET 02151~
REF*F8*EQTXQVPD40000~
DTM*232*20210322~
DTM*233*20210322~
DTM*050*20210330~
PER*CX**TE*8886323862~
AMT*AU*1150~
SVC*HC>65855>LT*1150*436.15**1~
DTM*472*20210322~
CAS*CO*45*713.85~
REF*6R*7869950~
AMT*B6*436.15~
PLB*1508017286*20221231*FB>922019000288868*-150.35~
SE*48*0503~
ST*835*0507~
BPR*H*0*C*NON************20220119~
TRN*1*922019000288870*1066033492~
REF*EV*XXXXXXXXXXXXXXXXXXXXXXXXXXXXXX~
DTM*405*20220119~
N1*PR*AETNA~
N3*151 FARMINGTON AVENUE~
N4*HARTFORD*CT*06156~
REF*2U*60054~
PER*BL*Provider Service~
N1*PE*DUBOIS REGIONAL MEDICAL CENTER*XX*1801994652~
N3*100 HOSPITAL AVE~
N4*DUBOIS*PA*158011440~
REF*PQ*378318690~
REF*TJ*251490707~
LX*1~
TS3*1215487509*22*20221231*2*0~
CLP*G3468659-01*22*-2027*0**12*EWY1NF5940000*22*1~
NM1*QC*1*SHUTTLEWORTH*JAMES*A***MI*W232613201~
NM1*82*1*KARALIS*CHRISTOS****XX*1801994652~
REF*1L*0285583-010-00001- A~
REF*CE*Open Choice NET 02151~
DTM*232*20210114~
DTM*233*20210114~
DTM*050*20210209~
PER*CX**TE*8886323862~
SVC*HC>45385>33*-1052*0**1~
DTM*472*20210114~
CAS*PR*119*-1052~
REF*6R*7719637~
LQ*HE*N130~
SVC*HC>45380>XS>33*-975*0**0**1~
DTM*472*20210114~
CAS*CO*97*-975*1~
REF*6R*7719638~
LQ*HE*N19~
CLP*G3468659-01*1*2027*0*2027*12*EWY1NF5940001*22*1~
NM1*QC*1*SHUTTLEWORTH*JAMES*A***MI*W232613201~
NM1*82*1*KARALIS*CHRISTOS****XX*1801994652~
REF*1L*0285583-010-00001- A~
REF*CE*Open Choice NET 02151~
REF*F8*EWY1NF5940000~
DTM*232*20210114~
DTM*233*20210114~
DTM*050*20210209~
PER*CX**TE*8886323862~
AMT*AU*2027~
SVC*HC>45385>33*1052*0**0**1~
DTM*472*20210114~
CAS*PR*96*1052*1~
REF*6R*7719637~
AMT*B6*240.57~
LQ*HE*N130~
SVC*HC>45380>XS>33*975*0**0**1~
DTM*472*20210114~
CAS*PR*96*975*1~
REF*6R*7719638~
AMT*B6*95.2~
LQ*HE*N130~
SE*60*0507~
ST*835*0509~
BPR*I*100*C*ACH*CCP*01*011900445*DA*0000009046*1066033492**01*043000096*DA*1136648396*20220124~
TRN*1*822019000288871*1066033492~
REF*EV*XXXXXXXXXXXXXXXXXXXXXXXXXXXXXX~
DTM*405*20220119~
N1*PR*AETNA~
N3*151 FARMINGTON AVENUE~
N4*HARTFORD*CT*06156~
REF*2U*60054~
PER*BL*Provider Service~
N1*PE*DUBOIS REGIONAL MEDICAL CENTER*XX*1932464039~
N3*100 HOSPITAL AVE~
N4*DUBOIS*PA*158011440~
REF*PQ*378318690~
REF*TJ*251490707~
LX*1~
TS3*1881794089*22*20221231*1*100~
CLP*5006885026*1*100*100**15*EZJMVDQLX0000*22*1~
NM1*QC*1*SMITH*LYNN****MI*6F13W06QY00~
NM1*74*1**L****C*W204652359~
NM1*82*1*LEVIN*JEAN*E***XX*1932464039~
REF*1L*0865289-044-00001-RA~
REF*CE*Traditional Choice NET 02151~
DTM*232*20211206~
DTM*233*20211206~
DTM*050*20220105~
PER*CX**TE*8886323862~
AMT*AU*100~
SVC*HC>99214*100*100**1~
DTM*472*20211206~
REF*6R*DBSA0035675196-1~
AMT*B6*100~
SE*33*0509~
ST*835*0511~
BPR*H*0*C*NON************20220119~
TRN*1*922019000288878*1066033492~
REF*EV*XXXXXXXXXXXXXXXXXXXXXXXXXXXXXX~
DTM*405*20220119~
N1*PR*AETNA~
N3*151 FARMINGTON AVENUE~
N4*HARTFORD*CT*06156~
REF*2U*60054~
PER*BL*Provider Service~
N1*PE*DUBOIS REGIONAL MEDICAL CENTER*XX*1962421941~
N3*100 HOSPITAL AVE~
N4*DU BOIS*PA*158011440~
REF*PQ*378318690~
REF*TJ*251490707~
LX*1~
TS3*1962421941*21*20221231*1*60841.46~
CLP*5006798409*1*60841.46*0*60841.46*13*ERWZV3Z660000*11*1**885*1.2394~
NM1*QC*1*WALKER*KACEY****MI*W264892729~
NM1*82*2*PENN HIGHLANDS DUBOIS*****XX*1962421941~
REF*G1*060211787~
REF*1L*0109056-011-00001- A~
REF*CE*Aetna Choice  POS II NET 02152~
DTM*232*20211014~
DTM*233*20211122~
DTM*050*20211127~
PER*CX**TE*8886323862~
AMT*AU*60841.46~
SVC*NU>0124*39195*0**0**39~
DTM*150*20211014~
DTM*151*20211121~
CAS*PR*227*39195*39~
REF*6R*DBSA0035477296-1~
AMT*B6*39195~
LQ*HE*MA04~
LQ*HE*N179~
SVC*NU>0250*62*0**0**1~
DTM*150*20211014~
DTM*151*20211122~
CAS*PR*227*62*1~
REF*6R*DBSA0035477296-12~
AMT*B6*62~
LQ*HE*MA04~
LQ*HE*N179~
SVC*NU>0250*4601.45*0**0**534~
DTM*150*20211014~
DTM*151*20211122~
CAS*PR*227*4601.45*534~
REF*6R*DBSA0035477296-2~
AMT*B6*4601.45~
LQ*HE*MA04~
LQ*HE*N179~
SVC*NU>0300*42*0**0**3~
DTM*150*20211014~
DTM*151*20211122~
CAS*PR*227*42*3~
REF*6R*DBSA0035477296-3~
AMT*B6*42~
LQ*HE*MA04~
LQ*HE*N179~
SVC*NU>0301*1735*0**0**11~
DTM*150*20211014~
DTM*151*20211122~
CAS*PR*227*1735*11~
REF*6R*DBSA0035477296-4~
AMT*B6*1735~
LQ*HE*MA04~
LQ*HE*N179~
SVC*NU>0302*91*0**0**1~
DTM*150*20211014~
DTM*151*20211122~
CAS*PR*227*91*1~
REF*6R*DBSA0035477296-5~
AMT*B6*91~
LQ*HE*MA04~
LQ*HE*N179~
SVC*NU>0305*65*0**0**1~
DTM*150*20211014~
DTM*151*20211122~
CAS*PR*227*65*1~
REF*6R*DBSA0035477296-6~
AMT*B6*65~
LQ*HE*MA04~
LQ*HE*N179~
SVC*NU>0306*190*0**0**1~
DTM*150*20211014~
DTM*151*20211122~
CAS*PR*227*190*1~
REF*6R*DBSA0035477296-7~
AMT*B6*190~
LQ*HE*MA04~
LQ*HE*N179~
SVC*NU>0307*38*0**0**1~
DTM*150*20211014~
DTM*151*20211122~
CAS*PR*227*38*1~
REF*6R*DBSA0035477296-8~
AMT*B6*38~
LQ*HE*MA04~
LQ*HE*N179~
SVC*NU>0351*750*0**0**1~
DTM*150*20211014~
DTM*151*20211122~
CAS*PR*227*750*1~
REF*6R*DBSA0035477296-9~
AMT*B6*750~
LQ*HE*MA04~
LQ*HE*N179~
SVC*NU>0359*.01*0**0**1~
DTM*150*20211014~
DTM*151*20211122~
CAS*PR*227*.01*1~
REF*6R*DBSA0035477296-10~
AMT*B6*.01~
LQ*HE*MA04~
LQ*HE*N179~
SVC*NU>0450*1365*0**0**1~
DTM*150*20211014~
DTM*151*20211122~
CAS*PR*227*1365*1~
REF*6R*DBSA0035477296-11~
AMT*B6*1365~
LQ*HE*MA04~
LQ*HE*N179~
SVC*NU>0730*190*0**0**1~
DTM*150*20211014~
DTM*151*20211122~
CAS*PR*227*190*1~
REF*6R*DBSA0035477296-13~
AMT*B6*190~
LQ*HE*MA04~
LQ*HE*N179~
SVC*NU>0771*65*0**0**1~
DTM*150*20211014~
DTM*151*20211122~
CAS*PR*227*65*1~
REF*6R*DBSA0035477296-14~
AMT*B6*65~
LQ*HE*MA04~
LQ*HE*N179~
SVC*NU>0900*12452*0**0**399~
DTM*150*20211014~
DTM*151*20211122~
CAS*PR*227*12452*399~
REF*6R*DBSA0035477296-15~
AMT*B6*12452~
LQ*HE*MA04~
LQ*HE*N179~
SE*149*0511~
ST*835*0512~
BPR*H*0*C*NON************20220119~
TRN*1*922019000288880*1066033492~
REF*EV*XXXXXXXXXXXXXXXXXXXXXXXXXXXXXX~
DTM*405*20220119~
N1*PR*AETNA~
N3*151 FARMINGTON AVENUE~
N4*HARTFORD*CT*06156~
REF*2U*60054~
PER*BL*Provider Service~
N1*PE*DUBOIS REGIONAL MEDICAL CENTER*XX*1992298160~
N3*100 HOSPITAL AVE~
N4*DUBOIS*PA*158011440~
REF*PQ*378318690~
REF*TJ*251490707~
LX*1~
TS3*1255549796*11*20221231*2*0~
CLP*G3504671-01*22*-210*-87.1**12*E0FCN7DRZ0000*11*1~
NM1*QC*1*REIRDON*LORRI*A~
NM1*IL*1*REIRDON*DANIEL*M***MI*W232454736~
NM1*82*1*KISKADDON*KARRIE****XX*1992298160~
REF*1L*0285583-010-00001- A~
REF*CE*Open Choice NET 02151~
DTM*232*20210312~
DTM*233*20210312~
DTM*050*20210316~
PER*CX**TE*8886323862~
SVC*HC>99214>GC*-210*-87.1**1~
DTM*472*20210312~
CAS*CO*45*-102.9~
CAS*PR*3*-20~
REF*6R*7827596~
CLP*G3504671-01*1*210*70.96*20*12*E0FCN7DRZ0001*11*1~
NM1*QC*1*REIRDON*LORRI*A~
NM1*IL*1*REIRDON*DANIEL*M***MI*W232454736~
NM1*82*1*KISKADDON*KARRIE****XX*1992298160~
REF*1L*0285583-010-00001- A~
REF*CE*Open Choice NET 02151~
REF*F8*E0FCN7DRZ0000~
DTM*232*20210312~
DTM*233*20210312~
DTM*050*20210316~
PER*CX**TE*8886323862~
AMT*AU*210~
SVC*HC>99213>GC*210*70.96**1*HC>99214>GC~
DTM*472*20210312~
CAS*CO*45*119.04~
CAS*PR*3*20~
REF*6R*7827596~
AMT*B6*90.96~
LQ*HE*M127~
PLB*1992298160*20221231*FB>922019000288880*-16.14~
SE*53*0512~
ST*835*1005~
BPR*I*4816.43*C*ACH*CCP*01*031100209*DA*0038865237*1066033492**01*043000096*DA*1136648396*20220121~
TRN*1*160118220237773*1066033492~
REF*EV*XXXXXXXXXXXXXXXXXXXXXXXXXXXXXX~
DTM*405*20220119~
N1*PR*AETNA~
N3*151 FARMINGTON AVENUE~
N4*HARTFORD*CT*06156~
REF*2U*60054~
PER*BL*Provider Service~
N1*PE*DUBOIS REGIONAL MED CTR*XX*1144249657~
N3*100 HOSPITAL AVENUE~
N4*DU BOIS*PA*15801~
REF*PQ*378318690~
REF*TJ*251490707~
LX*1~
TS3*1144249657*13*20221231*44*56134.13~
CLP*5006709081*1*9690.03*0**13*211221E272270001*13*1~
NM1*QC*1*WENNIN*LOIS****MI*MEBTNF4C~
NM1*82*2*DUBOIS REGIONAL MED CTR*****XX*1144249657~
REF*1L*467474-002~
REF*CE*MAJOR ADV PLAN NET 03400~
DTM*232*20211028~
DTM*233*20211028~
DTM*050*20211221~
PER*CX**TE*8006240756~
SVC*HC>L0140*30*0*0270*0**1~
DTM*472*20211028~
CAS*CO*B9*30*1~
REF*6R*DBSA0035659827-1~
LQ*HE*M44~
LQ*HE*N522~
SVC*HC>36415*14*0*0300*0**1~
DTM*472*20211028~
CAS*CO*B9*14*1~
REF*6R*DBSA0035659827-2~
LQ*HE*M44~
LQ*HE*N522~
SVC*HC>85730*45*0*0305*0**1~
DTM*472*20211028~
CAS*CO*B9*45*1~
REF*6R*DBSA0035659827-3~
LQ*HE*M44~
LQ*HE*N522~
SVC*HC>85610*35*0*0305*0**1~
DTM*472*20211028~
CAS*CO*B9*35*1~
REF*6R*DBSA0035659827-4~
LQ*HE*M44~
LQ*HE*N522~
SVC*HC>85576*636*0*0305*0**4~
DTM*472*20211028~
CAS*CO*B9*636*4~
REF*6R*DBSA0035659827-5~
LQ*HE*M44~
LQ*HE*N522~
SVC*HC>85384*130*0*0305*0**2~
DTM*472*20211028~
CAS*CO*B9*130*2~
REF*6R*DBSA0035659827-6~
LQ*HE*M44~
LQ*HE*N522~
SVC*HC>85347*208*0*0305*0**2~
DTM*472*20211028~
CAS*CO*B9*208*2~
REF*6R*DBSA0035659827-7~
LQ*HE*M44~
LQ*HE*N522~
SVC*HC>85027*48*0*0305*0**1~
DTM*472*20211028~
CAS*CO*B9*48*1~
REF*6R*DBSA0035659827-8~
LQ*HE*M44~
LQ*HE*N522~
SVC*HC>73110>RT*128*0*0320*0**1~
DTM*472*20211028~
CAS*CO*B9*128*1~
REF*6R*DBSA0035659827-9~
LQ*HE*M44~
LQ*HE*N522~
SVC*HC>73030>LT*200*0*0320*0**1~
DTM*472*20211028~
CAS*CO*B9*200*1~
REF*6R*DBSA0035659827-10~
LQ*HE*M44~
LQ*HE*N522~
SVC*HC>72125*1501*0*0350*0**1~
DTM*472*20211028~
CAS*CO*B9*1501*1~
REF*6R*DBSA0035659827-11~
LQ*HE*M44~
LQ*HE*N522~
SVC*HC>70450*750*0*0351*0**1~
DTM*472*20211028~
CAS*CO*B9*750*1~
REF*6R*DBSA0035659827-12~
LQ*HE*M44~
LQ*HE*N522~
SVC*HC>74176>ME*1600*0*0352*0**1~
DTM*472*20211028~
CAS*CO*B9*1600*1~
REF*6R*DBSA0035659827-13~
LQ*HE*M44~
LQ*HE*N522~
SVC*HC>73200>MG>LT*815*0*0352*0**1~
DTM*472*20211028~
CAS*CO*B9*815*1~
REF*6R*DBSA0035659827-14~
LQ*HE*M44~
LQ*HE*N522~
SVC*HC>71250>ME*1233*0*0352*0**1~
DTM*472*20211028~
CAS*CO*B9*1233*1~
REF*6R*DBSA0035659827-15~
LQ*HE*M44~
LQ*HE*N522~
SVC*HC>G1004*.03*0*0359*0**3~
DTM*472*20211028~
CAS*CO*B9*.03*3~
REF*6R*DBSA0035659827-16~
LQ*HE*M44~
LQ*HE*N522~
SVC*HC>99285>25*1365*0*0450*0**1~
DTM*472*20211028~
CAS*CO*B9*1365*1~
REF*6R*DBSA0035659827-17~
LQ*HE*M44~
LQ*HE*N522~
SVC*HC>99284>25>27*952*0*0450*0**1~
DTM*472*20211028~
CAS*CO*B9*952*1~
REF*6R*DBSA0035659827-18~
LQ*HE*M44~
LQ*HE*N522~
CLP*5006884219*1*4205.02*0**13*211221E448150000*13*1~
NM1*QC*1*WENNIN*LOIS****MI*MEBTNF4C~
NM1*82*2*DUBOIS REGIONAL MED CTR*****XX*1144249657~
REF*1L*467474-002~
REF*CE*MAJOR ADV PLAN NET 03400~
DTM*232*20211121~
DTM*233*20211121~
DTM*050*20211221~
PER*CX**TE*8006240756~
SVC*HC>36415*14*0*0300*0**1~
DTM*472*20211121~
CAS*CO*B9*14*1~
REF*6R*DBSA0035673204-1~
LQ*HE*N130~
SVC*HC>84484*266*0*0301*0**2~
DTM*472*20211121~
CAS*CO*B9*266*2~
REF*6R*DBSA0035673204-2~
LQ*HE*N130~
SVC*HC>83735*44*0*0301*0**1~
DTM*472*20211121~
CAS*CO*B9*44*1~
REF*6R*DBSA0035673204-3~
LQ*HE*N130~
SVC*HC>82550*44*0*0301*0**1~
DTM*472*20211121~
CAS*CO*B9*44*1~
REF*6R*DBSA0035673204-4~
LQ*HE*N130~
SVC*HC>80053*113*0*0301*0**1~
DTM*472*20211121~
CAS*CO*B9*113*1~
REF*6R*DBSA0035673204-5~
LQ*HE*N130~
SVC*HC>85025*65*0*0305*0**1~
DTM*472*20211121~
CAS*CO*B9*65*1~
REF*6R*DBSA0035673204-6~
LQ*HE*N130~
SVC*HC>71045*266*0*0324*0**1~
DTM*472*20211121~
CAS*CO*B9*266*1~
REF*6R*DBSA0035673204-7~
SVC*HC>72125>ME*1501*0*0350*0**1~
DTM*472*20211121~
CAS*CO*B9*1501*1~
REF*6R*DBSA0035673204-8~
SVC*HC>70450>MG*750*0*0351*0**1~
DTM*472*20211121~
CAS*CO*B9*750*1~
REF*6R*DBSA0035673204-9~
LQ*HE*N130~
SVC*HC>G1004*.02*0*0359*0**2~
DTM*472*20211121~
CAS*CO*B9*.02*2~
REF*6R*DBSA0035673204-10~
SVC*HC>99284>25*952*0*0450*0**1~
DTM*472*20211121~
CAS*CO*B9*952*1~
REF*6R*DBSA0035673204-11~
SVC*HC>93005*190*0*0730*0**1~
DTM*472*20211121~
CAS*CO*B9*190*1~
REF*6R*DBSA0035673204-12~
LQ*HE*N130~
CLP*5006709081*1*9690.03*0**13*2112221067530000*13*1~
NM1*QC*1*WENNIN*LOIS~
NM1*82*2*DUBOIS REGIONAL MED CTR*****XX*1144249657~
REF*1L*467474-002~
REF*CE*MAJOR ADV PLAN NET 03400~
DTM*232*20211028~
DTM*233*20211028~
DTM*050*20211222~
PER*CX**TE*8006240756~
SVC*HC>L0140*30*0*0270*0**1~
DTM*472*20211028~
CAS*OA*18*30*1~
REF*6R*00000000001~
LQ*HE*N522~
SVC*HC>36415*14*0*0300*0**1~
DTM*472*20211028~
CAS*OA*18*14*1~
REF*6R*00000000002~
LQ*HE*N522~
SVC*HC>85730*45*0*0305*0**1~
DTM*472*20211028~
CAS*OA*18*45*1~
REF*6R*00000000003~
LQ*HE*N522~
SVC*HC>85610*35*0*0305*0**1~
DTM*472*20211028~
CAS*OA*18*35*1~
REF*6R*00000000004~
LQ*HE*N522~
SVC*HC>85576*636*0*0305*0**4~
DTM*472*20211028~
CAS*OA*18*636*4~
REF*6R*00000000005~
LQ*HE*N522~
SVC*HC>85384*130*0*0305*0**2~
DTM*472*20211028~
CAS*OA*18*130*2~
REF*6R*00000000006~
LQ*HE*N522~
SVC*HC>85347*208*0*0305*0**2~
DTM*472*20211028~
CAS*OA*18*208*2~
REF*6R*00000000007~
LQ*HE*N522~
SVC*HC>85027*48*0*0305*0**1~
DTM*472*20211028~
CAS*OA*18*48*1~
REF*6R*00000000008~
LQ*HE*N522~
SVC*HC>73110>RT*128*0*0320*0**1~
DTM*472*20211028~
CAS*OA*18*128*1~
REF*6R*00000000009~
LQ*HE*N522~
SVC*HC>73030>LT*200*0*0320*0**1~
DTM*472*20211028~
CAS*OA*18*200*1~
REF*6R*00000000010~
LQ*HE*N522~
SVC*HC>72125*1501*0*0350*0**1~
DTM*472*20211028~
CAS*OA*18*1501*1~
REF*6R*00000000011~
LQ*HE*N522~
SVC*HC>70450*750*0*0351*0**1~
DTM*472*20211028~
CAS*OA*18*750*1~
REF*6R*00000000012~
LQ*HE*N522~
SVC*HC>74176>ME*1600*0*0352*0**1~
DTM*472*20211028~
CAS*OA*18*1600*1~
REF*6R*00000000013~
LQ*HE*N522~
SVC*HC>73200>MG>LT*815*0*0352*0**1~
DTM*472*20211028~
CAS*OA*18*815*1~
REF*6R*00000000014~
LQ*HE*N522~
SVC*HC>71250>ME*1233*0*0352*0**1~
DTM*472*20211028~
CAS*OA*18*1233*1~
REF*6R*00000000015~
LQ*HE*N522~
SVC*HC>G1004*.03*0*0359*0**3~
DTM*472*20211028~
CAS*OA*18*.03*3~
REF*6R*00000000016~
LQ*HE*N522~
SVC*HC>99285>25*1365*0*0450*0**1~
DTM*472*20211028~
CAS*OA*18*1365*1~
REF*6R*00000000017~
LQ*HE*N522~
SVC*HC>99284>25>27*952*0*0450*0**1~
DTM*472*20211028~
CAS*OA*18*952*1~
REF*6R*00000000018~
LQ*HE*N522~
CLP*5006930249*22*-31220.1*-4638.55**13*220105E098900004~
NM1*QC*1*CABLE*KENNETH*C***MI*MEBNY15N~
NM1*82*2*DUBOIS REGIONAL MED CTR*****XX*1144249657~
REF*1L*441297-061~
REF*CE*MEDICARE (S02) PPO PLAN NET 02101~
DTM*232*20211223~
DTM*233*20211223~
DTM*050*20220105~
PER*CX**TE*8006240756~
SVC*NU>0259*-259.1*0**0**1~
DTM*472*20211223~
CAS*CO*97*-259.1*1~
LQ*HE*N130~
LQ*HE*N694~
SVC*NU>0259*-8.55*0**0**1~
DTM*472*20211223~
CAS*CO*97*-8.55*1~
LQ*HE*N130~
LQ*HE*N694~
SVC*NU>0259*-15.2*0**0**1~
DTM*472*20211223~
CAS*CO*97*-15.2*1~
LQ*HE*N130~
LQ*HE*N694~
SVC*NU>0272*-5684*0**0**1~
DTM*472*20211223~
CAS*CO*97*-5684*7~
LQ*HE*N130~
LQ*HE*N694~
SVC*NU>0272*-744*0**0**1~
DTM*472*20211223~
CAS*CO*97*-744*4~
LQ*HE*N130~
LQ*HE*N694~
SVC*NU>0272*-402*0**0**1~
DTM*472*20211223~
CAS*CO*97*-402*4~
LQ*HE*N130~
LQ*HE*N694~
SVC*HC>36415*-14*0*0300*0**1~
DTM*472*20211223~
CAS*CO*97*-14*1~
LQ*HE*N130~
LQ*HE*N694~
SVC*HC>84520*-30*0*0301*0**1~
DTM*472*20211223~
CAS*CO*97*-30*1~
LQ*HE*N130~
LQ*HE*N694~
SVC*HC>82565*-40*0*0301*0**1~
DTM*472*20211223~
CAS*CO*97*-40*1~
LQ*HE*N130~
LQ*HE*N694~
SVC*HC>85730*-45*0*0305*0**1~
DTM*472*20211223~
CAS*CO*97*-45*1~
LQ*HE*N130~
LQ*HE*N694~
SVC*HC>85610*-35*0*0305*0**1~
DTM*472*20211223~
CAS*CO*97*-35*1~
LQ*HE*N130~
LQ*HE*N694~
SVC*HC>85027*-48*0*0305*0**1~
DTM*472*20211223~
CAS*CO*97*-48*1~
LQ*HE*N130~
LQ*HE*N694~
SVC*HC>87206*-32*0*0306*0**1~
DTM*472*20211223~
CAS*CO*97*-32*1~
LQ*HE*N130~
LQ*HE*N694~
SVC*HC>87205*-32*0*0306*0**1~
DTM*472*20211223~
CAS*CO*97*-32*1~
LQ*HE*N130~
LQ*HE*N694~
SVC*HC>87070*-78*0*0306*0**1~
DTM*472*20211223~
CAS*CO*97*-78*1~
LQ*HE*N130~
LQ*HE*N694~
SVC*HC>87116*-113*0*0309*0**1~
DTM*472*20211223~
CAS*CO*97*-113*1~
LQ*HE*N130~
LQ*HE*N694~
SVC*HC>87102*-55*0*0309*0**1~
DTM*472*20211223~
CAS*CO*97*-55*1~
LQ*HE*N130~
LQ*HE*N694~
SVC*HC>87015*-70*0*0309*0**1~
DTM*472*20211223~
CAS*CO*97*-70*1~
LQ*HE*N130~
LQ*HE*N694~
SVC*HC>88342*-460*0*0310*0**1~
DTM*472*20211223~
CAS*CO*97*-460*1~
LQ*HE*N130~
LQ*HE*N694~
SVC*HC>88341>XU*-840*0*0310*0**1~
DTM*472*20211223~
CAS*CO*97*-840*4~
LQ*HE*N130~
LQ*HE*N694~
SVC*HC>88341*-210*0*0310*0**1~
DTM*472*20211223~
CAS*CO*97*-210*1~
LQ*HE*N130~
LQ*HE*N694~
SVC*HC>88305>XS*-756*0*0310*0**1~
DTM*472*20211223~
CAS*CO*97*-756*4~
LQ*HE*N130~
LQ*HE*N694~
SVC*HC>88305*-189*0*0310*0**1~
DTM*472*20211223~
CAS*CO*97*-189*1~
LQ*HE*N130~
LQ*HE*N694~
SVC*HC>88108>59*-200*0*0310*0**1~
DTM*472*20211223~
CAS*CO*97*-200*2~
LQ*HE*N130~
LQ*HE*N694~
SVC*HC>88108*-100*0*0310*0**1~
DTM*472*20211223~
CAS*CO*97*-100*1~
LQ*HE*N130~
LQ*HE*N694~
SVC*HC>71045*-266*0*0324*0**1~
DTM*472*20211223~
CAS*CO*97*-266*1~
LQ*HE*N130~
LQ*HE*N694~
SVC*HC>J7030*-13.8*0*0636*0**1~
DTM*472*20211223~
CAS*CO*97*-13.8*1~
LQ*HE*N130~
LQ*HE*N694~
SVC*HC>J3010*-5.45*0*0636*0**1~
DTM*472*20211223~
CAS*CO*97*-5.45*1~
LQ*HE*N130~
LQ*HE*N694~
SVC*HC>J2704*-17.1*0*0636*0**1~
DTM*472*20211223~
CAS*CO*97*-17.1*20~
LQ*HE*N130~
LQ*HE*N694~
SVC*HC>J2704*-46.9*0*0636*0**1~
DTM*472*20211223~
CAS*CO*97*-46.9*50~
LQ*HE*N130~
LQ*HE*N694~
SVC*HC>93005>XE*-190*0*0730*0**1~
DTM*472*20211223~
CAS*CO*97*-190*1~
LQ*HE*N130~
LQ*HE*N694~
SVC*HC>31654*-950*0*0761*0**1~
DTM*472*20211223~
CAS*CO*97*-950*1~
LQ*HE*N130~
LQ*HE*N694~
SVC*HC>31652*-3800*-4638.55*0761*1~
DTM*472*20211223~
CAS*CO*45*982.05~
CAS*PR*3*-143.5~
LQ*HE*N59~
LQ*HE*N694~
SVC*HC>31629>RT*-3800*0*0761*0**1~
DTM*472*20211223~
CAS*CO*97*-3800*1~
LQ*HE*N130~
LQ*HE*N694~
SVC*HC>31628>RT*-2133*0*0761*0**1~
DTM*472*20211223~
CAS*CO*97*-2133*1~
LQ*HE*N130~
LQ*HE*N694~
SVC*HC>31627>RT*-4950*0*0761*0**1~
DTM*472*20211223~
CAS*CO*97*-4950*1~
LQ*HE*N130~
LQ*HE*N694~
SVC*HC>31624*-2294*0*0761*0**1~
DTM*472*20211223~
CAS*CO*97*-2294*1~
LQ*HE*N130~
LQ*HE*N694~
SVC*HC>31623>RT*-2294*0*0761*0**1~
DTM*472*20211223~
CAS*CO*97*-2294*1~
LQ*HE*N130~
LQ*HE*N694~
CLP*5006954983*1*110*76.95*30*13*220107E021310000*13*1~
NM1*QC*1*HALLOWELL*LINDA*D***MI*MEBTG7QW~
NM1*82*2*DUBOIS REGIONAL MED CTR*****XX*1144249657~
REF*1L*467428-141~
REF*CE*MEDICARE OPEN ACCESS PPO PLAN NET 03400~
DTM*232*20211213~
DTM*233*20211213~
DTM*050*20220107~
PER*CX**TE*8006240756~
AMT*AU*110~
SVC*HC>G0463*110*76.95*0510*1~
DTM*472*20211213~
CAS*CO*45*3.05~
CAS*PR*3*30~
REF*6R*DBSA0035835945-1~
AMT*B6*106.95~
LQ*HE*N59~
CLP*5006955658*1*371*178.64*20*13*220107E091860000*13*1~
NM1*QC*1*DESALVE*TERRANCE*W***MI*MEBJVFSS~
NM1*82*2*DUBOIS REGIONAL MED CTR*****XX*1144249657~
REF*1L*467428-141~
REF*CE*MEDICARE OPEN ACCESS PPO PLAN NET 03400~
DTM*232*20211018~
DTM*233*20211018~
DTM*050*20220107~
PER*CX**TE*8006240756~
AMT*AU*371~
SVC*HC>G0463>25*110*86.95*0510*1~
DTM*472*20211018~
CAS*CO*45*3.05~
CAS*PR*3*20~
REF*6R*DBSA0035835098-1~
AMT*B6*106.95~
LQ*HE*N59~
SVC*HC>90662*196*55.66*0636*1~
DTM*472*20211018~
CAS*CO*45*140.34~
REF*6R*DBSA0035835098-2~
AMT*B6*55.66~
LQ*HE*N59~
SVC*HC>G0008*65*36.03*0771*1~
DTM*472*20211018~
CAS*CO*45*28.97~
REF*6R*DBSA0035835098-3~
AMT*B6*36.03~
LQ*HE*N59~
CLP*5006957389*1*110*22.78*20*13*220107E091890000*13*1~
NM1*QC*1*KENNEDY*RUSSELL*L***MI*MEBVNH7V~
NM1*82*2*DUBOIS REGIONAL MED CTR*****XX*1144249657~
REF*1L*467428-141~
REF*CE*MEDICARE OPEN ACCESS PPO PLAN NET 03400~
DTM*232*20211203~
DTM*233*20211203~
DTM*050*20220107~
PER*CX**TE*8006240756~
AMT*AU*110~
SVC*HC>G0463>PO*110*22.78*0510*1~
DTM*472*20211203~
CAS*CO*45*67.22~
CAS*PR*3*20~
REF*6R*DBSA0035835662-1~
AMT*B6*42.78~
LQ*HE*N59~
CLP*5006957243*1*110*12.78*30*13*220107E162560000*13*1~
NM1*QC*1*HANCOCK*JANICE*I***MI*MEBFCPMR~
NM1*82*2*DUBOIS REGIONAL MED CTR*****XX*1144249657~
REF*1L*467428-011~
REF*CE*MEDICARE OPEN ACCESS PPO PLAN NET 03400~
DTM*232*20211203~
DTM*233*20211203~
DTM*050*20220107~
PER*CX**TE*8006240756~
AMT*AU*110~
SVC*HC>G0463>PO*110*12.78*0510*1~
DTM*472*20211203~
CAS*CO*45*67.22~
CAS*PR*3*30~
REF*6R*DBSA0035835659-1~
AMT*B6*42.78~
LQ*HE*N59~
CLP*5006957051*1*110*12.78*30*13*220107E232500000*13*1~
NM1*QC*1*HELSEL*CHERYL*L***MI*MEBF0R8X~
NM1*82*2*DUBOIS REGIONAL MED CTR*****XX*1144249657~
REF*1L*467428-011~
REF*CE*MEDICARE OPEN ACCESS PPO PLAN NET 03400~
DTM*232*20211202~
DTM*233*20211202~
DTM*050*20220107~
PER*CX**TE*8006240756~
AMT*AU*110~
SVC*HC>G0463>PO*110*12.78*0510*1~
DTM*472*20211202~
CAS*CO*45*67.22~
CAS*PR*3*30~
REF*6R*DBSA0035835544-1~
AMT*B6*42.78~
LQ*HE*N59~
CLP*5006957022*1*110*12.78*30*13*220107E232510000*13*1~
NM1*QC*1*MARINO*MICHAEL****MI*MEBJCQ3Z~
NM1*82*2*DUBOIS REGIONAL MED CTR*****XX*1144249657~
REF*1L*467428-141~
REF*CE*MEDICARE OPEN ACCESS PPO PLAN NET 03400~
DTM*232*20211203~
DTM*233*20211203~
DTM*050*20220107~
PER*CX**TE*8006240756~
AMT*AU*110~
SVC*HC>G0463>PO*110*12.78*0510*1~
DTM*472*20211203~
CAS*CO*45*67.22~
CAS*PR*3*30~
REF*6R*DBSA0035835660-1~
AMT*B6*42.78~
LQ*HE*N59~
CLP*5006957479*1*2749*331.57**13*220107E232530000*13*1~
NM1*QC*1*ROSS*DEBRA****MI*MEBJHHGW~
NM1*82*2*DUBOIS REGIONAL MED CTR*****XX*1144249657~
REF*1L*467428-141~
REF*CE*MEDICARE OPEN ACCESS PPO PLAN NET 03400~
DTM*232*20211230~
DTM*233*20211230~
DTM*050*20220107~
PER*CX**TE*8006240756~
AMT*AU*2500~
SVC*HC>72158*2500*331.57*0612*1~
DTM*472*20211230~
CAS*CO*45*2168.43~
REF*6R*DBSA0035836641-1~
AMT*B6*331.57~
LQ*HE*N59~
SVC*HC>A9585*249*0*0636*0**100~
DTM*472*20211230~
CAS*CO*97*249*100~
REF*6R*DBSA0035836641-2~
LQ*HE*N130~
CLP*5006957248*1*110*86.95*20*13*220107E302830000*13*1~
NM1*QC*1*GOODYEAR*EUNICE*F***MI*MEBF0GGJ~
NM1*82*2*DUBOIS REGIONAL MED CTR*****XX*1144249657~
REF*G1*2862359~
REF*1L*467428-141~
REF*CE*MEDICARE OPEN ACCESS PPO PLAN NET 03400~
DTM*232*20211203~
DTM*233*20211203~
DTM*050*20220107~
PER*CX**TE*8006240756~
AMT*AU*110~
SVC*HC>G0463*110*86.95*0510*1~
DTM*472*20211203~
CAS*CO*45*3.05~
CAS*PR*3*20~
REF*6R*DBSA0035835658-1~
AMT*B6*106.95~
LQ*HE*N59~
CLP*5006960730*1*182*128.33*20*13*220108E061230000*13*1~
NM1*QC*1*LYKENS*DONNA*M***MI*MEBF01LN~
NM1*82*2*DUBOIS REGIONAL MED CTR*****XX*1144249657~
REF*1L*467428-141~
REF*CE*MEDICARE OPEN ACCESS PPO PLAN NET 03400~
DTM*232*20210930~
DTM*233*20210930~
DTM*050*20220108~
PER*CX**TE*8006240756~
AMT*AU*152~
SVC*HC>G0463>25*110*86.95*0510*1~
DTM*472*20210930~
CAS*CO*45*3.05~
CAS*PR*3*20~
REF*6R*DBSA0035846187-4~
AMT*B6*106.95~
LQ*HE*N59~
SVC*HC>87811>QW*42*41.38*0306*1~
DTM*472*20210930~
CAS*CO*45*.62~
REF*6R*DBSA0035846187-1~
AMT*B6*41.38~
LQ*HE*N59~
SVC*HC>87804>XU*15*0*0306*0**1~
DTM*472*20210930~
CAS*CO*97*15*1~
REF*6R*DBSA0035846187-2~
LQ*HE*N130~
SVC*HC>87804*15*0*0306*0**1~
DTM*472*20210930~
CAS*CO*97*15*1~
REF*6R*DBSA0035846187-3~
LQ*HE*N130~
CLP*5006962095*1*160*12.78*30*13*220108E061240000*13*1~
NM1*QC*1*ZIMMERMAN*JANICE****MI*MEBHMWST~
NM1*82*2*DUBOIS REGIONAL MED CTR*****XX*1144249657~
REF*1L*467428-141~
REF*CE*MEDICARE OPEN ACCESS PPO PLAN NET 03400~
DTM*232*20211203~
DTM*233*20211203~
DTM*050*20220108~
PER*CX**TE*8006240756~
AMT*AU*110~
SVC*HC>G0463>PO*110*12.78*0510*1~
DTM*472*20211203~
CAS*CO*45*67.22~
CAS*PR*3*30~
REF*6R*DBSA0035846580-1~
AMT*B6*42.78~
LQ*HE*N59~
SVC*HC>92133>PO*50*0*0510*0**1~
DTM*472*20211203~
CAS*CO*97*50*1~
REF*6R*DBSA0035846580-2~
LQ*HE*N130~
CLP*5006960987*1*140*86.95*20*13*220108E111100000*13*1~
NM1*QC*1*BAILEY*JOAN*E***MI*MEBQQ22C~
NM1*82*2*DUBOIS REGIONAL MED CTR*****XX*1144249657~
REF*1L*467428-141~
REF*CE*MEDICARE OPEN ACCESS PPO PLAN NET 03400~
DTM*232*20210917~
DTM*233*20210917~
DTM*050*20220108~
PER*CX**TE*8006240756~
AMT*AU*110~
SVC*HC>G0463*110*86.95*0510*1~
DTM*472*20210917~
CAS*CO*45*3.05~
CAS*PR*3*20~
REF*6R*DBSA0035846153-2~
AMT*B6*106.95~
LQ*HE*N59~
SVC*HC>87804*30*0*0306*0**2~
DTM*472*20210917~
CAS*CO*97*30*2~
REF*6R*DBSA0035846153-1~
LQ*HE*N130~
CLP*5006960358*1*110*76.95*30*13*220108E161270000*13*1~
NM1*QC*1*SLAWSON*ROBERT*J***MI*MEBM981D~
NM1*82*2*DUBOIS REGIONAL MED CTR*****XX*1144249657~
REF*1L*467428-141~
REF*CE*MEDICARE OPEN ACCESS PPO PLAN NET 03400~
DTM*232*20211018~
DTM*233*20211018~
DTM*050*20220108~
PER*CX**TE*8006240756~
AMT*AU*110~
SVC*HC>G0463*110*76.95*0510*1~
DTM*472*20211018~
CAS*CO*45*3.05~
CAS*PR*3*30~
REF*6R*DBSA0035846292-1~
AMT*B6*106.95~
LQ*HE*N59~
CLP*5006961906*1*160*12.78*30*13*220108E161290000*13*1~
NM1*QC*1*SMAY*JOSEPH*F***MI*MEBLSBKD~
NM1*82*2*DUBOIS REGIONAL MED CTR*****XX*1144249657~
REF*1L*467428-141~
REF*CE*MEDICARE OPEN ACCESS PPO PLAN NET 03400~
DTM*232*20211203~
DTM*233*20211203~
DTM*050*20220108~
PER*CX**TE*8006240756~
AMT*AU*110~
SVC*HC>G0463>PO*110*12.78*0510*1~
DTM*472*20211203~
CAS*CO*45*67.22~
CAS*PR*3*30~
REF*6R*DBSA0035846582-1~
AMT*B6*42.78~
LQ*HE*N59~
SVC*HC>92133>PO*50*0*0510*0**1~
DTM*472*20211203~
CAS*CO*97*50*1~
REF*6R*DBSA0035846582-2~
LQ*HE*N130~
CLP*5006960990*1*452*76.95*30*13*220108E211750000*13*1~
NM1*QC*1*SELFRIDGE*PETER*B***MI*MEBVMJFJ~
NM1*82*2*DUBOIS REGIONAL MED CTR*****XX*1144249657~
REF*1L*467428-141~
REF*CE*MEDICARE OPEN ACCESS PPO PLAN NET 03400~
DTM*232*20210917~
DTM*233*20210917~
DTM*050*20220108~
PER*CX**TE*8006240756~
AMT*AU*110~
SVC*HC>G0463*110*76.95*0510*1~
DTM*472*20210917~
CAS*CO*45*3.05~
CAS*PR*3*30~
REF*6R*DBSA0035846154-7~
AMT*B6*106.95~
LQ*HE*N59~
SVC*HC>83721*48*0*0301*0**1~
DTM*472*20210917~
CAS*CO*97*48*1~
REF*6R*DBSA0035846154-2~
LQ*HE*N130~
SVC*HC>83036*89*0*0301*0**1~
DTM*472*20210917~
CAS*CO*97*89*1~
REF*6R*DBSA0035846154-3~
LQ*HE*N130~
SVC*HC>80053*113*0*0301*0**1~
DTM*472*20210917~
CAS*CO*97*113*1~
REF*6R*DBSA0035846154-4~
LQ*HE*N130~
SVC*HC>85027*48*0*0305*0**1~
DTM*472*20210917~
CAS*CO*97*48*1~
REF*6R*DBSA0035846154-5~
LQ*HE*N130~
SVC*HC>87804*30*0*0306*0**2~
DTM*472*20210917~
CAS*CO*97*30*2~
REF*6R*DBSA0035846154-6~
LQ*HE*N130~
SVC*HC>36415*14*0*0300*0**1~
DTM*472*20210917~
CAS*CO*97*14*1~
REF*6R*DBSA0035846154-1~
LQ*HE*N130~
CLP*5006959543*1*275*76.95*30*13*220108E211770000*13*1~
NM1*QC*1*MCBRIDE*DOROTHY*M***MI*MEBFDKRQ~
NM1*82*2*DUBOIS REGIONAL MED CTR*****XX*1144249657~
REF*1L*467428-141~
REF*CE*MEDICARE OPEN ACCESS PPO PLAN NET 03400~
DTM*232*20211227~
DTM*233*20211227~
DTM*050*20220108~
PER*CX**TE*8006240756~
AMT*AU*275~
SVC*HC>G0463*275*76.95*0510*1~
DTM*472*20211227~
CAS*CO*45*168.05~
CAS*PR*3*30~
REF*6R*DBSA0035847170-1~
AMT*B6*106.95~
LQ*HE*N59~
CLP*5006978623*1*110*32.78*10*13*220113E007220000*13*1~
NM1*QC*1*LION*WENDELL*H***MI*MEBTNQ5F~
NM1*82*2*DUBOIS REGIONAL MED CTR*****XX*1144249657~
REF*1L*467473-273~
REF*CE*WEST ADV PLAN 100 NET 03400~
DTM*232*20211207~
DTM*233*20211207~
DTM*050*20220113~
PER*CX**TE*8006240756~
AMT*AU*110~
SVC*HC>G0463>PO*110*32.78*0510*1~
DTM*472*20211207~
CAS*CO*45*67.22~
CAS*PR*3*10~
REF*6R*DBSA0035897369-1~
AMT*B6*42.78~
LQ*HE*N59~
CLP*5006978758*1*110*106.95**13*220113E007240000*13*1~
NM1*QC*1*SMITH*DAVID*A***MI*MEBL00GT~
NM1*82*2*DUBOIS REGIONAL MED CTR*****XX*1144249657~
REF*1L*463832-047~
REF*CE*MEDICARE (C04) ESA PPO PLAN NET 03400~
DTM*232*20211209~
DTM*233*20211209~
DTM*050*20220113~
PER*CX**TE*8006240756~
AMT*AU*110~
SVC*HC>G0463*110*106.95*0510*1~
DTM*472*20211209~
CAS*CO*45*3.05~
REF*6R*DBSA0035897806-1~
AMT*B6*106.95~
LQ*HE*N59~
CLP*5006978651*1*110*71.95*35*13*220113E048960000*13*1~
NM1*QC*1*LEIGH*ROBERT*B***MI*MEBTV7VY~
NM1*82*2*DUBOIS REGIONAL MED CTR*****XX*1144249657~
REF*1L*467242-020~
REF*CE*VALUE PPO NET 03400~
DTM*232*20211207~
DTM*233*20211207~
DTM*050*20220113~
PER*CX**TE*8006240756~
AMT*AU*110~
SVC*HC>G0463*110*71.95*0510*1~
DTM*472*20211207~
CAS*CO*45*3.05~
CAS*PR*3*35~
REF*6R*DBSA0035897370-1~
AMT*B6*106.95~
LQ*HE*N59~
CLP*5006978251*1*110*94.95*12*13*220113E049000000*13*1~
NM1*QC*1*SCHALL*ROBERT*L***MI*MEBRWQ5Y~
NM1*82*2*DUBOIS REGIONAL MED CTR*****XX*1144249657~
REF*1L*463832-001~
REF*CE*MEDICARE (C04) ESA PPO PLAN NET 03400~
DTM*232*20211210~
DTM*233*20211210~
DTM*050*20220113~
PER*CX**TE*8006240756~
AMT*AU*110~
SVC*HC>G0463*110*94.95*0510*1~
DTM*472*20211210~
CAS*CO*45*3.05~
CAS*PR*3*12~
REF*6R*DBSA0035898034-1~
AMT*B6*106.95~
LQ*HE*N59~
CLP*5006963747*1*32220.1*4780.55*143.5*13*220113E049030000*13*7~
NM1*QC*1*CABLE*KENNETH****MI*MEBNY15N~
NM1*82*2*DUBOIS REGIONAL MED CTR*****XX*1144249657~
REF*1L*441297-061~
REF*CE*MEDICARE (S02) PPO PLAN NET 03400~
DTM*232*20211223~
DTM*233*20211223~
DTM*050*20220113~
PER*CX**TE*8006240756~
AMT*AU*3800~
SVC*NU>0258*13.8*0**0**1~
DTM*472*20211223~
CAS*CO*97*13.8*1~
REF*6R*DBSA0035883395-27~
LQ*HE*MA67~
LQ*HE*N130~
SVC*NU>0259*259.1*0**0**1~
DTM*472*20211223~
CAS*CO*97*259.1*1~
REF*6R*DBSA0035883395-1~
LQ*HE*MA67~
LQ*HE*N130~
SVC*NU>0259*15.2*0**0**1~
DTM*472*20211223~
CAS*CO*97*15.2*1~
REF*6R*DBSA0035883395-3~
LQ*HE*MA67~
LQ*HE*N130~
SVC*NU>0259*8.55*0**0**1~
DTM*472*20211223~
CAS*CO*97*8.55*1~
REF*6R*DBSA0035883395-2~
LQ*HE*MA67~
LQ*HE*N130~
SVC*NU>0272*744*0**0**4~
DTM*472*20211223~
CAS*CO*97*744*4~
REF*6R*DBSA0035883395-5~
LQ*HE*MA67~
LQ*HE*N130~
SVC*NU>0272*402*0**0**4~
DTM*472*20211223~
CAS*CO*97*402*4~
REF*6R*DBSA0035883395-6~
LQ*HE*MA67~
LQ*HE*N130~
SVC*NU>0272*5684*0**0**7~
DTM*472*20211223~
CAS*CO*97*5684*7~
REF*6R*DBSA0035883395-4~
LQ*HE*MA67~
LQ*HE*N130~
SVC*HC>36415*14*0*0300*0**1~
DTM*472*20211223~
CAS*CO*97*14*1~
REF*6R*DBSA0035883395-7~
LQ*HE*MA67~
LQ*HE*N130~
SVC*HC>82565*40*0*0301*0**1~
DTM*472*20211223~
CAS*CO*97*40*1~
REF*6R*DBSA0035883395-9~
LQ*HE*MA67~
LQ*HE*N130~
SVC*HC>84520*30*0*0301*0**1~
DTM*472*20211223~
CAS*CO*97*30*1~
REF*6R*DBSA0035883395-8~
LQ*HE*MA67~
LQ*HE*N130~
SVC*HC>85027*48*0*0305*0**1~
DTM*472*20211223~
CAS*CO*97*48*1~
REF*6R*DBSA0035883395-12~
LQ*HE*MA67~
LQ*HE*N130~
SVC*HC>85610*35*0*0305*0**1~
DTM*472*20211223~
CAS*CO*97*35*1~
REF*6R*DBSA0035883395-11~
LQ*HE*MA67~
LQ*HE*N130~
SVC*HC>85730*45*0*0305*0**1~
DTM*472*20211223~
CAS*CO*97*45*1~
REF*6R*DBSA0035883395-10~
LQ*HE*MA67~
LQ*HE*N130~
SVC*HC>87206*32*0*0306*0**1~
DTM*472*20211223~
CAS*CO*97*32*1~
REF*6R*DBSA0035883395-13~
LQ*HE*MA67~
LQ*HE*N130~
SVC*HC>87070*78*0*0306*0**1~
DTM*472*20211223~
CAS*CO*97*78*1~
REF*6R*DBSA0035883395-15~
LQ*HE*MA67~
LQ*HE*N130~
SVC*HC>87205*32*0*0306*0**1~
DTM*472*20211223~
CAS*CO*97*32*1~
REF*6R*DBSA0035883395-14~
LQ*HE*MA67~
LQ*HE*N130~
SVC*HC>87102*55*0*0309*0**1~
DTM*472*20211223~
CAS*CO*97*55*1~
REF*6R*DBSA0035883395-17~
LQ*HE*MA67~
LQ*HE*N130~
SVC*HC>87015*70*0*0309*0**1~
DTM*472*20211223~
CAS*CO*97*70*1~
REF*6R*DBSA0035883395-18~
LQ*HE*MA67~
LQ*HE*N130~
SVC*HC>87116*113*0*0309*0**1~
DTM*472*20211223~
CAS*CO*97*113*1~
REF*6R*DBSA0035883395-16~
LQ*HE*MA67~
LQ*HE*N130~
SVC*HC>88342*460*0*0310*0**1~
DTM*472*20211223~
CAS*CO*97*460*1~
REF*6R*DBSA0035883395-19~
LQ*HE*MA67~
LQ*HE*N130~
SVC*HC>88108*100*0*0310*0**1~
DTM*472*20211223~
CAS*CO*97*100*1~
REF*6R*DBSA0035883395-25~
LQ*HE*MA67~
LQ*HE*N130~
SVC*HC>88108>59*300*0*0310*0**3~
DTM*472*20211223~
CAS*CO*97*300*3~
REF*6R*DBSA0035883395-24~
LQ*HE*MA67~
LQ*HE*N130~
SVC*HC>88305*189*0*0310*0**1~
DTM*472*20211223~
CAS*CO*97*189*1~
REF*6R*DBSA0035883395-23~
LQ*HE*MA67~
LQ*HE*N130~
SVC*HC>88305>XS*756*0*0310*0**4~
DTM*472*20211223~
CAS*CO*97*756*4~
REF*6R*DBSA0035883395-22~
LQ*HE*MA67~
LQ*HE*N130~
SVC*HC>88341*210*0*0310*0**1~
DTM*472*20211223~
CAS*CO*97*210*1~
REF*6R*DBSA0035883395-21~
LQ*HE*MA67~
LQ*HE*N130~
SVC*HC>88341>XU*840*0*0310*0**4~
DTM*472*20211223~
CAS*CO*97*840*4~
REF*6R*DBSA0035883395-20~
LQ*HE*MA67~
LQ*HE*N130~
SVC*HC>71045*266*0*0324*0**1~
DTM*472*20211223~
CAS*CO*97*266*1~
REF*6R*DBSA0035883395-26~
LQ*HE*MA67~
LQ*HE*N130~
SVC*HC>J2704*17.1*0*0636*0**20~
DTM*472*20211223~
CAS*CO*97*17.1*20~
REF*6R*DBSA0035883395-29~
LQ*HE*MA67~
LQ*HE*N130~
SVC*HC>J2704*46.9*0*0636*0**50~
DTM*472*20211223~
CAS*CO*97*46.9*50~
REF*6R*DBSA0035883395-30~
LQ*HE*MA67~
LQ*HE*N130~
SVC*HC>J3010*5.45*0*0636*0**1~
DTM*472*20211223~
CAS*CO*97*5.45*1~
REF*6R*DBSA0035883395-28~
LQ*HE*MA67~
LQ*HE*N130~
SVC*NU>0710*900*0**0**1~
DTM*472*20211223~
CAS*CO*97*900*1~
REF*6R*DBSA0035883395-31~
LQ*HE*MA67~
LQ*HE*N130~
SVC*HC>93005>XE*190*0*0730*0**1~
DTM*472*20211223~
CAS*CO*97*190*1~
REF*6R*DBSA0035883395-32~
LQ*HE*MA67~
LQ*HE*N130~
SVC*HC>31654*1900*0*0761*0**1~
DTM*472*20211223~
CAS*CO*97*1900*1~
REF*6R*DBSA0035883395-33~
LQ*HE*MA67~
LQ*HE*N130~
SVC*HC>31623>RT*2294*0*0761*0**1~
DTM*472*20211223~
CAS*CO*97*2294*1~
REF*6R*DBSA0035883395-39~
LQ*HE*MA67~
LQ*HE*N130~
SVC*HC>31624*2294*0*0761*0**1~
DTM*472*20211223~
CAS*CO*97*2294*1~
REF*6R*DBSA0035883395-38~
LQ*HE*MA67~
LQ*HE*N130~
SVC*HC>31627>RT*4000*0*0761*0**1~
DTM*472*20211223~
CAS*CO*97*4000*1~
REF*6R*DBSA0035883395-37~
LQ*HE*MA67~
LQ*HE*N130~
SVC*HC>31628>RT*2133*0*0761*0**1~
DTM*472*20211223~
CAS*CO*97*2133*1~
REF*6R*DBSA0035883395-36~
LQ*HE*MA67~
LQ*HE*N130~
SVC*HC>31629>RT*3800*0*0761*0**1~
DTM*472*20211223~
CAS*CO*97*3800*1~
REF*6R*DBSA0035883395-35~
LQ*HE*MA67~
LQ*HE*N130~
SVC*HC>31652*3800*4780.55*0761*1~
DTM*472*20211223~
CAS*CO*45*-1124.05~
CAS*PR*2*143.5~
REF*6R*DBSA0035883395-34~
AMT*B6*4924.05~
LQ*HE*N59~
CLP*5006980358*1*3229.3*691.76**13*220113E091170000*13*1~
NM1*QC*1*MARTINI*MARIAN****MI*MEBTL28T~
NM1*82*2*DUBOIS REGIONAL MED CTR*****XX*1144249657~
REF*G1*2535719~
REF*1L*467467-094~
REF*CE*MAJOR ADV PLAN NET 03400~
DTM*232*20211228~
DTM*233*20211228~
DTM*050*20220113~
PER*CX**TE*8006240756~
AMT*AU*3213.05~
SVC*HC>96365*497*183.29*0260*1~
DTM*472*20211228~
CAS*CO*45*313.71~
REF*6R*DBSA0035898704-3~
AMT*B6*183.29~
LQ*HE*N59~
SVC*HC>Q0138>TB*2716.05*508.47*0636*510~
DTM*472*20211228~
CAS*CO*45*2207.58~
REF*6R*DBSA0035898704-4~
AMT*B6*508.47~
LQ*HE*N59~
SVC*NU>0258*10.15*0**0**1~
DTM*472*20211228~
CAS*CO*97*10.15*1~
REF*6R*DBSA0035898704-1~
LQ*HE*N130~
SVC*NU>0258*6.1*0**0**1~
DTM*472*20211228~
CAS*CO*97*6.1*1~
REF*6R*DBSA0035898704-2~
LQ*HE*N130~
CLP*5006979046*1*110*32.78*10*13*220113E132720000*13*1~
NM1*QC*1*GECI*ELIZABETH*A***MI*MEBTJWCL~
NM1*82*2*DUBOIS REGIONAL MED CTR*****XX*1144249657~
REF*1L*467463-279~
REF*CE*WEST ADV PLAN 100 NET 03400~
DTM*232*20211207~
DTM*233*20211207~
DTM*050*20220113~
PER*CX**TE*8006240756~
AMT*AU*110~
SVC*HC>G0463>PO*110*32.78*0510*1~
DTM*472*20211207~
CAS*CO*45*67.22~
CAS*PR*3*10~
REF*6R*DBSA0035897367-1~
AMT*B6*42.78~
LQ*HE*N59~
CLP*5006978462*1*110*106.95**13*220113E174800000*13*1~
NM1*QC*1*GADLEY*RICHARD*E***MI*MEBT80YK~
NM1*82*2*DUBOIS REGIONAL MED CTR*****XX*1144249657~
REF*1L*467669-017~
REF*CE*MEDICARE (C04) ESA PPO PLAN NET 03400~
DTM*232*20211207~
DTM*233*20211207~
DTM*050*20220113~
PER*CX**TE*8006240756~
AMT*AU*110~
SVC*HC>G0463*110*106.95*0510*1~
DTM*472*20211207~
CAS*CO*45*3.05~
REF*6R*DBSA0035897364-1~
AMT*B6*106.95~
LQ*HE*N59~
CLP*5006983523*1*371*188.64*10*13*220114E007570000*13*1~
NM1*QC*1*EUBANKS*DAVID****MI*MEBQ0VGK~
NM1*82*2*DUBOIS REGIONAL MED CTR*****XX*1144249657~
REF*1L*456920-116~
REF*CE*SEHBP EDUCATORS MEDICARE PLAN NET 03400~
DTM*232*20211210~
DTM*233*20211210~
DTM*050*20220114~
PER*CX**TE*8006240756~
AMT*AU*371~
SVC*HC>G0463>25*110*96.95*0510*1~
DTM*472*20211210~
CAS*CO*45*3.05~
CAS*PR*3*10~
REF*6R*DBSA0035906089-1~
AMT*B6*106.95~
LQ*HE*N59~
SVC*HC>90662*196*55.66*0636*1~
DTM*472*20211210~
CAS*CO*45*140.34~
REF*6R*DBSA0035906089-2~
AMT*B6*55.66~
LQ*HE*N59~
SVC*HC>G0008*65*36.03*0771*1~
DTM*472*20211210~
CAS*CO*45*28.97~
REF*6R*DBSA0035906089-3~
AMT*B6*36.03~
LQ*HE*N59~
CLP*5006983908*1*110*81.95*25*13*220114E007600000*13*1~
NM1*QC*1*BAUER*MARGARET*M***MI*MEBTNJ2K~
NM1*82*2*DUBOIS REGIONAL MED CTR*****XX*1144249657~
REF*1L*467473-273~
REF*CE*WEST ADV PLAN 100 NET 03400~
DTM*232*20211214~
DTM*233*20211214~
DTM*050*20220114~
PER*CX**TE*8006240756~
AMT*AU*110~
SVC*HC>G0463*110*81.95*0510*1~
DTM*472*20211214~
CAS*CO*45*3.05~
CAS*PR*3*25~
REF*6R*DBSA0035906495-1~
AMT*B6*106.95~
LQ*HE*N59~
CLP*5006984956*1*12816.1*0**13*220114E007620000*13*1~
NM1*QC*1*MACDONALD*EVELYN****MI*MEBTGLWZ~
NM1*82*2*DUBOIS REGIONAL MED CTR*****XX*1144249657~
REF*1L*467428-141~
REF*CE*MEDICARE OPEN ACCESS PPO PLAN NET 03400~
DTM*232*20211224~
DTM*233*20211224~
DTM*050*20220114~
PER*CX**TE*8006240756~
SVC*HC>J2353>TB*12794.25*0*0636*0**20~
DTM*472*20211224~
CAS*PI*16*12794.25*20~
REF*6R*DBSA0035907156-2~
LQ*HE*M51~
SVC*NU>0250*21.85*0**0**1~
DTM*472*20211224~
CAS*PI*16*21.85*1~
REF*6R*DBSA0035907156-1~
LQ*HE*M51~
CLP*5006982843*1*500*27.85*325*13*220114E032530000*13*1~
NM1*QC*1*KULECK*RONALD*W***MI*MEBVNHDL~
NM1*82*2*DUBOIS REGIONAL MED CTR*****XX*1144249657~
REF*1L*467242-021~
REF*CE*VALUE PPO NET 03400~
DTM*232*20211103~
DTM*233*20211103~
DTM*050*20220114~
PER*CX**TE*8006240756~
AMT*AU*500~
SVC*HC>20610>50*500*27.85*0510*1~
DTM*472*20211103~
CAS*CO*45*147.15~
CAS*PR*3*325~
REF*6R*DBSA0035905623-1~
AMT*B6*352.85~
LQ*HE*N59~
CLP*5006983319*1*231*72.87**13*220114E032540000*13*1~
NM1*QC*1*GAUL*SARA*B***MI*MEBTGW4T~
NM1*82*2*DUBOIS REGIONAL MED CTR*****XX*1144249657~
REF*1L*467428-129~
REF*CE*MEDICARE OPEN ACCESS PPO PLAN NET 03400~
DTM*232*20211123~
DTM*233*20211123~
DTM*050*20220114~
PER*CX**TE*8006240756~
AMT*AU*231~
SVC*HC>73502>RT*231*72.87*0320*1~
DTM*472*20211123~
CAS*CO*45*158.13~
REF*6R*DBSA0035905768-1~
AMT*B6*72.87~
LQ*HE*N59~
CLP*5006983907*1*371*173.64*25*13*220114E032550000*13*1~
NM1*QC*1*MILLER*ROBERT*L***MI*MEBTMC7L~
NM1*82*2*DUBOIS REGIONAL MED CTR*****XX*1144249657~
REF*1L*467470-406~
REF*CE*ADV PLAN 250 NET 03400~
DTM*232*20211130~
DTM*233*20211130~
DTM*050*20220114~
PER*CX**TE*8006240756~
AMT*AU*371~
SVC*HC>G0463>25*110*81.95*0510*1~
DTM*472*20211130~
CAS*CO*45*3.05~
CAS*PR*3*25~
REF*6R*DBSA0035905806-1~
AMT*B6*106.95~
LQ*HE*N59~
SVC*HC>90662*196*55.66*0636*1~
DTM*472*20211130~
CAS*CO*45*140.34~
REF*6R*DBSA0035905806-2~
AMT*B6*55.66~
LQ*HE*N59~
SVC*HC>G0008*65*36.03*0771*1~
DTM*472*20211130~
CAS*CO*45*28.97~
REF*6R*DBSA0035905806-3~
AMT*B6*36.03~
LQ*HE*N59~
CLP*5006972814*1*5354.65*1289.95*325*13*220114E032600000*13*1~
NM1*QC*1*THORPE*JAMES*E***MI*MEBVKS0S~
NM1*82*2*DUBOIS REGIONAL MED CTR*****XX*1144249657~
REF*1L*467242-021~
REF*CE*VALUE PPO NET 03400~
DTM*232*20211221~
DTM*233*20211221~
DTM*050*20220114~
PER*CX**TE*8006240756~
AMT*AU*3414~
SVC*NU>0250*10*0**0**1~
DTM*472*20211221~
CAS*CO*97*10*1~
REF*6R*DBSA0035907077-16~
LQ*HE*N130~
SVC*NU>0250*19.05*0**0**1~
DTM*472*20211221~
CAS*CO*97*19.05*1~
REF*6R*DBSA0035907077-1~
LQ*HE*N130~
SVC*NU>0258*13.8*0**0**1~
DTM*472*20211221~
CAS*CO*97*13.8*1~
REF*6R*DBSA0035907077-11~
LQ*HE*N130~
SVC*NU>0259*8.55*0**0**1~
DTM*472*20211221~
CAS*CO*97*8.55*1~
REF*6R*DBSA0035907077-2~
LQ*HE*N130~
SVC*NU>0259*11.25*0**0**1~
DTM*472*20211221~
CAS*CO*97*11.25*1~
REF*6R*DBSA0035907077-3~
LQ*HE*N130~
SVC*HC>C1758*27*0*0272*0**1~
DTM*472*20211221~
CAS*CO*97*27*1~
REF*6R*DBSA0035907077-4~
LQ*HE*M51~
LQ*HE*N130~
SVC*NU>0272*52*0**0**3~
DTM*472*20211221~
CAS*CO*97*52*3~
REF*6R*DBSA0035907077-6~
LQ*HE*N130~
SVC*NU>0272*81*0**0**1~
DTM*472*20211221~
CAS*CO*97*81*1~
REF*6R*DBSA0035907077-5~
LQ*HE*N130~
SVC*HC>74420*500*0*0320*0**1~
DTM*472*20211221~
CAS*CO*97*500*1~
REF*6R*DBSA0035907077-7~
LQ*HE*N130~
SVC*HC>52005*3414*1289.95*0360*1~
DTM*472*20211221~
CAS*CO*45*1799.05~
CAS*PR*3*325~
REF*6R*DBSA0035907077-8~
AMT*B6*1614.95~
LQ*HE*N59~
SVC*NU>0370*1050*0**0**1~
DTM*472*20211221~
CAS*CO*97*1050*1~
REF*6R*DBSA0035907077-9~
LQ*HE*N130~
SVC*HC>Q9965*100.25*0*0636*0**50~
DTM*472*20211221~
CAS*CO*97*100.25*50~
REF*6R*DBSA0035907077-10~
LQ*HE*N130~
SVC*HC>J2250*6*0*0636*0**2~
DTM*472*20211221~
CAS*CO*97*6*2~
REF*6R*DBSA0035907077-15~
LQ*HE*N130~
SVC*HC>J2405*5*0*0636*0**4~
DTM*472*20211221~
CAS*CO*97*5*4~
REF*6R*DBSA0035907077-14~
LQ*HE*N130~
SVC*HC>J2704*51.3*0*0636*0**60~
DTM*472*20211221~
CAS*CO*97*51.3*60~
REF*6R*DBSA0035907077-13~
LQ*HE*N130~
SVC*HC>J3010*5.45*0*0636*0**1~
DTM*472*20211221~
CAS*CO*97*5.45*1~
REF*6R*DBSA0035907077-12~
LQ*HE*N130~
CLP*5006984492*1*30*36.03**13*220114E057870000*13*1~
NM1*QC*1*HOMER*BARBARA*T***MI*MEBT236T~
NM1*82*2*DUBOIS REGIONAL MED CTR*****XX*1144249657~
REF*1L*467428-141~
REF*CE*MEDICARE OPEN ACCESS PPO PLAN NET 03400~
DTM*232*20211213~
DTM*233*20211213~
DTM*050*20220114~
PER*CX**TE*8006240756~
AMT*AU*30~
SVC*HC>95115>PO*30*36.03*0924*1~
DTM*472*20211213~
CAS*CO*45*-6.03~
REF*6R*DBSA0035906293-1~
AMT*B6*36.03~
LQ*HE*N59~
CLP*5006983711*1*110*42.78**13*220114E057880000*13*1~
NM1*QC*1*RUSSELL*JAMES*H***MI*MEBTM60D~
NM1*82*2*DUBOIS REGIONAL MED CTR*****XX*1144249657~
REF*G1*2956379~
REF*1L*467473-273~
REF*CE*WEST ADV PLAN 100 NET 03400~
DTM*232*20211213~
DTM*233*20211213~
DTM*050*20220114~
PER*CX**TE*8006240756~
AMT*AU*110~
SVC*HC>G0463>PO*110*42.78*0510*1~
DTM*472*20211213~
CAS*CO*45*67.22~
REF*6R*DBSA0035906296-1~
AMT*B6*42.78~
LQ*HE*N59~
CLP*5006982422*1*266*72.87**13*220114E083070000*13*1~
NM1*QC*1*MABIE*EUGENE*R***MI*MEBFBGYQ~
NM1*82*2*DUBOIS REGIONAL MED CTR*****XX*1144249657~
REF*1L*467428-141~
REF*CE*MEDICARE OPEN ACCESS PPO PLAN NET 03400~
DTM*232*20211108~
DTM*233*20211108~
DTM*050*20220114~
PER*CX**TE*8006240756~
AMT*AU*266~
SVC*HC>73562>RT*266*72.87*0320*1~
DTM*472*20211108~
CAS*CO*45*193.13~
REF*6R*DBSA0035905642-1~
AMT*B6*72.87~
LQ*HE*N59~
CLP*5006984000*1*160*7.78*35*13*220114E083120000*13*1~
NM1*QC*1*SHIMMEL*GERALDINE****MI*MEBS5D3D~
NM1*82*2*DUBOIS REGIONAL MED CTR*****XX*1144249657~
REF*1L*467242-021~
REF*CE*VALUE PPO NET 03400~
DTM*232*20211214~
DTM*233*20211214~
DTM*050*20220114~
PER*CX**TE*8006240756~
AMT*AU*110~
SVC*HC>G0463>PO*110*7.78*0510*1~
DTM*472*20211214~
CAS*CO*45*67.22~
CAS*PR*3*35~
REF*6R*DBSA0035906493-1~
AMT*B6*42.78~
LQ*HE*N59~
SVC*HC>92133>PO*50*0*0510*0**1~
DTM*472*20211214~
CAS*CO*97*50*1~
REF*6R*DBSA0035906493-2~
LQ*HE*N130~
CLP*5006982846*1*500*27.85*325*13*220114E108170000*13*1~
NM1*QC*1*KULECK*RONALD*W***MI*MEBVNHDL~
NM1*82*2*DUBOIS REGIONAL MED CTR*****XX*1144249657~
REF*1L*467242-021~
REF*CE*VALUE PPO NET 03400~
DTM*232*20211028~
DTM*233*20211028~
DTM*050*20220114~
PER*CX**TE*8006240756~
AMT*AU*500~
SVC*HC>20610>50*500*27.85*0510*1~
DTM*472*20211028~
CAS*CO*45*147.15~
CAS*PR*3*325~
REF*6R*DBSA0035905594-1~
AMT*B6*352.85~
LQ*HE*N59~
CLP*5006983816*1*200*72.87**13*220114E108180000*13*1~
NM1*QC*1*PELLESCHI*VERNA*R***MI*MEBTGNBG~
NM1*82*2*DUBOIS REGIONAL MED CTR*****XX*1144249657~
REF*1L*467428-141~
REF*CE*MEDICARE OPEN ACCESS PPO PLAN NET 03400~
DTM*232*20211111~
DTM*233*20211111~
DTM*050*20220114~
PER*CX**TE*8006240756~
AMT*AU*200~
SVC*HC>73610>RT*200*72.87*0320*1~
DTM*472*20211111~
CAS*CO*45*127.13~
REF*6R*DBSA0035905668-1~
AMT*B6*72.87~
LQ*HE*N59~
CLP*5006984207*1*490*98.15**13*220114E108190000*13*1~
NM1*QC*1*KALINOSKI*DIANE*L***MI*MEBT01LZ~
NM1*82*2*DUBOIS REGIONAL MED CTR*****XX*1144249657~
REF*1L*467428-141~
REF*CE*MEDICARE OPEN ACCESS PPO PLAN NET 03400~
DTM*232*20211208~
DTM*233*20211208~
DTM*050*20220114~
PER*CX**TE*8006240756~
AMT*AU*490~
SVC*HC>73564>LT*490*98.15*0320*1~
DTM*472*20211208~
CAS*CO*45*391.85~
REF*6R*DBSA0035905995-1~
AMT*B6*98.15~
LQ*HE*N59~
CLP*5006984849*1*110*42.78**13*220114E108230000*13*1~
NM1*QC*1*GASTON*JOSEPH*I***MI*MEBT9FVK~
NM1*82*2*DUBOIS REGIONAL MED CTR*****XX*1144249657~
REF*1L*467669-017~
REF*CE*MEDICARE (C04) ESA PPO PLAN NET 03400~
DTM*232*20211215~
DTM*233*20211215~
DTM*050*20220114~
PER*CX**TE*8006240756~
AMT*AU*110~
SVC*HC>G0463>PO*110*42.78*0510*1~
DTM*472*20211215~
CAS*CO*45*67.22~
REF*6R*DBSA0035906612-1~
AMT*B6*42.78~
LQ*HE*N59~
CLP*5006984726*1*110*7.78*35*13*220114E108240000*13*1~
NM1*QC*1*KAPP*RAY*E***MI*MEBTWKRB~
NM1*82*2*DUBOIS REGIONAL MED CTR*****XX*1144249657~
REF*1L*467242-020~
REF*CE*VALUE PPO NET 03400~
DTM*232*20211215~
DTM*233*20211215~
DTM*050*20220114~
PER*CX**TE*8006240756~
AMT*AU*110~
SVC*HC>G0463>PO*110*7.78*0510*1~
DTM*472*20211215~
CAS*CO*45*67.22~
CAS*PR*3*35~
REF*6R*DBSA0035906613-1~
AMT*B6*42.78~
LQ*HE*N59~
CLP*5006456220*1*671*85.6**13*220114E108270000*13*1~
NM1*QC*1*STREATOR*HENRY*S***MI*MEBFCZZQ~
NM1*82*2*DUBOIS REGIONAL MED CTR*****XX*1144249657~
REF*1L*467428-141~
REF*CE*MEDICARE OPEN ACCESS PPO PLAN NET 03400~
DTM*232*20210827~
DTM*233*20210827~
DTM*050*20220114~
PER*CX**TE*8006240756~
AMT*AU*671~
SVC*HC>84153*121*18.39*0301*1~
DTM*472*20210827~
CAS*CO*45*102.61~
REF*6R*DBSA0034559535-2~
AMT*B6*18.39~
LQ*HE*N59~
SVC*HC>87389*175*24.08*0302*1~
DTM*472*20210827~
CAS*CO*45*150.92~
REF*6R*DBSA0034559535-3~
AMT*B6*24.08~
LQ*HE*N59~
SVC*HC>87340*102*10.33*0302*1~
DTM*472*20210827~
CAS*CO*45*91.67~
REF*6R*DBSA0034559535-4~
AMT*B6*10.33~
LQ*HE*N59~
SVC*HC>86803*129*14.27*0302*1~
DTM*472*20210827~
CAS*CO*45*114.73~
REF*6R*DBSA0034559535-5~
AMT*B6*14.27~
LQ*HE*N59~
SVC*HC>86592*30*4.27*0302*1~
DTM*472*20210827~
CAS*CO*45*25.73~
REF*6R*DBSA0034559535-6~
AMT*B6*4.27~
LQ*HE*N59~
SVC*HC>86709*100*11.26*0309*1~
DTM*472*20210827~
CAS*CO*45*88.74~
REF*6R*DBSA0034559535-7~
AMT*B6*11.26~
LQ*HE*N59~
SVC*HC>36415*14*3*0300*1~
DTM*472*20210827~
CAS*CO*45*11~
REF*6R*DBSA0034559535-1~
AMT*B6*3~
LQ*HE*N59~
SE*1635*1005~
ST*835*1006~
BPR*I*7746.84*C*ACH*CCP*01*031100209*DA*0038865237*1066033492**01*043000096*DA*1136648396*20220121~
TRN*1*160118220237774*1066033492~
REF*EV*XXXXXXXXXXXXXXXXXXXXXXXXXXXXXX~
DTM*405*20220119~
N1*PR*AETNA~
N3*151 FARMINGTON AVENUE~
N4*HARTFORD*CT*06156~
REF*2U*60054~
PER*BL*Provider Service~
N1*PE*DUBOIS REGIONAL MED CTR*XX*1316537228~
N3*100 HOSPITAL AVENUE~
N4*DU BOIS*PA*15801~
REF*PQ*378318690~
REF*TJ*251490707~
LX*1~
TS3*1144249657*13*20221231*1*171~
CLP*5006983961*1*171*24.4**13*220114E057920000*13*1~
NM1*QC*1*ENNIS*NANCY****MI*MEBFCZQR~
NM1*82*2*DUBOIS REGIONAL MED CTR*****XX*1144249657~
REF*1L*467428-141~
REF*CE*MEDICARE OPEN ACCESS PPO PLAN NET 03400~
DTM*232*20211213~
DTM*233*20211213~
DTM*050*20220114~
PER*CX**TE*8006240756~
AMT*AU*171~
SVC*HC>82728>PO*92*13.63*0301*1~
DTM*472*20211213~
CAS*CO*45*78.37~
REF*6R*DBSA0035906324-2~
AMT*B6*13.63~
LQ*HE*N59~
SVC*HC>85025>PO*65*7.77*0305*1~
DTM*472*20211213~
CAS*CO*45*57.23~
REF*6R*DBSA0035906324-3~
AMT*B6*7.77~
LQ*HE*N59~
SVC*HC>36415>PO*14*3*0300*1~
DTM*472*20211213~
CAS*CO*45*11~
REF*6R*DBSA0035906324-1~
AMT*B6*3~
LQ*HE*N59~
LX*2~
TS3*1316537228*13*20221231*8*32811.98~
CLP*5006956304*1*5657.25*1823.3**13*220108E061280000*13*1~
NM1*QC*1*HOMER*BARBARA*T***MI*MEBT236T~
NM1*82*2*DUBOIS REGIONAL MED CTR*****XX*1316537228~
REF*1L*467428-141~
REF*CE*MEDICARE OPEN ACCESS PPO PLAN NET 03400~
DTM*232*20211223~
DTM*233*20211223~
DTM*050*20220108~
PER*CX**TE*8006240756~
AMT*AU*3414~
SVC*NU>0250*7.25*0**0**1~
DTM*472*20211223~
CAS*CO*97*7.25*1~
REF*6R*DBSA0035847109-13~
LQ*HE*N130~
SVC*NU>0250*30*0**0**1~
DTM*472*20211223~
CAS*CO*97*30*1~
REF*6R*DBSA0035847109-1~
LQ*HE*N130~
SVC*NU>0259*10.2*0**0**1~
DTM*472*20211223~
CAS*CO*97*10.2*1~
REF*6R*DBSA0035847109-3~
LQ*HE*N130~
SVC*NU>0259*18.9*0**0**1~
DTM*472*20211223~
CAS*CO*97*18.9*1~
REF*6R*DBSA0035847109-2~
LQ*HE*N130~
SVC*NU>0272*577*0**0**3~
DTM*472*20211223~
CAS*CO*97*577*3~
REF*6R*DBSA0035847109-5~
LQ*HE*N130~
SVC*NU>0272*42*0**0**1~
DTM*472*20211223~
CAS*CO*97*42*1~
REF*6R*DBSA0035847109-4~
LQ*HE*N130~
SVC*HC>V2632*447*0*0276*0**1~
DTM*472*20211223~
CAS*CO*97*447*1~
REF*6R*DBSA0035847109-6~
LQ*HE*M51~
LQ*HE*N130~
SVC*HC>66984>LT*3414*1823.3*0360*1~
DTM*472*20211223~
CAS*CO*45*1590.7~
REF*6R*DBSA0035847109-7~
AMT*B6*1823.3~
LQ*HE*N59~
SVC*NU>0370*1050*0**0**1~
DTM*472*20211223~
CAS*CO*97*1050*1~
REF*6R*DBSA0035847109-8~
LQ*HE*N130~
SVC*HC>J3010*5*0*0636*0**1~
DTM*472*20211223~
CAS*CO*97*5*1~
REF*6R*DBSA0035847109-9~
LQ*HE*N130~
SVC*HC>J0171*44.9*0*0636*0**10~
DTM*472*20211223~
CAS*CO*97*44.9*10~
REF*6R*DBSA0035847109-12~
LQ*HE*N130~
SVC*HC>J2250*6*0*0636*0**2~
DTM*472*20211223~
CAS*CO*97*6*2~
REF*6R*DBSA0035847109-11~
LQ*HE*N130~
SVC*HC>J2405*5*0*0636*0**4~
DTM*472*20211223~
CAS*CO*97*5*4~
REF*6R*DBSA0035847109-10~
LQ*HE*N130~
CLP*5006956420*1*5835*1823.3**13*220108E111160000*13*1~
NM1*QC*1*BLOOM*ROBERT*D***MI*MEBGNCZX~
NM1*82*2*DUBOIS REGIONAL MED CTR*****XX*1316537228~
REF*1L*467428-141~
REF*CE*MEDICARE OPEN ACCESS PPO PLAN NET 03400~
DTM*232*20211223~
DTM*233*20211223~
DTM*050*20220108~
PER*CX**TE*8006240756~
AMT*AU*3414~
SVC*NU>0250*30*0**0**1~
DTM*472*20211223~
CAS*CO*97*30*1~
REF*6R*DBSA0035847108-1~
LQ*HE*N130~
SVC*NU>0259*18.9*0**0**1~
DTM*472*20211223~
CAS*CO*97*18.9*1~
REF*6R*DBSA0035847108-2~
LQ*HE*N130~
SVC*NU>0259*10.2*0**0**1~
DTM*472*20211223~
CAS*CO*97*10.2*1~
REF*6R*DBSA0035847108-3~
LQ*HE*N130~
SVC*NU>0272*42*0**0**1~
DTM*472*20211223~
CAS*CO*97*42*1~
REF*6R*DBSA0035847108-4~
LQ*HE*N130~
SVC*NU>0272*577*0**0**3~
DTM*472*20211223~
CAS*CO*97*577*3~
REF*6R*DBSA0035847108-5~
LQ*HE*N130~
SVC*HC>V2632*447*0*0276*0**1~
DTM*472*20211223~
CAS*CO*97*447*1~
REF*6R*DBSA0035847108-6~
LQ*HE*N130~
SVC*HC>U0002*190*0*0306*0**1~
DTM*472*20211223~
CAS*CO*97*190*1~
REF*6R*DBSA0035847108-7~
LQ*HE*N130~
SVC*HC>66984>LT*3414*1823.3*0360*1~
DTM*472*20211223~
CAS*CO*45*1590.7~
REF*6R*DBSA0035847108-8~
AMT*B6*1823.3~
LQ*HE*N59~
SVC*NU>0370*1050*0**0**1~
DTM*472*20211223~
CAS*CO*97*1050*1~
REF*6R*DBSA0035847108-9~
LQ*HE*N130~
SVC*HC>J3010*5*0*0636*0**1~
DTM*472*20211223~
CAS*CO*97*5*1~
REF*6R*DBSA0035847108-10~
LQ*HE*N130~
SVC*HC>J2250*6*0*0636*0**2~
DTM*472*20211223~
CAS*CO*97*6*2~
REF*6R*DBSA0035847108-11~
LQ*HE*N130~
SVC*HC>J0171*44.9*0*0636*0**10~
DTM*472*20211223~
CAS*CO*97*44.9*10~
REF*6R*DBSA0035847108-12~
LQ*HE*N130~
CLP*5006964018*1*12202.22*1912.19*90*13*220113E132800000*13*1~
NM1*QC*1*LYONS*EVELYN****MI*MEBT538F~
NM1*82*2*DUBOIS REGIONAL MED CTR*****XX*1316537228~
REF*1L*467242-021~
REF*CE*VALUE PPO NET 03400~
DTM*232*20211224~
DTM*233*20211225~
DTM*050*20220113~
PER*CX**TE*8006240756~
AMT*AU*1365~
SVC*NU>0258*15.55*0**0**1~
DTM*472*20211224~
CAS*CO*97*15.55*1~
REF*6R*DBSA0035883450-1~
LQ*HE*N130~
SVC*NU>0258*15.55*0**0**1~
DTM*472*20211225~
CAS*CO*97*15.55*1~
REF*6R*DBSA0035883450-2~
LQ*HE*N130~
SVC*NU>0259*.2*0**0**1~
DTM*472*20211224~
CAS*CO*97*.2*1~
REF*6R*DBSA0035883450-3~
LQ*HE*N130~
SVC*NU>0259*20.6*0**0**1~
DTM*472*20211224~
CAS*CO*97*20.6*1~
REF*6R*DBSA0035883450-4~
LQ*HE*N130~
SVC*NU>0259*.4*0**0**2~
DTM*472*20211225~
CAS*CO*97*.4*2~
REF*6R*DBSA0035883450-5~
LQ*HE*N130~
SVC*NU>0272*21*0**0**1~
DTM*472*20211224~
CAS*CO*97*21*1~
REF*6R*DBSA0035883450-6~
LQ*HE*N130~
SVC*HC>36415*14*0*0300*0**1~
DTM*472*20211224~
CAS*CO*97*14*1~
REF*6R*DBSA0035883450-7~
LQ*HE*N130~
SVC*HC>36415*14*0*0300*0**1~
DTM*472*20211225~
CAS*CO*97*14*1~
REF*6R*DBSA0035883450-8~
LQ*HE*N130~
SVC*HC>84484*266*0*0301*0**2~
DTM*472*20211224~
CAS*CO*97*266*2~
REF*6R*DBSA0035883450-9~
LQ*HE*N130~
SVC*HC>83880*263*0*0301*0**1~
DTM*472*20211224~
CAS*CO*97*263*1~
REF*6R*DBSA0035883450-10~
LQ*HE*N130~
SVC*HC>83735*44*0*0301*0**1~
DTM*472*20211224~
CAS*CO*97*44*1~
REF*6R*DBSA0035883450-11~
LQ*HE*N130~
SVC*HC>83690*51*0*0301*0**1~
DTM*472*20211224~
CAS*CO*97*51*1~
REF*6R*DBSA0035883450-12~
LQ*HE*N130~
SVC*HC>80053*113*0*0301*0**1~
DTM*472*20211224~
CAS*CO*97*113*1~
REF*6R*DBSA0035883450-13~
LQ*HE*N130~
SVC*HC>80048*90*0*0301*0**1~
DTM*472*20211225~
CAS*CO*97*90*1~
REF*6R*DBSA0035883450-14~
LQ*HE*N130~
SVC*HC>85730*45*0*0305*0**1~
DTM*472*20211224~
CAS*CO*97*45*1~
REF*6R*DBSA0035883450-15~
LQ*HE*N130~
SVC*HC>85610*35*0*0305*0**1~
DTM*472*20211224~
CAS*CO*97*35*1~
REF*6R*DBSA0035883450-16~
LQ*HE*N130~
SVC*HC>85379*78*0*0305*0**1~
DTM*472*20211224~
CAS*CO*97*78*1~
REF*6R*DBSA0035883450-17~
LQ*HE*N130~
SVC*HC>85025*65*0*0305*0**1~
DTM*472*20211224~
CAS*CO*97*65*1~
REF*6R*DBSA0035883450-18~
LQ*HE*N130~
SVC*HC>85025*65*0*0305*0**1~
DTM*472*20211225~
CAS*CO*97*65*1~
REF*6R*DBSA0035883450-19~
LQ*HE*N130~
SVC*HC>87636*793*0*0306*0**1~
DTM*472*20211224~
CAS*CO*97*793*1~
REF*6R*DBSA0035883450-20~
LQ*HE*N130~
SVC*HC>87086*59*0*0306*0**1~
DTM*472*20211224~
CAS*CO*97*59*1~
REF*6R*DBSA0035883450-21~
LQ*HE*N130~
SVC*HC>87040*140*0*0306*0**2~
DTM*472*20211224~
CAS*CO*97*140*2~
REF*6R*DBSA0035883450-22~
LQ*HE*N130~
SVC*HC>81001*38*0*0307*0**1~
DTM*472*20211224~
CAS*CO*97*38*1~
REF*6R*DBSA0035883450-23~
LQ*HE*N130~
SVC*HC>71045*266*0*0324*0**1~
DTM*472*20211224~
CAS*CO*97*266*1~
REF*6R*DBSA0035883450-24~
LQ*HE*N130~
SVC*HC>74177>MG*1800*0*0352*0**1~
DTM*472*20211224~
CAS*CO*97*1800*1~
REF*6R*DBSA0035883450-25~
LQ*HE*N130~
SVC*HC>71275>ME*1400*0*0352*0**1~
DTM*472*20211224~
CAS*CO*97*1400*1~
REF*6R*DBSA0035883450-26~
LQ*HE*N130~
SVC*HC>G1004*.02*0*0359*0**2~
DTM*472*20211224~
CAS*CO*97*.02*2~
REF*6R*DBSA0035883450-27~
LQ*HE*N19~
SVC*HC>99285>25*1365*1912.19*0450*1~
DTM*472*20211224~
CAS*CO*45*-637.19~
CAS*PR*3*90~
REF*6R*DBSA0035883450-28~
AMT*B6*2002.19~
LQ*HE*N59~
SVC*HC>51702*502*0*0450*0**1~
DTM*472*20211224~
CAS*CO*97*502*1~
REF*6R*DBSA0035883450-29~
LQ*HE*N130~
SVC*HC>94761*109*0*0460*0**1~
DTM*472*20211225~
CAS*CO*97*109*1~
REF*6R*DBSA0035883450-30~
LQ*HE*N130~
SVC*HC>93306*1614*0*0480*0**1~
DTM*472*20211224~
CAS*CO*97*1614*1~
REF*6R*DBSA0035883450-31~
LQ*HE*N130~
SVC*HC>Q9967*272.4*0*0636*0**100~
DTM*472*20211224~
CAS*CO*97*272.4*100~
REF*6R*DBSA0035883450-32~
LQ*HE*N130~
SVC*HC>J2405*5*0*0636*0**4~
DTM*472*20211224~
CAS*CO*97*5*4~
REF*6R*DBSA0035883450-33~
LQ*HE*N130~
SVC*HC>J1940*10.5*0*0636*0**2~
DTM*472*20211224~
CAS*CO*97*10.5*2~
REF*6R*DBSA0035883450-34~
LQ*HE*N130~
SVC*HC>J1200*42.2*0*0636*0**4~
DTM*472*20211224~
CAS*CO*97*42.2*4~
REF*6R*DBSA0035883450-35~
LQ*HE*N130~
SVC*HC>J0696*43.75*0*0636*0**4~
DTM*472*20211224~
CAS*CO*97*43.75*4~
REF*6R*DBSA0035883450-36~
LQ*HE*N130~
SVC*HC>J1650*9.05*0*0636*0**3~
DTM*472*20211225~
CAS*CO*97*9.05*3~
REF*6R*DBSA0035883450-37~
LQ*HE*N130~
SVC*HC>J0696*5*0*0636*0**4~
DTM*472*20211225~
CAS*CO*97*5*4~
REF*6R*DBSA0035883450-38~
LQ*HE*N130~
SVC*HC>93005>XU*190*0*0730*0**1~
DTM*472*20211224~
CAS*CO*97*190*1~
REF*6R*DBSA0035883450-39~
LQ*HE*N130~
SVC*HC>G0378*960*0*0762*0**32~
DTM*472*20211224~
CAS*CO*97*960*32~
REF*6R*DBSA0035883450-40~
LQ*HE*N130~
SVC*HC>96375>XU*358*0*0940*0**2~
DTM*472*20211224~
CAS*CO*97*358*2~
REF*6R*DBSA0035883450-41~
LQ*HE*N130~
SVC*HC>96374>XU*497*0*0940*0**1~
DTM*472*20211224~
CAS*CO*97*497*1~
REF*6R*DBSA0035883450-42~
LQ*HE*N130~
SVC*HC>96372>XU*164*0*0940*0**1~
DTM*472*20211224~
CAS*CO*97*164*1~
REF*6R*DBSA0035883450-43~
LQ*HE*N130~
SVC*HC>96376*179*0*0940*0**1~
DTM*472*20211225~
CAS*CO*97*179*1~
REF*6R*DBSA0035883450-44~
LQ*HE*N130~
SVC*HC>96372*164*0*0940*0**1~
DTM*472*20211225~
CAS*CO*97*164*1~
REF*6R*DBSA0035883450-45~
LQ*HE*N130~
CLP*5006985363*1*456*70.94**13*220114E007640000*13*1~
NM1*QC*1*BLOOM*JAMES****MI*MEBS8VGC~
NM1*82*2*DUBOIS REGIONAL MED CTR*****XX*1316537228~
REF*1L*467428-141~
REF*CE*MEDICARE OPEN ACCESS PPO PLAN NET 03400~
DTM*232*20211220~
DTM*233*20211220~
DTM*050*20220114~
PER*CX**TE*8006240756~
AMT*AU*128~
SVC*HC>73110>RT*128*70.94*0320*1~
DTM*472*20211220~
CAS*CO*45*57.06~
REF*6R*DBSA0035907001-1~
AMT*B6*70.94~
LQ*HE*N59~
SVC*HC>73110>LT*128*0*0320*0**1~
DTM*472*20211220~
CAS*CO*97*128*1~
REF*6R*DBSA0035907001-2~
LQ*HE*N130~
SVC*HC>73030>RT*200*0*0320*0**1~
DTM*472*20211220~
CAS*CO*97*200*1~
REF*6R*DBSA0035907001-3~
LQ*HE*N130~
CLP*5006985099*1*306*84.26**13*220114E032610000*13*1~
NM1*QC*1*SMITH*RAYMOND****MI*MEBKBNZX~
NM1*82*2*DUBOIS REGIONAL MED CTR*****XX*1316537228~
REF*1L*467428-141~
REF*CE*MEDICARE OPEN ACCESS PPO PLAN NET 03400~
DTM*232*20211220~
DTM*233*20211220~
DTM*050*20220114~
PER*CX**TE*8006240756~
AMT*AU*306~
SVC*HC>86769*306*84.26*0309*2~
DTM*472*20211220~
CAS*CO*45*221.74~
REF*6R*DBSA0035907000-1~
AMT*B6*84.26~
LQ*HE*N59~
CLP*5006980341*1*7947.51*1927.19*75*13*220114E032620000*13*1~
NM1*QC*1*FLICKINGER*FAYE*M***MI*MEBQ65VG~
NM1*82*2*DUBOIS REGIONAL MED CTR*****XX*1316537228~
REF*1L*456918-120~
REF*CE*MA PPO ESA 10 SHBP PLAN NET 03400~
DTM*232*20211228~
DTM*233*20211229~
DTM*050*20220114~
PER*CX**TE*8006240756~
AMT*AU*1365~
SVC*NU>0258*13.8*0**0**1~
DTM*472*20211228~
CAS*CO*97*13.8*1~
REF*6R*DBSA0035907408-28~
LQ*HE*N130~
SVC*NU>0258*13.8*0**0**1~
DTM*472*20211228~
CAS*CO*97*13.8*1~
REF*6R*DBSA0035907408-27~
LQ*HE*N130~
SVC*NU>0259*6.15*0**0**1~
DTM*472*20211228~
CAS*CO*97*6.15*1~
REF*6R*DBSA0035907408-1~
LQ*HE*N130~
SVC*HC>96360>XU*497*0*0260*0**1~
DTM*472*20211228~
CAS*CO*97*497*1~
REF*6R*DBSA0035907408-2~
LQ*HE*N130~
SVC*NU>0272*21*0**0**1~
DTM*472*20211228~
CAS*CO*97*21*1~
REF*6R*DBSA0035907408-3~
LQ*HE*N130~
SVC*HC>36415*14*0*0300*0**1~
DTM*472*20211228~
CAS*CO*97*14*1~
REF*6R*DBSA0035907408-4~
LQ*HE*N130~
SVC*HC>36415*14*0*0300*0**1~
DTM*472*20211229~
CAS*CO*97*14*1~
REF*6R*DBSA0035907408-5~
LQ*HE*N130~
SVC*HC>84484*266*0*0301*0**2~
DTM*472*20211228~
CAS*CO*97*266*2~
REF*6R*DBSA0035907408-6~
LQ*HE*N130~
SVC*HC>80048*90*0*0301*0**1~
DTM*472*20211229~
CAS*CO*97*90*1~
REF*6R*DBSA0035907408-14~
LQ*HE*N130~
SVC*HC>80053*113*0*0301*0**1~
DTM*472*20211228~
CAS*CO*97*113*1~
REF*6R*DBSA0035907408-13~
LQ*HE*N130~
SVC*HC>82728*92*0*0301*0**1~
DTM*472*20211228~
CAS*CO*97*92*1~
REF*6R*DBSA0035907408-12~
LQ*HE*N130~
SVC*HC>82805*294*0*0301*0**1~
DTM*472*20211228~
CAS*CO*97*294*1~
REF*6R*DBSA0035907408-11~
LQ*HE*N130~
SVC*HC>83605*90*0*0301*0**1~
DTM*472*20211228~
CAS*CO*97*90*1~
REF*6R*DBSA0035907408-10~
LQ*HE*N130~
SVC*HC>83615*40*0*0301*0**1~
DTM*472*20211228~
CAS*CO*97*40*1~
REF*6R*DBSA0035907408-9~
LQ*HE*N130~
SVC*HC>83735*44*0*0301*0**1~
DTM*472*20211228~
CAS*CO*97*44*1~
REF*6R*DBSA0035907408-8~
LQ*HE*N130~
SVC*HC>83880*263*0*0301*0**1~
DTM*472*20211228~
CAS*CO*97*263*1~
REF*6R*DBSA0035907408-7~
LQ*HE*N130~
SVC*HC>86140*53*0*0302*0**1~
DTM*472*20211228~
CAS*CO*97*53*1~
REF*6R*DBSA0035907408-15~
LQ*HE*N130~
SVC*HC>85379*78*0*0305*0**1~
DTM*472*20211228~
CAS*CO*97*78*1~
REF*6R*DBSA0035907408-16~
LQ*HE*N130~
SVC*HC>85025*65*0*0305*0**1~
DTM*472*20211228~
CAS*CO*97*65*1~
REF*6R*DBSA0035907408-17~
LQ*HE*N130~
SVC*HC>87636*793*0*0306*0**1~
DTM*472*20211228~
CAS*CO*97*793*1~
REF*6R*DBSA0035907408-18~
LQ*HE*N130~
SVC*HC>87040*140*0*0306*0**2~
DTM*472*20211228~
CAS*CO*97*140*2~
REF*6R*DBSA0035907408-19~
LQ*HE*N130~
SVC*HC>81001*38*0*0307*0**1~
DTM*472*20211228~
CAS*CO*97*38*1~
REF*6R*DBSA0035907408-20~
LQ*HE*N130~
SVC*HC>71045*266*0*0324*0**1~
DTM*472*20211228~
CAS*CO*97*266*1~
REF*6R*DBSA0035907408-21~
LQ*HE*N130~
SVC*HC>71275>ME*1400*0*0352*0**1~
DTM*472*20211228~
CAS*CO*97*1400*1~
REF*6R*DBSA0035907408-22~
LQ*HE*N130~
SVC*HC>G1004*.01*0*0359*0**1~
DTM*472*20211228~
CAS*CO*97*.01*1~
REF*6R*DBSA0035907408-23~
LQ*HE*N19~
SVC*HC>36600*300*0*0410*0**1~
DTM*472*20211228~
CAS*CO*97*300*1~
REF*6R*DBSA0035907408-24~
LQ*HE*N130~
SVC*HC>99285>25*1365*1927.19*0450*1~
DTM*472*20211228~
CAS*CO*45*-637.19~
CAS*PR*3*75~
REF*6R*DBSA0035907408-25~
AMT*B6*2002.19~
LQ*HE*N59~
SVC*HC>Q9967*637.5*0*0636*0**75~
DTM*472*20211228~
CAS*CO*97*637.5*75~
REF*6R*DBSA0035907408-26~
LQ*HE*N130~
SVC*HC>J1650*16.25*0*0636*0**3~
DTM*472*20211228~
CAS*CO*97*16.25*3~
REF*6R*DBSA0035907408-29~
LQ*HE*N130~
SVC*HC>93005*190*0*0730*0**1~
DTM*472*20211228~
CAS*CO*97*190*1~
REF*6R*DBSA0035907408-30~
LQ*HE*N130~
SVC*HC>G0378*570*0*0762*0**19~
DTM*472*20211228~
CAS*CO*97*570*19~
REF*6R*DBSA0035907408-31~
LQ*HE*N130~
SVC*HC>96372>XU*164*0*0940*0**1~
DTM*472*20211228~
CAS*CO*97*164*1~
REF*6R*DBSA0035907408-32~
LQ*HE*N130~
CLP*5006985175*1*304*70.94**13*220114E057930000*13*1~
NM1*QC*1*SHIPP*JOHN****MI*101270498600~
NM1*74*1*SHIPP JR*****C*MEBTG5QM~
NM1*82*2*DUBOIS REGIONAL MED CTR*****XX*1316537228~
REF*1L*467428-141~
REF*CE*MEDICARE OPEN ACCESS PPO PLAN NET 03400~
DTM*232*20211216~
DTM*233*20211216~
DTM*050*20220114~
PER*CX**TE*8006240756~
AMT*AU*266~
SVC*HC>81001*38*0*0307*0**1~
DTM*472*20211216~
CAS*CO*97*38*1~
REF*6R*DBSA0035906762-1~
LQ*HE*N130~
SVC*HC>74018*266*70.94*0320*1~
DTM*472*20211216~
CAS*CO*45*195.06~
REF*6R*DBSA0035906762-2~
AMT*B6*70.94~
LQ*HE*N59~
CLP*5006985313*1*104*10.32**13*220114E083150000*13*1~
NM1*QC*1*MATHEWS*KAREN****MI*MEBTG8KF~
NM1*82*2*DUBOIS REGIONAL MED CTR*****XX*1316537228~
REF*1L*467428-141~
REF*CE*MEDICARE OPEN ACCESS PPO PLAN NET 03400~
DTM*232*20211220~
DTM*233*20211220~
DTM*050*20220114~
PER*CX**TE*8006240756~
AMT*AU*104~
SVC*HC>87086*59*8.07*0306*1~
DTM*472*20211220~
CAS*CO*45*50.93~
REF*6R*DBSA0035907002-1~
AMT*B6*8.07~
LQ*HE*N59~
SVC*HC>81003*45*2.25*0307*1~
DTM*472*20211220~
CAS*CO*45*42.75~
REF*6R*DBSA0035907002-2~
AMT*B6*2.25~
LQ*HE*N59~
SE*691*1006~
ST*835*1007~
BPR*I*66.48*C*ACH*CCP*01*031100209*DA*0038865237*1066033492**01*043000096*DA*1136648396*20220121~
TRN*1*160118220246841*1066033492~
REF*EV*XXXXXXXXXXXXXXXXXXXXXXXXXXXXXX~
DTM*405*20220119~
N1*PR*AETNA~
N3*151 FARMINGTON AVENUE~
N4*HARTFORD*CT*06156~
REF*2U*60054~
PER*BL*Provider Service~
N1*PE*DUBOIS REGIONAL MEDICAL CENTER*XX*1477657195~
N3*100 HOSPITAL AVENUE~
N4*DUBOIS*PA*158011440~
REF*PQ*378318690~
REF*TJ*251490707~
LX*1~
TS3*1972519072*22*20221231*2*985~
CLP*G3818755-01*1*68*66.48**13*220114E060930000*22*1~
NM1*QC*1*CANTON*RICHARD*A***MI*MEBVQYWS~
NM1*82*2*DUBOIS REGIONAL MEDICAL CENTER*****XX*1972519072~
REF*1L*467332-011~
REF*CE*MEDICARE (P02) PPO NET 03400~
DTM*232*20211228~
DTM*233*20211228~
DTM*050*20220114~
PER*CX**TE*8006240756~
AMT*AU*68~
SVC*HC>99213*68*66.48**1~
DTM*472*20211228~
CAS*CO*45*1.52~
REF*6R*9151747~
AMT*B6*66.48~
LQ*HE*N59~
CLP*G3812614-01*1*917*0**13*220114E111260000*22*1~
NM1*QC*1*CANTON*RICHARD*A***MI*MEBVQYWS~
NM1*82*2*DUBOIS REGIONAL MEDICAL CENTER*****XX*1972519072~
REF*1L*467332-011~
REF*CE*MEDICARE (P02) PPO NET 03400~
DTM*232*20211207~
DTM*233*20211207~
DTM*050*20220114~
PER*CX**TE*8006240756~
SVC*HC>52442*137*0**0**3~
DTM*472*20211207~
CAS*PI*252*137*1~
REF*6R*9151745~
LQ*HE*N710~
SVC*HC>52442*137*0**0**3~
DTM*472*20211207~
CAS*PI*252*137*1~
REF*6R*9151745~
LQ*HE*N710~
SVC*HC>52442*137*0**0**3~
DTM*472*20211207~
CAS*PI*252*137*1~
REF*6R*9151745~
LQ*HE*N710~
SVC*HC>52441*506*0**0**1~
DTM*472*20211207~
CAS*PI*252*506*1~
REF*6R*9151744~
LQ*HE*N710~
SE*63*1007~
ST*835*1008~
BPR*I*8.88*C*ACH*CCP*01*031100209*DA*0038865237*1066033492**01*043000096*DA*1136648396*20220121~
TRN*1*160118220246908*1066033492~
REF*EV*XXXXXXXXXXXXXXXXXXXXXXXXXXXXXX~
DTM*405*20220119~
N1*PR*AETNA~
N3*151 FARMINGTON AVENUE~
N4*HARTFORD*CT*06156~
REF*2U*60054~
PER*BL*Provider Service~
N1*PE*DUBOIS REGIONAL MEDICAL CENTER*XX*1144249657~
N3*100 HOSPITAL AVE~
N4*DU BOIS*PA*158011440~
REF*PQ*378318690~
REF*TJ*251490707~
LX*1~
TS3*1720235997*11*20221231*4*183~
CLP*5006987546*1*19*0**13*220114E010700000*22*1~
NM1*QC*1*BARBER*MARY****MI*MEBSHPRH~
NM1*82*2*DUBOIS REGIONAL MEDICAL CENTER*****XX*1720235997~
REF*1L*467428-129~
REF*CE*MEDICARE OPEN ACCESS PPO PLAN NET 03400~
DTM*232*20210821~
DTM*233*20210821~
DTM*050*20220114~
PER*CX**TE*8006240756~
SVC*HC>72040>26*19*0**0**1~
DTM*472*20210821~
CAS*CO*B13*19*1~
REF*6R*DBSA0035908039-1~
CLP*5006987528*1*136*0**13*220114E035660000*23*1~
NM1*QC*1*WOJTOWICH*KAY****MI*MEBK5KQT~
NM1*82*2*DUBOIS REGIONAL MEDICAL CENTER*****XX*1720235997~
REF*1L*467428-141~
REF*CE*MEDICARE OPEN ACCESS PPO PLAN NET 03400~
DTM*232*20210821~
DTM*233*20210821~
DTM*050*20220114~
PER*CX**TE*8006240756~
SVC*HC>74176>26*136*0**0**1~
DTM*472*20210821~
CAS*CO*B13*136*1~
REF*6R*DBSA0035908038-1~
CLP*5006987530*1*14*0**13*220114E111220000*23*1~
NM1*QC*1*MCCONNELL*CHARLES****MI*MEBSPY0G~
NM1*82*2*DUBOIS REGIONAL MEDICAL CENTER*****XX*1720235997~
REF*1L*467428-129~
REF*CE*MEDICARE OPEN ACCESS PPO PLAN NET 03400~
DTM*232*20210822~
DTM*233*20210822~
DTM*050*20220114~
PER*CX**TE*8006240756~
SVC*HC>73130>26>RT*14*0**0**1~
DTM*472*20210822~
CAS*CO*B13*14*1~
REF*6R*DBSA0035908051-1~
CLP*5006987526*1*14*8.88**13*220114E111230000*23*1~
NM1*QC*1*WOJTOWICH*KAY****MI*MEBK5KQT~
NM1*82*2*DUBOIS REGIONAL MEDICAL CENTER*****XX*1720235997~
REF*1L*467428-141~
REF*CE*MEDICARE OPEN ACCESS PPO PLAN NET 03400~
DTM*232*20210822~
DTM*233*20210822~
DTM*050*20220114~
PER*CX**TE*8006240756~
AMT*AU*14~
SVC*HC>71045>26*14*8.88**1~
DTM*472*20210822~
CAS*CO*45*5.12~
REF*6R*DBSA0035908050-1~
AMT*B6*8.88~
LQ*HE*N59~
SE*73*1008~
ST*835*1009~
BPR*I*141.92*C*ACH*CCP*01*031100209*DA*0038865237*1066033492**01*043000096*DA*1136648396*20220121~
TRN*1*160118220247225*1066033492~
REF*EV*XXXXXXXXXXXXXXXXXXXXXXXXXXXXXX~
DTM*405*20220119~
N1*PR*AETNA~
N3*151 FARMINGTON AVENUE~
N4*HARTFORD*CT*06156~
REF*2U*60054~
PER*BL*Provider Service~
N1*PE*DUBOIS REGIONAL MEDICAL CENTER*XX*1598927741~
N3*100 HOSPITAL AVE~
N4*DUBOIS*PA*158011440~
REF*PQ*378318690~
REF*TJ*251490707~
LX*1~
TS3*1215032958*22*20221231*1*295~
CLP*G3804933-01*1*295*141.92**13*220114E060950000*22*1~
NM1*QC*1*OAKS*JOHN*M***MI*101385096900~
NM1*74*1******C*MEBT889M~
NM1*82*2*DUBOIS REGIONAL MEDICAL CENTER*****XX*1215032958~
REF*1L*467669-017~
REF*CE*MEDICARE (C04) ESA PPO PLAN NET 03400~
DTM*232*20211214~
DTM*233*20211214~
DTM*050*20220114~
PER*CX**TE*8006240756~
AMT*AU*295~
SVC*HC>99495*295*141.92**1~
DTM*472*20211214~
CAS*CO*45*153.08~
REF*6R*9151464~
AMT*B6*141.92~
LQ*HE*N59~
SVC*HC>3052F*0*0**1~
DTM*472*20211214~
REF*6R*9151463~
SVC*HC>1111F*0*0**1~
DTM*472*20211214~
REF*6R*9151465~
SE*41*1009~
ST*835*1011~
BPR*I*5.2*C*ACH*CCP*01*031100209*DA*0038865237*1066033492**01*043000096*DA*1136648396*20220121~
TRN*1*160118220248291*1066033492~
REF*EV*XXXXXXXXXXXXXXXXXXXXXXXXXXXXXX~
DTM*405*20220119~
N1*PR*AETNA~
N3*151 FARMINGTON AVENUE~
N4*HARTFORD*CT*06156~
REF*2U*60054~
PER*BL*Provider Service~
N1*PE*DUBOIS REGIONAL MEDICAL CENTER*XX*1659534337~
N3*100 HOSPITAL AVE~
N4*DU BOIS*PA*158011440~
REF*PQ*378318690~
REF*TJ*251490707~
LX*1~
TS3*1598874679*22*20221231*1*68~
CLP*G3821123-01*1*68*5.2*61.28*13*220114E035680000*22*1~
NM1*QC*1*ANDERSON*VINCENT*E***MI*101393567300~
NM1*74*1******C*MEBVYVVY~
NM1*82*2*DUBOIS REGIONAL MEDICAL CENTER*****XX*1598874679~
REF*1L*467406-015~
REF*CE*MEDICARE (P01) ESA PPO PLAN NET 03400~
DTM*232*20211230~
DTM*233*20211230~
DTM*050*20220114~
PER*CX**TE*8006240756~
AMT*AU*68~
SVC*HC>99213*68*5.2**1~
DTM*472*20211230~
CAS*CO*45*1.52~
CAS*PR*1*61.28~
REF*6R*9149244~
AMT*B6*66.48~
LQ*HE*N59~
SE*36*1011~
ST*835*1012~
BPR*I*58.41*C*ACH*CCP*01*031100209*DA*0038865237*1066033492**01*043000096*DA*1136648396*20220121~
TRN*1*160118220248301*1066033492~
REF*EV*XXXXXXXXXXXXXXXXXXXXXXXXXXXXXX~
DTM*405*20220119~
N1*PR*AETNA~
N3*151 FARMINGTON AVENUE~
N4*HARTFORD*CT*06156~
REF*2U*60054~
PER*BL*Provider Service~
N1*PE*DUBOIS REGIONAL MEDICAL CENTER*XX*1992802391~
N3*100 HOSPITAL AVENUE~
N4*DU BOIS*PA*158011440~
REF*PQ*378318690~
REF*TJ*251490707~
LX*1~
TS3*1407866726*23*20221231*1*230~
CLP*Z8YY2X9*1*230*58.41**13*220113E054900001*23*1~
NM1*QC*1*MURRAY*RICHARD*W***MI*MEBJ410S~
NM1*82*2*DUBOIS REGIONAL MEDICAL CENTER*****XX*1407866726~
REF*1L*467428-141~
REF*CE*MEDICARE OPEN ACCESS PPO PLAN NET 03400~
DTM*232*20211221~
DTM*233*20211221~
DTM*050*20220113~
PER*CX**TE*8006240756~
AMT*AU*230~
SVC*HC>12002*230*58.41**1~
DTM*472*20211221~
CAS*CO*45*171.59~
REF*6R*621844~
AMT*B6*58.41~
LQ*HE*N59~
SE*34*1012~
ST*835*1013~
BPR*I*21.88*C*ACH*CCP*01*031100209*DA*0038865237*1066033492**01*043000096*DA*1136648396*20220121~
TRN*1*160118220251199*1066033492~
REF*EV*XXXXXXXXXXXXXXXXXXXXXXXXXXXXXX~
DTM*405*20220119~
N1*PR*AETNA~
N3*151 FARMINGTON AVENUE~
N4*HARTFORD*CT*06156~
REF*2U*60054~
PER*BL*Provider Service~
N1*PE*DUBOIS REGIONAL MEDICAL CENTER*XX*1144249657~
N3*100 HOSPITAL AVE~
N4*DUBOIS*PA*158011440~
REF*PQ*378318690~
REF*TJ*251490707~
LX*1~
TS3*1265428908*23*20221231*3*38.99~
CLP*5006962538*22*-143.01*-87.92**13*220108E116670001~
NM1*QC*1*WOJTOWICH*KAY*M***MI*MEBK5KQT~
NM1*82*2*DUBOIS REGIONAL MEDICAL CENTER*****XX*1265428908~
REF*1L*467428-141~
REF*CE*MEDICARE OPEN ACCESS PPO PLAN NET 02151~
DTM*232*20211223~
DTM*233*20211223~
DTM*050*20220108~
PER*CX**TE*8006240756~
SVC*HC>74177>ME>26*-143*-87.92**1~
DTM*472*20211223~
CAS*CO*45*-55.08~
LQ*HE*N59~
LQ*HE*N694~
SVC*HC>G1004*-.01*0**0**1~
DTM*472*20211223~
CAS*CO*97*-.01*1~
LQ*HE*N19~
LQ*HE*N694~
CLP*5006986535*1*39*21.88**13*220114E010730000*23*1~
NM1*QC*1*TABONE*ROSE*J***MI*MEBD9S0Q~
NM1*74*1**ROSE JANE~
NM1*82*2*DUBOIS REGIONAL MEDICAL CENTER*****XX*1265428908~
REF*1L*467428-141~
REF*CE*MEDICARE OPEN ACCESS PPO PLAN NET 03400~
DTM*232*20211228~
DTM*233*20211228~
DTM*050*20220114~
PER*CX**TE*8006240756~
AMT*AU*39~
SVC*HC>73564>26>LT*20*10.94**1~
DTM*472*20211228~
CAS*CO*45*9.06~
REF*6R*DBSA0035908561-1~
AMT*B6*10.94~
LQ*HE*N59~
SVC*HC>73502>26>LT*19*10.94**1~
DTM*472*20211228~
CAS*CO*45*8.06~
REF*6R*DBSA0035908561-2~
AMT*B6*10.94~
LQ*HE*N59~
CLP*5006971488*1*143*87.92**13*220114E060920000*23*7~
NM1*QC*1*WOJTOWICH*KAY****MI*MEBK5KQT~
NM1*82*2*DUBOIS REGIONAL MEDICAL CENTER*****XX*1265428908~
REF*1L*467428-141~
REF*CE*MEDICARE OPEN ACCESS PPO PLAN NET 03400~
DTM*232*20211223~
DTM*233*20211223~
DTM*050*20220114~
PER*CX**TE*8006240756~
AMT*AU*143~
SVC*HC>74177>ME>26*143*87.92**1~
DTM*472*20211223~
CAS*CO*45*55.08~
REF*6R*DBSA0035884865-1~
AMT*B6*87.92~
LQ*HE*N59~
SE*76*1013~
ST*835*1014~
BPR*H*0*C*NON************20220117~
TRN*1*FC9220190004499*1066033492~
REF*EV*XXXXXXXXXXXXXXXXXXXXXXXXXXXXXX~
DTM*405*20220119~
N1*PR*AETNA~
N3*151 FARMINGTON AVENUE~
N4*HARTFORD*CT*06156~
REF*2U*60054~
PER*BL*Provider Service~
N1*PE*DUBOIS REGIONAL MEDICAL CENTER*XX*1144249657~
N3*100 HOSPITAL AVE~
N4*DUBOIS*PA*158011440~
REF*PQ*378318690~
REF*TJ*251490707~
LX*1~
TS3*1699866103*11*20221231*1*1048.8~
CLP*5006431657*1*1048.8*0**13*2112271159680000*21~
NM1*QC*1*KONTRA*VALERIE*K~
NM1*IL*1*KONTRA*VALERIE****MI*MEBMZ9VP~
NM1*82*2*DUBOIS REGIONAL MEDICAL CENTER*****XX*1699866103~
REF*G1*1809328~
REF*1L*466915-082~
REF*CE*USS MEDICARE PPO PLAN NET 03400~
DTM*232*20210801~
DTM*233*20210801~
DTM*050*20211227~
PER*CX**TE*8006240756~
SVC*HC>00400>QX*1048.8*0**0**92~
DTM*472*20210801~
CAS*OA*18*1048.8*9~
REF*6R*00000000001~
LQ*HE*N522~
SE*34*1014~
ST*835*1015~
BPR*I*56.51*C*ACH*CCP*01*031100209*DA*0038865237*1066033492**01*043000096*DA*1136648396*20220121~
TRN*1*160118220255756*1066033492~
REF*EV*XXXXXXXXXXXXXXXXXXXXXXXXXXXXXX~
DTM*405*20220119~
N1*PR*AETNA~
N3*151 FARMINGTON AVENUE~
N4*HARTFORD*CT*06156~
REF*2U*60054~
PER*BL*Provider Service~
N1*PE*DUBOIS REGIONAL MEDICAL CENTER*XX*1932464039~
N3*100 HOSPITAL AVE~
N4*DUBOIS*PA*158011440~
REF*PQ*378318690~
REF*TJ*251490707~
LX*1~
TS3*1881794089*22*20221231*1*80~
CLP*5006986582*1*80*56.51**13*220114E111240000*22*1~
NM1*QC*1*IRWIN*CAROLYN*J***MI*MEBFCR1Q~
NM1*82*2*DUBOIS REGIONAL MEDICAL CENTER*****XX*1881794089~
REF*1L*467428-141~
REF*CE*MEDICARE OPEN ACCESS PPO PLAN NET 03400~
DTM*232*20211229~
DTM*233*20211229~
DTM*050*20220114~
PER*CX**TE*8006240756~
AMT*AU*80~
SVC*HC>99213*80*56.51**1~
DTM*472*20211229~
CAS*CO*45*23.49~
REF*6R*DBSA0035908734-1~
AMT*B6*56.51~
LQ*HE*N59~
SE*34*1015~
ST*835*1016~
BPR*I*157*C*ACH*CCP*01*031100209*DA*0038865237*1066033492**01*043000096*DA*1136648396*20220121~
TRN*1*160118220255757*1066033492~
REF*EV*XXXXXXXXXXXXXXXXXXXXXXXXXXXXXX~
DTM*405*20220119~
N1*PR*AETNA~
N3*151 FARMINGTON AVENUE~
N4*HARTFORD*CT*06156~
REF*2U*60054~
PER*BL*Provider Service~
N1*PE*DUBOIS REGIONAL MEDICAL CENTER*XX*1982780979~
N3*100 HOSPITAL AVE~
N4*DUBOIS*PA*158011440~
REF*PQ*378318690~
REF*TJ*251490707~
LX*1~
TS3*1124092432*21*20221231*2*410~
CLP*G3776363-01*1*335*121.92**13*220114E060940000*21*1~
NM1*QC*1*BODENHORN*MADISON*L***MI*MEBFFB9S~
NM1*82*2*DUBOIS REGIONAL MEDICAL CENTER*****XX*1124092432~
REF*G1*2503665~
REF*1L*467428-141~
REF*CE*MEDICARE OPEN ACCESS PPO PLAN NET 03400~
DTM*232*20211022~
DTM*233*20211022~
DTM*050*20220114~
PER*CX**TE*8006240756~
AMT*AU*335~
SVC*HC>99222*335*121.92**1~
DTM*472*20211022~
CAS*CO*45*213.08~
REF*6R*8865060~
AMT*B6*121.92~
CLP*G3776368-01*1*75*35.08**13*220114E111250000*21*1~
NM1*QC*1*BODENHORN*MADISON*L***MI*MEBFFB9S~
NM1*82*2*DUBOIS REGIONAL MEDICAL CENTER*****XX*1124092432~
REF*G1*2503665~
REF*1L*467428-141~
REF*CE*MEDICARE OPEN ACCESS PPO PLAN NET 03400~
DTM*232*20211024~
DTM*233*20211024~
DTM*050*20220114~
PER*CX**TE*8006240756~
AMT*AU*75~
SVC*HC>99231*75*35.08**1~
DTM*472*20211024~
CAS*CO*45*39.92~
REF*6R*9149163~
AMT*B6*35.08~
SE*50*1016~
ST*835*1017~
BPR*I*434.71*C*ACH*CCP*01*031100209*DA*0038865237*1066033492**01*043000096*DA*1136648396*20220121~
TRN*1*160118220255823*1066033492~
REF*EV*XXXXXXXXXXXXXXXXXXXXXXXXXXXXXX~
DTM*405*20220119~
N1*PR*AETNA~
N3*151 FARMINGTON AVENUE~
N4*HARTFORD*CT*06156~
REF*2U*60054~
PER*BL*Provider Service~
N1*PE*DUBOIS REGIONAL MEDICAL CENTER*XX*1144249657~
N3*100 HOSPITAL AVENUE~
N4*DUBOIS*PA*158011440~
REF*PQ*378318690~
REF*TJ*251490707~
LX*1~
TS3*1053679951*22*20221231*2*1250~
CLP*5006980766*1*1200*378.98**13*220113E011290000*22*1~
NM1*QC*1*BRINK*SHERYLE****MI*MEBL42QN~
NM1*82*2*DUBOIS REGIONAL MEDICAL CENTER*****XX*1053679951~
REF*1L*467428-141~
REF*CE*MEDICARE OPEN ACCESS PPO PLAN NET 03400~
DTM*232*20211223~
DTM*233*20211223~
DTM*050*20220113~
PER*CX**TE*8006240756~
AMT*AU*1200~
SVC*HC>88342>26*104*34.56**1~
DTM*472*20211223~
CAS*CO*45*69.44~
REF*6R*DBSA0035899572-3~
AMT*B6*34.56~
LQ*HE*N59~
SVC*HC>88341>26>XU*78*28.04**1~
DTM*472*20211223~
CAS*CO*45*49.96~
REF*6R*DBSA0035899572-13~
AMT*B6*28.04~
LQ*HE*N59~
SVC*HC>88341>26>XU*78*28.04**1~
DTM*472*20211223~
CAS*CO*45*49.96~
REF*6R*DBSA0035899572-12~
AMT*B6*28.04~
LQ*HE*N59~
SVC*HC>88341>26>XU*78*28.04**1~
DTM*472*20211223~
CAS*CO*45*49.96~
REF*6R*DBSA0035899572-11~
AMT*B6*28.04~
LQ*HE*N59~
SVC*HC>88341>26>XU*78*28.04**1~
DTM*472*20211223~
CAS*CO*45*49.96~
REF*6R*DBSA0035899572-10~
AMT*B6*28.04~
LQ*HE*N59~
SVC*HC>88341>26>XU*78*28.04**1~
DTM*472*20211223~
CAS*CO*45*49.96~
REF*6R*DBSA0035899572-9~
AMT*B6*28.04~
LQ*HE*N59~
SVC*HC>88341>26>XU*78*28.04**1~
DTM*472*20211223~
CAS*CO*45*49.96~
REF*6R*DBSA0035899572-8~
AMT*B6*28.04~
LQ*HE*N59~
SVC*HC>88341>26>XU*78*28.04**1~
DTM*472*20211223~
CAS*CO*45*49.96~
REF*6R*DBSA0035899572-7~
AMT*B6*28.04~
LQ*HE*N59~
SVC*HC>88341>26>XU*78*28.04**1~
DTM*472*20211223~
CAS*CO*45*49.96~
REF*6R*DBSA0035899572-6~
AMT*B6*28.04~
LQ*HE*N59~
SVC*HC>88341>26>XU*78*28.04**1~
DTM*472*20211223~
CAS*CO*45*49.96~
REF*6R*DBSA0035899572-5~
AMT*B6*28.04~
LQ*HE*N59~
SVC*HC>88341>26*78*28.04**1~
DTM*472*20211223~
CAS*CO*45*49.96~
REF*6R*DBSA0035899572-4~
AMT*B6*28.04~
LQ*HE*N59~
SVC*HC>88305>26*188*36.96**1~
DTM*472*20211223~
CAS*CO*45*151.04~
REF*6R*DBSA0035899572-1~
AMT*B6*36.96~
LQ*HE*N59~
SVC*HC>88104>26*128*27.06**1~
DTM*472*20211223~
CAS*CO*45*100.94~
REF*6R*DBSA0035899572-2~
AMT*B6*27.06~
LQ*HE*N59~
CLP*5006986880*1*50*18.77**13*220114E035640000*22*1~
NM1*QC*1*HALEY*PAULA****MI*MEBVSYGV~
NM1*82*2*DUBOIS REGIONAL MEDICAL CENTER*****XX*1053679951~
REF*1L*467428-141~
REF*CE*MEDICARE OPEN ACCESS PPO PLAN NET 03400~
DTM*232*20211230~
DTM*233*20211230~
DTM*050*20220114~
PER*CX**TE*8006240756~
AMT*AU*50~
SVC*HC>80500*50*18.77**1~
DTM*472*20211230~
CAS*CO*45*31.23~
REF*6R*DBSA0035908777-1~
AMT*B6*18.77~
LQ*HE*N59~
LX*2~
TS3*1144503020*22*20221231*1*188~
CLP*5006975787*1*188*36.96**13*220112E179290000*22*1~
NM1*QC*1*STILES*JAMES*D***MI*MEBF0HCD~
NM1*82*2*DUBOIS REGIONAL MEDICAL CENTER*****XX*1144503020~
REF*1L*467428-141~
REF*CE*MEDICARE OPEN ACCESS PPO PLAN NET 03400~
DTM*232*20211223~
DTM*233*20211223~
DTM*050*20220112~
PER*CX**TE*8006240756~
AMT*AU*188~
SVC*HC>88305>26*188*36.96**1~
DTM*472*20211223~
CAS*CO*45*151.04~
REF*6R*DBSA0035884864-1~
AMT*B6*36.96~
LQ*HE*N59~
SE*140*1017~
ST*835*1018~
BPR*I*98.2*C*ACH*CCP*01*031100209*DA*0038865237*1066033492**01*043000096*DA*1136648396*20220121~
TRN*1*160118220257246*1066033492~
REF*EV*XXXXXXXXXXXXXXXXXXXXXXXXXXXXXX~
DTM*405*20220119~
N1*PR*AETNA~
N3*151 FARMINGTON AVENUE~
N4*HARTFORD*CT*06156~
REF*2U*60054~
PER*BL*Provider Service~
N1*PE*DUBOIS REGIONAL MEDICAL CENTER*XX*1245341387~
N3*100 HOSPITAL AVE~
N4*DU BOIS*PA*158011440~
REF*PQ*378318690~
REF*TJ*251490707~
LX*1~
TS3*1912915554*19*20221231*1*100~
CLP*G3819203-01*1*100*98.2**13*220113E052960000*19*1~
NM1*QC*1*MARINO*FRANK*W***MI*MEBD94KQ~
NM1*82*2*DUBOIS REGIONAL MEDICAL CENTER*****XX*1912915554~
REF*1L*467428-141~
REF*CE*MEDICARE OPEN ACCESS PPO PLAN NET 03400~
DTM*232*20211229~
DTM*233*20211229~
DTM*050*20220113~
PER*CX**TE*8006240756~
AMT*AU*100~
SVC*HC>99214*100*98.2**1~
DTM*472*20211229~
CAS*CO*45*1.8~
REF*6R*9141212~
AMT*B6*98.2~
LQ*HE*N59~
SE*34*1018~
ST*835*1019~
BPR*I*233.15*C*ACH*CCP*01*031100209*DA*0038865237*1066033492**01*043000096*DA*1136648396*20220121~
TRN*1*160118220259317*1066033492~
REF*EV*XXXXXXXXXXXXXXXXXXXXXXXXXXXXXX~
DTM*405*20220119~
N1*PR*AETNA~
N3*151 FARMINGTON AVENUE~
N4*HARTFORD*CT*06156~
REF*2U*60054~
PER*BL*Provider Service~
N1*PE*DUBOIS REGIONAL MEDICAL CENTER*XX*1144249657~
N3*100 HOSPITAL AVE~
N4*DUBOIS*PA*158011440~
REF*PQ*378318690~
REF*TJ*251490707~
LX*1~
TS3*1528363108*22*20221231*1*260~
CLP*5006986560*1*260*140.47**13*220114E111210000*22*1~
NM1*QC*1*GIBSON*JANICE****MI*MEBTGPLN~
NM1*82*2*DUBOIS REGIONAL MEDICAL CENTER*****XX*1528363108~
REF*1L*467428-141~
REF*CE*MEDICARE OPEN ACCESS PPO PLAN NET 03400~
DTM*232*20211228~
DTM*233*20211228~
DTM*050*20220114~
PER*CX**TE*8006240756~
AMT*AU*260~
SVC*HC>19285>RT*113*42.14**1~
DTM*472*20211228~
CAS*CO*45*70.86~
REF*6R*DBSA0035908565-2~
AMT*B6*42.14~
LQ*HE*N59~
SVC*HC>19281>RT*147*98.33**1~
DTM*472*20211228~
CAS*CO*45*48.67~
REF*6R*DBSA0035908565-1~
AMT*B6*98.33~
LQ*HE*N59~
LX*2~
TS3*1710971551*22*20221231*1*136~
CLP*5006545038*1*136*84.14**13*220111C625540000*22*1~
NM1*QC*1*FRANKHOUSER*WILLIAM****MI*MEBF0CKS~
NM1*82*2*DUBOIS REGIONAL MEDICAL CENTER*****XX*1710971551~
REF*1L*467428-141~
REF*CE*MEDICARE OPEN ACCESS PPO PLAN NET 03400~
DTM*232*20210920~
DTM*233*20210920~
DTM*050*20220111~
PER*CX**TE*8006240756~
AMT*AU*136~
SVC*HC>74176>26*136*84.14**1~
DTM*472*20210920~
CAS*CO*45*51.86~
REF*6R*DBSA0034770416-1~
AMT*B6*84.14~
LQ*HE*N59~
LX*3~
TS3*1952381386*23*20221231*2*0~
CLP*5005967727*22*-14*0**13*210414E331510003~
NM1*QC*1*DICKEY*BONNIE*J***MI*MEBJ926S~
NM1*82*2*DUBOIS REGIONAL MEDICAL CENTER*****XX*1952381386~
REF*1L*467428-141~
REF*CE*MEDICARE OPEN ACCESS PPO PLAN NET 02151~
DTM*232*20210405~
DTM*233*20210405~
DTM*050*20210414~
PER*CX**TE*8006240756~
SVC*HC>73110>26>LT*-14*0**0**1~
DTM*472*20210405~
CAS*OA*18*-14*1~
LQ*HE*N522~
LQ*HE*N694~
CLP*5006967682*1*14*8.54**13*220111E056410000*23*7~
NM1*QC*1*DICKEY*BONNIE*J***MI*MEBJ926S~
NM1*82*2*DUBOIS REGIONAL MEDICAL CENTER*****XX*1952381386~
REF*1L*467428-141~
REF*CE*MEDICARE OPEN ACCESS PPO PLAN NET 03400~
DTM*232*20210405~
DTM*233*20210405~
DTM*050*20220111~
PER*CX**TE*8006240756~
AMT*AU*14~
SVC*HC>73110>26>LT>77*14*8.54**1~
DTM*472*20210405~
CAS*CO*45*5.46~
REF*6R*DBSA0035864017-1~
AMT*B6*8.54~
LQ*HE*N59~
SE*90*1019~
ST*835*1020~
BPR*I*26.64*C*ACH*CCP*01*031100209*DA*0038865237*1066033492**01*043000096*DA*1136648396*20220121~
TRN*1*160118220259918*1066033492~
REF*EV*XXXXXXXXXXXXXXXXXXXXXXXXXXXXXX~
DTM*405*20220119~
N1*PR*AETNA~
N3*151 FARMINGTON AVENUE~
N4*HARTFORD*CT*06156~
REF*2U*60054~
PER*BL*Provider Service~
N1*PE*DUBOIS REGIONAL MEDICAL CENTER*XX*1144249657~
N3*100 HOSPITAL AVE~
N4*DU BOIS*PA*158011440~
REF*PQ*378318690~
REF*TJ*251490707~
LX*1~
TS3*1710971551*22*20221231*4*576.03~
CLP*5006981342*1*167.01*8.88**13*220113E178800000*22*1~
NM1*QC*1*FLICKINGER*FAYE*M***MI*MEBQ65VG~
NM1*82*2*DUBOIS REGIONAL MEDICAL CENTER*****XX*1710971551~
REF*1L*456918-120~
REF*CE*MA PPO ESA 10 SHBP PLAN NET 03400~
DTM*232*20211228~
DTM*233*20211228~
DTM*050*20220113~
PER*CX**TE*8006240756~
AMT*AU*14~
SVC*HC>71275>ME>26*153*0**0**1~
DTM*472*20211228~
CAS*CO*B13*153*1~
REF*6R*DBSA0035899802-1~
SVC*HC>71045>26*14*8.88**1~
DTM*472*20211228~
CAS*CO*45*5.12~
REF*6R*DBSA0035899802-2~
AMT*B6*8.88~
LQ*HE*N59~
SVC*HC>G1004*.01*0**0**1~
DTM*472*20211228~
CAS*CO*97*.01*1~
REF*6R*DBSA0035899802-3~
LQ*HE*N19~
CLP*5006986959*1*18*8.88**13*220114E035650000*22*1~
NM1*QC*1*SHIPP*JOHN****MI*101270498600~
NM1*74*1*SHIPP JR*****C*MEBTG5QM~
NM1*82*2*DUBOIS REGIONAL MEDICAL CENTER*****XX*1710971551~
REF*1L*467428-141~
REF*CE*MEDICARE OPEN ACCESS PPO PLAN NET 03400~
DTM*232*20211216~
DTM*233*20211216~
DTM*050*20220114~
PER*CX**TE*8006240756~
AMT*AU*18~
SVC*HC>74018>26*18*8.88**1~
DTM*472*20211216~
CAS*CO*45*9.12~
REF*6R*DBSA0035908335-1~
AMT*B6*8.88~
LQ*HE*N59~
CLP*5006986578*1*14*0**13*220114E086200000*22*1~
NM1*QC*1*BLOOM*JAMES****MI*MEBS8VGC~
NM1*82*2*DUBOIS REGIONAL MEDICAL CENTER*****XX*1710971551~
REF*1L*467428-141~
REF*CE*MEDICARE OPEN ACCESS PPO PLAN NET 03400~
DTM*232*20211220~
DTM*233*20211220~
DTM*050*20220114~
PER*CX**TE*8006240756~
SVC*HC>73110>26>LT*14*0**0**1~
DTM*472*20211220~
CAS*CO*B13*14*1~
REF*6R*DBSA0035908384-1~
CLP*5006986877*1*377.02*8.88**13*220114E086210000*22*1~
NM1*QC*1*HALEY*PAULA****MI*MEBVSYGV~
NM1*82*2*DUBOIS REGIONAL MEDICAL CENTER*****XX*1710971551~
REF*1L*467428-141~
REF*CE*MEDICARE OPEN ACCESS PPO PLAN NET 03400~
DTM*232*20211227~
DTM*233*20211227~
DTM*050*20220114~
PER*CX**TE*8006240756~
AMT*AU*14~
SVC*HC>74177>MG>26*143*0**0**1~
DTM*472*20211227~
CAS*CO*B13*143*1~
REF*6R*DBSA0035908503-2~
SVC*HC>71275>ME>26*153*0**0**1~
DTM*472*20211227~
CAS*CO*B13*153*1~
REF*6R*DBSA0035908503-1~
SVC*HC>71045>26*14*8.88**1~
DTM*472*20211227~
CAS*CO*45*5.12~
REF*6R*DBSA0035908503-4~
AMT*B6*8.88~
LQ*HE*N59~
SVC*HC>70450>MG>26*67*0**0**1~
DTM*472*20211227~
CAS*CO*B13*67*1~
REF*6R*DBSA0035908503-3~
SVC*HC>G1004*.01*0**0**1~
DTM*472*20211227~
CAS*CO*97*.01*1~
REF*6R*DBSA0035908503-6~
LQ*HE*N19~
SVC*HC>G1004*.01*0**0**1~
DTM*472*20211227~
CAS*CO*97*.01*1~
REF*6R*DBSA0035908503-5~
LQ*HE*N19~
SE*111*1020~
ST*835*1021~
BPR*I*37.61*C*ACH*CCP*01*031100209*DA*0038865237*1066033492**01*043000096*DA*1136648396*20220121~
TRN*1*160118220260472*1066033492~
REF*EV*XXXXXXXXXXXXXXXXXXXXXXXXXXXXXX~
DTM*405*20220119~
N1*PR*AETNA~
N3*151 FARMINGTON AVENUE~
N4*HARTFORD*CT*06156~
REF*2U*60054~
PER*BL*Provider Service~
N1*PE*DUBOIS REGIONAL MEDICAL CENTER*XX*1083727796~
N3*100 HOSPITAL AVE~
N4*DUBOIS*PA*158011440~
REF*PQ*378318690~
REF*TJ*251490707~
LX*1~
TS3*1821389768*22*20221231*1*268~
CLP*G3745790-01*1*268*37.61**13*220114E010740000*22*1~
NM1*QC*1*AARON*THOMAS*F***MI*MEBS8CKY~
NM1*82*2*DUBOIS REGIONAL MEDICAL CENTER*****XX*1821389768~
REF*1L*467428-141~
REF*CE*MEDICARE OPEN ACCESS PPO PLAN NET 03400~
DTM*232*20211021~
DTM*233*20211021~
DTM*050*20220114~
PER*CX**TE*8006240756~
AMT*AU*125~
SVC*HC>76942>26*143*0**0**1~
DTM*472*20211021~
CAS*CO*55*143*1~
REF*6R*9152102~
LQ*HE*N623~
SVC*HC>20552*125*37.61**1~
DTM*472*20211021~
CAS*CO*45*87.39~
REF*6R*9152101~
AMT*B6*37.61~
LQ*HE*N59~
SE*39*1021~
ST*835*1022~
BPR*I*26.98*C*ACH*CCP*01*031100209*DA*0038865237*1066033492**01*043000096*DA*1136648396*20220121~
TRN*1*160118220262547*1066033492~
REF*EV*XXXXXXXXXXXXXXXXXXXXXXXXXXXXXX~
DTM*405*20220119~
N1*PR*AETNA~
N3*151 FARMINGTON AVENUE~
N4*HARTFORD*CT*06156~
REF*2U*60054~
PER*BL*Provider Service~
N1*PE*DUBOIS REGIONAL MEDICAL CENTER*XX*1144249657~
N3*100 HOSPITAL AVE~
N4*DUBOIS*PA*158011440~
REF*PQ*378318690~
REF*TJ*251490707~
LX*1~
TS3*1174524185*22*20221231*1*43~
CLP*5006403711*1*43*26.98**13*220112C332770000*22*1~
NM1*QC*1*MACDONALD*EVELYN****MI*MEBTGLWZ~
NM1*82*2*DUBOIS REGIONAL MEDICAL CENTER*****XX*1174524185~
REF*1L*467428-141~
REF*CE*MEDICARE OPEN ACCESS PPO PLAN NET 03400~
DTM*232*20210816~
DTM*233*20210816~
DTM*050*20220112~
PER*CX**TE*8006240756~
AMT*AU*43~
SVC*HC>77075>26*43*26.98**1~
DTM*472*20210816~
CAS*CO*45*16.02~
REF*6R*DBSA0034436305-1~
AMT*B6*26.98~
LQ*HE*N59~
SE*34*1022~
ST*835*1643~
BPR*I*8710.07*C*ACH*CCP*01*031100209*DA*0038865237*1066033492**01*043000096*DA*1136648396*20220121~
TRN*1*160118220262904*1066033492~
REF*EV*XXXXXXXXXXXXXXXXXXXXXXXXXXXXXX~
DTM*405*20220119~
N1*PR*AETNA~
N3*151 FARMINGTON AVENUE~
N4*HARTFORD*CT*06156~
REF*2U*60054~
PER*BL*Provider Service~
N1*PE*DUBOIS REGIONAL MED CTR*XX*1144249657~
N3*100 HOSPITAL AVENUE~
N4*DU BOIS*PA*15801~
REF*PQ*378318690~
REF*TJ*251490707~
LX*1~
TS3*1144249657*13*20221231*33*52461.9~
CLP*5006921156*22*-275*-76.95**13*211230E310980003~
NM1*QC*1*FOSTER*PATRICIA*M***MI*MEBTHBVR~
NM1*82*2*DUBOIS REGIONAL MED CTR*****XX*1144249657~
REF*1L*467428-141~
REF*CE*MEDICARE OPEN ACCESS PPO PLAN NET 02101~
DTM*232*20211214~
DTM*233*20211214~
DTM*050*20211230~
PER*CX**TE*8006240756~
SVC*HC>G0463*-275*-76.95*0510*1~
DTM*472*20211214~
CAS*CO*45*-168.05~
CAS*PR*3*-30~
LQ*HE*N59~
LQ*HE*N694~
CLP*5006974529*1*8220.8*1086.63**13*220114E083140000*13*1~
NM1*QC*1*GENESI*CHARLOTTE*E***MI*MEBSWB5W~
NM1*82*2*DUBOIS REGIONAL MED CTR*****XX*1144249657~
REF*1L*467428-141~
REF*CE*MEDICARE OPEN ACCESS PPO PLAN NET 03400~
DTM*232*20211222~
DTM*233*20211222~
DTM*050*20220114~
PER*CX**TE*8006240756~
AMT*AU*4700~
SVC*NU>0258*13.8*0**0**1~
DTM*472*20211222~
CAS*CO*97*13.8*1~
REF*6R*DBSA0035907111-11~
LQ*HE*N130~
SVC*NU>0259*6.65*0**0**1~
DTM*472*20211222~
CAS*CO*97*6.65*1~
REF*6R*DBSA0035907111-1~
LQ*HE*N130~
SVC*NU>0272*64*0**0**2~
DTM*472*20211222~
CAS*CO*97*64*2~
REF*6R*DBSA0035907111-3~
LQ*HE*N130~
SVC*NU>0272*29*0**0**1~
DTM*472*20211222~
CAS*CO*97*29*1~
REF*6R*DBSA0035907111-2~
LQ*HE*N130~
SVC*HC>88341*210*0*0310*0**1~
DTM*472*20211222~
CAS*CO*97*210*1~
REF*6R*DBSA0035907111-7~
LQ*HE*N130~
SVC*HC>88305*189*0*0310*0**1~
DTM*472*20211222~
CAS*CO*97*189*1~
REF*6R*DBSA0035907111-9~
LQ*HE*N130~
SVC*HC>88305>XS*567*0*0310*0**3~
DTM*472*20211222~
CAS*CO*97*567*3~
REF*6R*DBSA0035907111-8~
LQ*HE*N130~
SVC*HC>88341>XS*420*0*0310*0**2~
DTM*472*20211222~
CAS*CO*97*420*2~
REF*6R*DBSA0035907111-6~
LQ*HE*N130~
SVC*HC>88342*460*0*0310*0**1~
DTM*472*20211222~
CAS*CO*97*460*1~
REF*6R*DBSA0035907111-5~
LQ*HE*N130~
SVC*HC>88342>XS*460*0*0310*0**1~
DTM*472*20211222~
CAS*CO*97*460*1~
REF*6R*DBSA0035907111-4~
LQ*HE*N130~
SVC*NU>0370*1050*0**0**1~
DTM*472*20211222~
CAS*CO*97*1050*1~
REF*6R*DBSA0035907111-10~
LQ*HE*N130~
SVC*HC>J2250*6*0*0636*0**2~
DTM*472*20211222~
CAS*CO*97*6*2~
REF*6R*DBSA0035907111-15~
LQ*HE*N130~
SVC*HC>J2405*5*0*0636*0**4~
DTM*472*20211222~
CAS*CO*97*5*4~
REF*6R*DBSA0035907111-14~
LQ*HE*N130~
SVC*HC>J2704*34.9*0*0636*0**40~
DTM*472*20211222~
CAS*CO*97*34.9*40~
REF*6R*DBSA0035907111-13~
LQ*HE*N130~
SVC*HC>J3010*5.45*0*0636*0**1~
DTM*472*20211222~
CAS*CO*97*5.45*1~
REF*6R*DBSA0035907111-12~
LQ*HE*N130~
SVC*HC>G0121*2350*357.42*0750*1~
DTM*472*20211222~
CAS*CO*45*1992.58~
REF*6R*DBSA0035907111-17~
AMT*B6*357.42~
LQ*HE*N59~
SVC*HC>43239*2350*729.21*0750*1~
DTM*472*20211222~
CAS*CO*45*1620.79~
REF*6R*DBSA0035907111-16~
AMT*B6*729.21~
LQ*HE*N59~
CLP*5006988139*1*110*42.78**13*220115E030960000*13*1~
NM1*QC*1*COOL*RICHARD*M***MI*MEBT8VCJ~
NM1*82*2*DUBOIS REGIONAL MED CTR*****XX*1144249657~
REF*G1*2272889~
REF*1L*467669-017~
REF*CE*MEDICARE (C04) ESA PPO PLAN NET 03400~
DTM*232*20211007~
DTM*233*20211007~
DTM*050*20220115~
PER*CX**TE*8006240756~
AMT*AU*110~
SVC*HC>G0463>PO*110*42.78*0510*1~
DTM*472*20211007~
CAS*CO*45*67.22~
REF*6R*DBSA0035923327-1~
AMT*B6*42.78~
LQ*HE*N59~
CLP*5006988306*1*276*58.3*14.57*13*220115E030970000*13*1~
NM1*QC*1*FRANKE*HERMAN*F***MI*MEBRJX1Z~
NM1*82*2*DUBOIS REGIONAL MED CTR*****XX*1144249657~
REF*1L*467285-092~
REF*CE*MA (C01) PPO PLAN NET 03400~
DTM*232*20211020~
DTM*233*20211020~
DTM*050*20220115~
PER*CX**TE*8006240756~
AMT*AU*276~
SVC*HC>71046>PO*276*58.3*0324*1~
DTM*472*20211020~
CAS*CO*45*203.13~
CAS*PR*2*14.57~
REF*6R*DBSA0035923370-1~
AMT*B6*72.87~
LQ*HE*N59~
CLP*5006989273*1*200*72.87**13*220115E030990000*13*1~
NM1*QC*1*TUDOR*DAVID*C***MI*MEBNDBJY~
NM1*82*2*DUBOIS REGIONAL MED CTR*****XX*1144249657~
REF*1L*467428-141~
REF*CE*MEDICARE OPEN ACCESS PPO PLAN NET 03400~
DTM*232*20211130~
DTM*233*20211130~
DTM*050*20220115~
PER*CX**TE*8006240756~
AMT*AU*200~
SVC*HC>73610>LT*200*72.87*0320*1~
DTM*472*20211130~
CAS*CO*45*127.13~
REF*6R*DBSA0035923563-1~
AMT*B6*72.87~
LQ*HE*N59~
CLP*5006989808*1*110*106.95**13*220115E031020000*13*1~
NM1*QC*1*COBLE*MICHAEL*R***MI*MEBVGTDQ~
NM1*82*2*DUBOIS REGIONAL MED CTR*****XX*1144249657~
REF*1L*467242-021~
REF*CE*VALUE PPO NET 03400~
DTM*232*20211215~
DTM*233*20211215~
DTM*050*20220115~
PER*CX**TE*8006240756~
AMT*AU*110~
SVC*HC>G0463*110*106.95*0510*1~
DTM*472*20211215~
CAS*CO*45*3.05~
REF*6R*DBSA0035924017-1~
AMT*B6*106.95~
LQ*HE*N59~
CLP*5006989944*1*110*42.78**13*220115E031040000*13*1~
NM1*QC*1*SCHADE*PAUL*J***MI*MEBTL1GT~
NM1*82*2*DUBOIS REGIONAL MED CTR*****XX*1144249657~
REF*1L*467467-094~
REF*CE*MAJOR ADV PLAN NET 03400~
DTM*232*20211216~
DTM*233*20211216~
DTM*050*20220115~
PER*CX**TE*8006240756~
AMT*AU*110~
SVC*HC>G0463>PO*110*42.78*0510*1~
DTM*472*20211216~
CAS*CO*45*67.22~
REF*6R*DBSA0035924201-1~
AMT*B6*42.78~
LQ*HE*N59~
CLP*5006991043*1*4926*0**13*220115E031050000*13*1~
NM1*QC*1*MURRAY*RICHARD*W***MI*MEBJ410S~
NM1*82*2*DUBOIS REGIONAL MED CTR*****XX*1144249657~
REF*1L*467428-141~
REF*CE*MEDICARE OPEN ACCESS PPO PLAN NET 03400~
DTM*232*20211217~
DTM*233*20211217~
DTM*050*20220115~
PER*CX**TE*8006240756~
SVC*HC>96372*45*0*0510*0**1~
DTM*472*20211217~
CAS*PI*55*45*1~
REF*6R*DBSA0035924400-1~
LQ*HE*N623~
SVC*HC>J2357*1627*0*0636*0**15~
DTM*472*20211217~
CAS*CO*55*1627*15~
REF*6R*DBSA0035924400-2~
LQ*HE*N623~
SVC*HC>J2357*3254*0*0636*0**30~
DTM*472*20211217~
CAS*CO*55*3254*30~
REF*6R*DBSA0035924400-3~
LQ*HE*N623~
CLP*5006990584*1*110*0*110*13*220115E031080000*13*1~
NM1*QC*1*MAYHUE*RONALD*R***MI*MEBRF2RQ~
NM1*82*2*DUBOIS REGIONAL MED CTR*****XX*1144249657~
REF*1L*456924-116~
REF*CE*SEHBP EDUCATORS MEDICARE PLAN NET 03400~
DTM*232*20211221~
DTM*233*20211221~
DTM*050*20220115~
PER*CX**TE*8006240756~
SVC*HC>G0463>PO*110*0*0510*0**1~
DTM*472*20211221~
CAS*PR*252*110*1~
REF*6R*DBSA0035924584-1~
LQ*HE*MA92~
CLP*5006990041*1*266*72.87**13*220115E056320000*13*1~
NM1*QC*1*STOSSEL*DANIEL*D***MI*MEBL2Y3C~
NM1*82*2*DUBOIS REGIONAL MED CTR*****XX*1144249657~
REF*1L*467428-141~
REF*CE*MEDICARE OPEN ACCESS PPO PLAN NET 03400~
DTM*232*20211116~
DTM*233*20211116~
DTM*050*20220115~
PER*CX**TE*8006240756~
AMT*AU*266~
SVC*HC>73560>RT*266*72.87*0320*1~
DTM*472*20211116~
CAS*CO*45*193.13~
REF*6R*DBSA0035923482-1~
AMT*B6*72.87~
LQ*HE*N59~
CLP*5006989266*1*266*72.87**13*220115E056330000*13*1~
NM1*QC*1*HANDYSIDE*ROSE*E***MI*MEBS75PL~
NM1*82*2*DUBOIS REGIONAL MED CTR*****XX*1144249657~
REF*1L*467428-141~
REF*CE*MEDICARE OPEN ACCESS PPO PLAN NET 03400~
DTM*232*20211123~
DTM*233*20211123~
DTM*050*20220115~
PER*CX**TE*8006240756~
AMT*AU*266~
SVC*HC>73562>RT*266*72.87*0320*1~
DTM*472*20211123~
CAS*CO*45*193.13~
REF*6R*DBSA0035923526-1~
AMT*B6*72.87~
LQ*HE*N59~
CLP*5006954779*1*550*183.9*30*13*220115E056430000*13*7~
NM1*QC*1*FOSTER*PATRICIA****MI*MEBTHBVR~
NM1*82*2*DUBOIS REGIONAL MED CTR*****XX*1144249657~
REF*1L*467428-141~
REF*CE*MEDICARE OPEN ACCESS PPO PLAN NET 03400~
DTM*232*20211214~
DTM*233*20211214~
DTM*050*20220115~
PER*CX**TE*8006240756~
AMT*AU*550~
SVC*HC>G0463*275*76.95*0510*1~
DTM*472*20211214~
CAS*CO*45*168.05~
CAS*PR*3*30~
REF*6R*DBSA0035835991-1~
AMT*B6*106.95~
LQ*HE*N59~
SVC*HC>G0463>27*275*106.95*0510*1~
DTM*472*20211214~
CAS*CO*45*168.05~
REF*6R*DBSA0035835991-2~
AMT*B6*106.95~
LQ*HE*N59~
CLP*5006990240*1*266*72.87**13*220115E081270000*13*1~
NM1*QC*1*UNCLES*DEBORAH*J***MI*MEBTGXJW~
NM1*82*2*DUBOIS REGIONAL MED CTR*****XX*1144249657~
REF*1L*467428-141~
REF*CE*MEDICARE OPEN ACCESS PPO PLAN NET 03400~
DTM*232*20211201~
DTM*233*20211201~
DTM*050*20220115~
PER*CX**TE*8006240756~
AMT*AU*266~
SVC*HC>73562>LT*266*72.87*0320*1~
DTM*472*20211201~
CAS*CO*45*193.13~
REF*6R*DBSA0035923576-1~
AMT*B6*72.87~
LQ*HE*N59~
CLP*5006989115*1*110*42.78**13*220115E081290000*13*1~
NM1*QC*1*GLOVER*BRUCE*W***MI*101182835700~
NM1*74*1******C*MEBVWR2Z~
NM1*82*2*DUBOIS REGIONAL MED CTR*****XX*1144249657~
REF*1L*467242-021~
REF*CE*VALUE PPO NET 03400~
DTM*232*20211215~
DTM*233*20211215~
DTM*050*20220115~
PER*CX**TE*8006240756~
AMT*AU*110~
SVC*HC>G0463>PO*110*42.78*0510*1~
DTM*472*20211215~
CAS*CO*45*67.22~
REF*6R*DBSA0035924005-1~
AMT*B6*42.78~
LQ*HE*N59~
CLP*5006990976*1*450*453.83**13*220115E081330000*13*1~
NM1*QC*1*PRY*JOSEPH*W***MI*MEBTGK6M~
NM1*82*2*DUBOIS REGIONAL MED CTR*****XX*1144249657~
REF*1L*467428-141~
REF*CE*MEDICARE OPEN ACCESS PPO PLAN NET 03400~
DTM*232*20211217~
DTM*233*20211217~
DTM*050*20220115~
PER*CX**TE*8006240756~
AMT*AU*450~
SVC*HC>66821>PO>RT*450*453.83*0510*1~
DTM*472*20211217~
CAS*CO*45*-3.83~
REF*6R*DBSA0035924404-1~
AMT*B6*453.83~
LQ*HE*N59~
CLP*5006990677*1*110*106.95**13*220115E081350000*13*1~
NM1*QC*1*SKRZYPEK*VIRGINIA*J***MI*MEBTJF4K~
NM1*82*2*DUBOIS REGIONAL MED CTR*****XX*1144249657~
REF*1L*467463-279~
REF*CE*WEST ADV PLAN 100 NET 03400~
DTM*232*20211217~
DTM*233*20211217~
DTM*050*20220115~
PER*CX**TE*8006240756~
AMT*AU*110~
SVC*HC>G0463*110*106.95*0510*1~
DTM*472*20211217~
CAS*CO*45*3.05~
REF*6R*DBSA0035924406-1~
AMT*B6*106.95~
LQ*HE*N59~
CLP*5006991146*1*110*106.95**13*220115E081360000*13*1~
NM1*QC*1*LABORDE*LINDA*F***MI*MEBRF83N~
NM1*82*2*DUBOIS REGIONAL MED CTR*****XX*1144249657~
REF*1L*456920-116~
REF*CE*SEHBP EDUCATORS MEDICARE PLAN NET 03400~
DTM*232*20211220~
DTM*233*20211220~
DTM*050*20220115~
PER*CX**TE*8006240756~
AMT*AU*110~
SVC*HC>G0463*110*106.95*0510*1~
DTM*472*20211220~
CAS*CO*45*3.05~
REF*6R*DBSA0035924490-1~
AMT*B6*106.95~
LQ*HE*N59~
CLP*5006990235*1*414*71.95*35*13*220115E106340000*13*1~
NM1*QC*1*WALK*DEBORAH*J***MI*MEBVBRJB~
NM1*82*2*DUBOIS REGIONAL MED CTR*****XX*1144249657~
REF*1L*467242-021~
REF*CE*VALUE PPO NET 03400~
DTM*232*20211129~
DTM*233*20211129~
DTM*050*20220115~
PER*CX**TE*8006240756~
AMT*AU*110~
SVC*HC>G0463*110*71.95*0510*1~
DTM*472*20211129~
CAS*CO*45*3.05~
CAS*PR*3*35~
REF*6R*DBSA0035923552-7~
AMT*B6*106.95~
LQ*HE*N59~
SVC*HC>83550*59*0*0301*0**1~
DTM*472*20211129~
CAS*CO*97*59*1~
REF*6R*DBSA0035923552-2~
LQ*HE*N130~
SVC*HC>83540*42*0*0301*0**1~
DTM*472*20211129~
CAS*CO*97*42*1~
REF*6R*DBSA0035923552-3~
LQ*HE*N130~
SVC*HC>82728*92*0*0301*0**1~
DTM*472*20211129~
CAS*CO*97*92*1~
REF*6R*DBSA0035923552-4~
LQ*HE*N130~
SVC*HC>87086*59*0*0306*0**1~
DTM*472*20211129~
CAS*CO*97*59*1~
REF*6R*DBSA0035923552-5~
LQ*HE*N130~
SVC*HC>81001*38*0*0307*0**1~
DTM*472*20211129~
CAS*CO*97*38*1~
REF*6R*DBSA0035923552-6~
LQ*HE*N130~
SVC*HC>36415*14*0*0300*0**1~
DTM*472*20211129~
CAS*CO*97*14*1~
REF*6R*DBSA0035923552-1~
LQ*HE*N130~
CLP*5006989737*1*110*106.95**13*220115E106370000*13*1~
NM1*QC*1*CABLE*KENNETH*C***MI*MEBNY15N~
NM1*82*2*DUBOIS REGIONAL MED CTR*****XX*1144249657~
REF*1L*441297-061~
REF*CE*MEDICARE (S02) PPO PLAN NET 03400~
DTM*232*20211216~
DTM*233*20211216~
DTM*050*20220115~
PER*CX**TE*8006240756~
AMT*AU*110~
SVC*HC>G0463*110*106.95*0510*1~
DTM*472*20211216~
CAS*CO*45*3.05~
REF*6R*DBSA0035924197-1~
AMT*B6*106.95~
LQ*HE*N59~
CLP*5006990367*1*8651.05*2884.82**13*220115E106400000*13*1~
NM1*QC*1*DAVIS*JAMES****MI*MEBKBG2S~
NM1*82*2*DUBOIS REGIONAL MED CTR*****XX*1144249657~
REF*1L*467428-141~
REF*CE*MEDICARE OPEN ACCESS PPO PLAN NET 03400~
DTM*232*20211217~
DTM*233*20211217~
DTM*050*20220115~
PER*CX**TE*8006240756~
AMT*AU*8651.05~
SVC*HC>96372*45*55.82*0510*1~
DTM*472*20211217~
CAS*CO*45*-10.82~
REF*6R*DBSA0035924401-1~
AMT*B6*55.82~
LQ*HE*N59~
SVC*HC>J2182*8606.05*2829*0636*100~
DTM*472*20211217~
CAS*CO*45*5777.05~
REF*6R*DBSA0035924401-2~
AMT*B6*2829~
LQ*HE*N59~
CLP*5006993282*1*110*7.78*35*13*220117E221880000*13*1~
NM1*QC*1*RUNKLE*ROBERT****MI*MEBVV2SJ~
NM1*82*2*DUBOIS REGIONAL MED CTR*****XX*1144249657~
REF*1L*467242-021~
REF*CE*VALUE PPO NET 03400~
DTM*232*20211216~
DTM*233*20211216~
DTM*050*20220117~
PER*CX**TE*8006240756~
AMT*AU*110~
SVC*HC>G0463>PO*110*7.78*0510*1~
DTM*472*20211216~
CAS*CO*45*67.22~
CAS*PR*3*35~
REF*6R*DBSA0035932486-1~
AMT*B6*42.78~
LQ*HE*N59~
CLP*5006995800*1*110*106.95**13*220117E221920000*13*1~
NM1*QC*1*CUTRONA*CARMELLA*A***MI*MEBTLXIV~
NM1*74*1******C*MEBTLX1V~
NM1*82*2*DUBOIS REGIONAL MED CTR*****XX*1144249657~
REF*1L*467466-068~
REF*CE*MEP SOUTH ADV PLAN NET 03400~
DTM*232*20211221~
DTM*233*20211221~
DTM*050*20220117~
PER*CX**TE*8006240756~
AMT*AU*110~
SVC*HC>G0463*110*106.95*0510*1~
DTM*472*20211221~
CAS*CO*45*3.05~
REF*6R*DBSA0035932937-1~
AMT*B6*106.95~
LQ*HE*N59~
CLP*5006993908*1*304.5*235.24**13*220117E243430000*13*1~
NM1*QC*1*PANIK*EVELYN*E***MI*MEBGJJ0T~
NM1*82*2*DUBOIS REGIONAL MED CTR*****XX*1144249657~
REF*1L*443433-090~
REF*CE*UAW MACK TRUCK RETIREE PLAN NET 03400~
DTM*232*20210927~
DTM*233*20210927~
DTM*050*20220117~
PER*CX**TE*8006240756~
AMT*AU*250~
SVC*HC>J0702*48*0*0636*0**4~
DTM*472*20210927~
CAS*CO*97*48*4~
REF*6R*DBSA0035932246-3~
LQ*HE*N130~
SVC*NU>0259*6.5*0**0**1~
DTM*472*20210927~
CAS*CO*97*6.5*1~
REF*6R*DBSA0035932246-1~
LQ*HE*N130~
SVC*HC>20550>RT*250*235.24*0510*1~
DTM*472*20210927~
CAS*CO*45*14.76~
REF*6R*DBSA0035932246-2~
AMT*B6*235.24~
LQ*HE*N59~
CLP*5006993967*1*23583.45*1069.78**13*220117E243440000*13*1~
NM1*QC*1*AARON*THOMAS*F***MI*MEBS8CKY~
NM1*82*2*DUBOIS REGIONAL MED CTR*****XX*1144249657~
REF*1L*467428-141~
REF*CE*MEDICARE OPEN ACCESS PPO PLAN NET 03400~
DTM*232*20211021~
DTM*233*20211021~
DTM*050*20220117~
PER*CX**TE*8006240756~
AMT*AU*23494.25~
SVC*HC>96402>PO*55*0*0331*0**1~
DTM*472*20211021~
CAS*CO*97*55*1~
REF*6R*DBSA0035932304-2~
LQ*HE*N130~
SVC*HC>J9217>PO*23244.25*834.54*0636*6~
DTM*472*20211021~
CAS*CO*45*22409.71~
REF*6R*DBSA0035932304-4~
AMT*B6*834.54~
LQ*HE*N59~
SVC*HC>J0702*24*0*0636*0**2~
DTM*472*20211021~
CAS*CO*97*24*2~
REF*6R*DBSA0035932304-5~
LQ*HE*N130~
SVC*NU>0259*10.2*0**0**1~
DTM*472*20211021~
CAS*CO*97*10.2*1~
REF*6R*DBSA0035932304-1~
LQ*HE*N130~
SVC*HC>20552*250*235.24*0510*1~
DTM*472*20211021~
CAS*CO*45*14.76~
REF*6R*DBSA0035932304-3~
AMT*B6*235.24~
LQ*HE*N59~
CLP*5006995491*1*110*86.95*20*13*220117E243470000*13*1~
NM1*QC*1*HARRIS*LINDA*M***MI*MEBPK85Z~
NM1*82*2*DUBOIS REGIONAL MED CTR*****XX*1144249657~
REF*1L*467112-239~
REF*CE*MEDICARE (C02) ESA PPO PLAN NET 03400~
DTM*232*20211221~
DTM*233*20211221~
DTM*050*20220117~
PER*CX**TE*8006240756~
AMT*AU*110~
SVC*HC>G0463>GC*110*86.95*0510*1~
DTM*472*20211221~
CAS*CO*45*3.05~
CAS*PR*3*20~
REF*6R*DBSA0035932932-1~
AMT*B6*106.95~
LQ*HE*N59~
CLP*5006996071*1*110*71.95*35*13*220117E243480000*13*1~
NM1*QC*1*LEIGH*ROBERT*B***MI*MEBTV7VY~
NM1*82*2*DUBOIS REGIONAL MED CTR*****XX*1144249657~
REF*1L*467242-020~
REF*CE*VALUE PPO NET 03400~
DTM*232*20211221~
DTM*233*20211221~
DTM*050*20220117~
PER*CX**TE*8006240756~
AMT*AU*110~
SVC*HC>G0463*110*71.95*0510*1~
DTM*472*20211221~
CAS*CO*45*3.05~
CAS*PR*3*35~
REF*6R*DBSA0035932938-1~
AMT*B6*106.95~
LQ*HE*N59~
CLP*5006995582*1*450*453.83**13*220117E243490000*13*1~
NM1*QC*1*FLETCHER*JOYCE****MI*MEBFDYQR~
NM1*82*2*DUBOIS REGIONAL MED CTR*****XX*1144249657~
REF*1L*467428-141~
REF*CE*MEDICARE OPEN ACCESS PPO PLAN NET 03400~
DTM*232*20211224~
DTM*233*20211224~
DTM*050*20220117~
PER*CX**TE*8006240756~
AMT*AU*450~
SVC*HC>66821>PO>RT*450*453.83*0510*1~
DTM*472*20211224~
CAS*CO*45*-3.83~
REF*6R*DBSA0035933312-1~
AMT*B6*453.83~
LQ*HE*N59~
CLP*5006996055*1*450*453.83**13*220117E266630000*13*1~
NM1*QC*1*PRY*JOSEPH*W***MI*MEBTGK6M~
NM1*82*2*DUBOIS REGIONAL MED CTR*****XX*1144249657~
REF*1L*467428-141~
REF*CE*MEDICARE OPEN ACCESS PPO PLAN NET 03400~
DTM*232*20211221~
DTM*233*20211221~
DTM*050*20220117~
PER*CX**TE*8006240756~
AMT*AU*450~
SVC*HC>66821>PO>79>LT*450*453.83*0510*1~
DTM*472*20211221~
CAS*CO*45*-3.83~
REF*6R*DBSA0035932934-1~
AMT*B6*453.83~
LQ*HE*N59~
CLP*5006995802*1*160*7.78*35*13*220117E266640000*13*1~
NM1*QC*1*COLEMAN*DAVID*R***MI*MEBVWKLN~
NM1*82*2*DUBOIS REGIONAL MED CTR*****XX*1144249657~
REF*1L*467242-021~
REF*CE*VALUE PPO NET 03400~
DTM*232*20211222~
DTM*233*20211222~
DTM*050*20220117~
PER*CX**TE*8006240756~
AMT*AU*110~
SVC*HC>G0463>PO*110*7.78*0510*1~
DTM*472*20211222~
CAS*CO*45*67.22~
CAS*PR*3*35~
REF*6R*DBSA0035933042-1~
AMT*B6*42.78~
LQ*HE*N59~
SVC*HC>92133>PO*50*0*0510*0**1~
DTM*472*20211222~
CAS*CO*97*50*1~
REF*6R*DBSA0035933042-2~
LQ*HE*N130~
CLP*5006994342*1*314.9*235.24**13*220117E289330000*13*1~
NM1*QC*1*LLOYD*MARY*L***MI*MEBTHCNQ~
NM1*82*2*DUBOIS REGIONAL MED CTR*****XX*1144249657~
REF*1L*467428-011~
REF*CE*MEDICARE OPEN ACCESS PPO PLAN NET 03400~
DTM*232*20210930~
DTM*233*20210930~
DTM*050*20220117~
PER*CX**TE*8006240756~
AMT*AU*250~
SVC*HC>J3301*53.4*0*0636*0**8~
DTM*472*20210930~
CAS*CO*97*53.4*8~
REF*6R*DBSA0035932269-4~
LQ*HE*N130~
SVC*NU>0250*5*0**0**1~
DTM*472*20210930~
CAS*CO*97*5*1~
REF*6R*DBSA0035932269-1~
LQ*HE*N130~
SVC*NU>0259*6.5*0**0**1~
DTM*472*20210930~
CAS*CO*97*6.5*1~
REF*6R*DBSA0035932269-2~
LQ*HE*N130~
SVC*HC>20610*250*235.24*0510*1~
DTM*472*20210930~
CAS*CO*45*14.76~
REF*6R*DBSA0035932269-3~
AMT*B6*235.24~
LQ*HE*N59~
CLP*5006993906*1*303.2*235.24**13*220117E312280000*13*1~
NM1*QC*1*KENNEDY*MARLENE*V***MI*MEBSVK1W~
NM1*82*2*DUBOIS REGIONAL MED CTR*****XX*1144249657~
REF*1L*467428-141~
REF*CE*MEDICARE OPEN ACCESS PPO PLAN NET 03400~
DTM*232*20210927~
DTM*233*20210927~
DTM*050*20220117~
PER*CX**TE*8006240756~
AMT*AU*250~
SVC*HC>J1040*43*0*0636*0**1~
DTM*472*20210927~
CAS*CO*97*43*1~
REF*6R*DBSA0035932247-3~
LQ*HE*N130~
SVC*NU>0259*10.2*0**0**1~
DTM*472*20210927~
CAS*CO*97*10.2*1~
REF*6R*DBSA0035932247-1~
LQ*HE*N130~
SVC*HC>20611*250*235.24*0510*1~
DTM*472*20210927~
CAS*CO*45*14.76~
REF*6R*DBSA0035932247-2~
AMT*B6*235.24~
LQ*HE*N59~
CLP*5006994662*1*1255*227.62*100*13*220117E312290000*13*1~
NM1*QC*1*BECKER*JOAN****MI*MEBTG3PT~
NM1*82*2*DUBOIS REGIONAL MED CTR*****XX*1144249657~
REF*1L*467428-141~
REF*CE*MEDICARE OPEN ACCESS PPO PLAN NET 03400~
DTM*232*20211127~
DTM*233*20211127~
DTM*050*20220117~
PER*CX**TE*8006240756~
AMT*AU*952~
SVC*HC>36415*14*0*0300*0**1~
DTM*472*20211127~
CAS*CO*97*14*1~
REF*6R*DBSA0035932361-1~
LQ*HE*N130~
SVC*HC>83690*51*0*0301*0**1~
DTM*472*20211127~
CAS*CO*97*51*1~
REF*6R*DBSA0035932361-2~
LQ*HE*N130~
SVC*HC>82150*60*0*0301*0**1~
DTM*472*20211127~
CAS*CO*97*60*1~
REF*6R*DBSA0035932361-3~
LQ*HE*N130~
SVC*HC>80053*113*0*0301*0**1~
DTM*472*20211127~
CAS*CO*97*113*1~
REF*6R*DBSA0035932361-4~
LQ*HE*N130~
SVC*HC>85025*65*0*0305*0**1~
DTM*472*20211127~
CAS*CO*97*65*1~
REF*6R*DBSA0035932361-5~
LQ*HE*N130~
SVC*HC>99284*952*227.62*0450*1~
DTM*472*20211127~
CAS*CO*45*624.38~
CAS*PR*3*100~
REF*6R*DBSA0035932361-6~
AMT*B6*327.62~
LQ*HE*N59~
CLP*5006995553*1*110*7.78*35*13*220117E312320000*13*1~
NM1*QC*1*WILLISNALL*NANCY*W***MI*MEBT8LWP~
NM1*74*1*WILLIS-NALL~
NM1*82*2*DUBOIS REGIONAL MED CTR*****XX*1144249657~
REF*1L*467242-021~
REF*CE*VALUE PPO NET 03400~
DTM*232*20211221~
DTM*233*20211221~
DTM*050*20220117~
PER*CX**TE*8006240756~
AMT*AU*110~
SVC*HC>G0463>PO*110*7.78*0510*1~
DTM*472*20211221~
CAS*CO*45*67.22~
CAS*PR*3*35~
REF*6R*DBSA0035932933-1~
AMT*B6*42.78~
LQ*HE*N59~
SE*773*1643~
ST*835*1644~
BPR*I*4981.9*C*ACH*CCP*01*031100209*DA*0038865237*1066033492**01*043000096*DA*1136648396*20220121~
TRN*1*160118220262905*1066033492~
REF*EV*XXXXXXXXXXXXXXXXXXXXXXXXXXXXXX~
DTM*405*20220119~
N1*PR*AETNA~
N3*151 FARMINGTON AVENUE~
N4*HARTFORD*CT*06156~
REF*2U*60054~
PER*BL*Provider Service~
N1*PE*DUBOIS REGIONAL MED CTR*XX*1316537228~
N3*100 HOSPITAL AVENUE~
N4*DU BOIS*PA*15801~
REF*PQ*378318690~
REF*TJ*251490707~
LX*1~
TS3*1144249657*13*20221231*1*227~
CLP*5006995972*1*227*27.97**13*220117E243500000*13*1~
NM1*QC*1*DICKEY*CATHERINE****MI*MEBT859K~
NM1*82*2*DUBOIS REGIONAL MED CTR*****XX*1144249657~
REF*1L*467669-017~
REF*CE*MEDICARE (C04) ESA PPO PLAN NET 03400~
DTM*232*20211222~
DTM*233*20211222~
DTM*050*20220117~
PER*CX**TE*8006240756~
AMT*AU*227~
SVC*HC>87186>PO*56*8.65*0306*1~
DTM*472*20211222~
CAS*CO*45*47.35~
REF*6R*DBSA0035933096-1~
AMT*B6*8.65~
LQ*HE*N59~
SVC*HC>87086>PO*59*8.07*0306*1~
DTM*472*20211222~
CAS*CO*45*50.93~
REF*6R*DBSA0035933096-2~
AMT*B6*8.07~
LQ*HE*N59~
SVC*HC>87077>PO*74*8.08*0306*1~
DTM*472*20211222~
CAS*CO*45*65.92~
REF*6R*DBSA0035933096-3~
AMT*B6*8.08~
LQ*HE*N59~
SVC*HC>81001>PO*38*3.17*0307*1~
DTM*472*20211222~
CAS*CO*45*34.83~
REF*6R*DBSA0035933096-4~
AMT*B6*3.17~
LQ*HE*N59~
LX*2~
TS3*1316537228*13*20221231*13*20134.39~
CLP*5006974810*1*7362.19*2482.09**13*220114E057940000*13*1~
NM1*QC*1*MATTERN*ERNEST*J***MI*MEBLTSNF~
NM1*82*2*DUBOIS REGIONAL MED CTR*****XX*1316537228~
REF*1L*467428-141~
REF*CE*MEDICARE OPEN ACCESS PPO PLAN NET 03400~
DTM*232*20211226~
DTM*233*20211227~
DTM*050*20220114~
PER*CX**TE*8006240756~
AMT*AU*3414~
SVC*NU>0250*2*0**0**2~
DTM*472*20211226~
CAS*CO*97*2*2~
REF*6R*DBSA0035907273-1~
LQ*HE*N130~
SVC*NU>0250*17*0**0**1~
DTM*472*20211227~
CAS*CO*97*17*1~
REF*6R*DBSA0035907273-2~
LQ*HE*N130~
SVC*NU>0250*27.55*0**0**1~
DTM*472*20211227~
CAS*CO*97*27.55*1~
REF*6R*DBSA0035907273-3~
LQ*HE*N130~
SVC*NU>0250*2*0**0**2~
DTM*472*20211227~
CAS*CO*97*2*2~
REF*6R*DBSA0035907273-4~
LQ*HE*N130~
SVC*NU>0259*24.9*0**0**1~
DTM*472*20211226~
CAS*CO*97*24.9*1~
REF*6R*DBSA0035907273-5~
LQ*HE*N130~
SVC*NU>0259*49.8*0**0**2~
DTM*472*20211227~
CAS*CO*97*49.8*2~
REF*6R*DBSA0035907273-6~
LQ*HE*N130~
SVC*NU>0259*7.65*0**0**1~
DTM*472*20211227~
CAS*CO*97*7.65*1~
REF*6R*DBSA0035907273-7~
LQ*HE*N130~
SVC*NU>0259*11.25*0**0**1~
DTM*472*20211227~
CAS*CO*97*11.25*1~
REF*6R*DBSA0035907273-8~
LQ*HE*N130~
SVC*HC>A4565*5*0*0270*0**1~
DTM*472*20211227~
CAS*CO*97*5*1~
REF*6R*DBSA0035907273-9~
LQ*HE*N130~
SVC*NU>0272*1*0**0**1~
DTM*472*20211227~
CAS*CO*97*1*1~
REF*6R*DBSA0035907273-10~
LQ*HE*N130~
SVC*NU>0272*3*0**0**1~
DTM*472*20211227~
CAS*CO*97*3*1~
REF*6R*DBSA0035907273-11~
LQ*HE*N130~
SVC*NU>0272*400.14*0**0**6~
DTM*472*20211227~
CAS*CO*97*400.14*6~
REF*6R*DBSA0035907273-12~
LQ*HE*N130~
SVC*HC>88311*99*0*0310*0**1~
DTM*472*20211227~
CAS*CO*97*99*1~
REF*6R*DBSA0035907273-13~
LQ*HE*N130~
SVC*HC>88307*764*0*0310*0**1~
DTM*472*20211227~
CAS*CO*97*764*1~
REF*6R*DBSA0035907273-14~
LQ*HE*N130~
SVC*HC>73080>RT*135*0*0320*0**1~
DTM*472*20211227~
CAS*CO*97*135*1~
REF*6R*DBSA0035907273-15~
LQ*HE*N130~
SVC*HC>24101>RT*3414*2482.09*0360*1~
DTM*472*20211227~
CAS*CO*45*931.91~
REF*6R*DBSA0035907273-16~
AMT*B6*2482.09~
LQ*HE*N59~
SVC*NU>0370*1442*0**0**1~
DTM*472*20211227~
CAS*CO*97*1442*1~
REF*6R*DBSA0035907273-17~
LQ*HE*N130~
SVC*HC>J3010*5*0*0636*0**1~
DTM*472*20211227~
CAS*CO*97*5*1~
REF*6R*DBSA0035907273-18~
LQ*HE*N130~
SVC*HC>J2704*18*0*0636*0**20~
DTM*472*20211227~
CAS*CO*97*18*20~
REF*6R*DBSA0035907273-19~
LQ*HE*N130~
SVC*HC>J2405*5*0*0636*0**4~
DTM*472*20211227~
CAS*CO*97*5*4~
REF*6R*DBSA0035907273-20~
LQ*HE*N130~
SVC*HC>J2250*6*0*0636*0**2~
DTM*472*20211227~
CAS*CO*97*6*2~
REF*6R*DBSA0035907273-21~
LQ*HE*N130~
SVC*HC>J1885*7.9*0*0636*0**1~
DTM*472*20211227~
CAS*CO*97*7.9*1~
REF*6R*DBSA0035907273-22~
LQ*HE*N130~
SVC*HC>J1100*15*0*0636*0**12~
DTM*472*20211227~
CAS*CO*97*15*12~
REF*6R*DBSA0035907273-23~
LQ*HE*N130~
SVC*NU>0710*900*0**0**1~
DTM*472*20211227~
CAS*CO*97*900*1~
REF*6R*DBSA0035907273-24~
LQ*HE*N130~
CLP*5006990365*1*97*11.24**13*220115E006200000*13*1~
NM1*QC*1*GALLAHER*WILDA*J***MI*MEBHQHPT~
NM1*82*2*DUBOIS REGIONAL MED CTR*****XX*1316537228~
REF*1L*467428-141~
REF*CE*MEDICARE OPEN ACCESS PPO PLAN NET 03400~
DTM*232*20211221~
DTM*233*20211221~
DTM*050*20220115~
PER*CX**TE*8006240756~
AMT*AU*97~
SVC*HC>87086*59*8.07*0306*1~
DTM*472*20211221~
CAS*CO*45*50.93~
REF*6R*DBSA0035924642-1~
AMT*B6*8.07~
LQ*HE*N59~
SVC*HC>81001*38*3.17*0307*1~
DTM*472*20211221~
CAS*CO*45*34.83~
REF*6R*DBSA0035924642-2~
AMT*B6*3.17~
LQ*HE*N59~
CLP*5006983923*1*5535.7*695.98**13*220115E006210000*13*1~
NM1*QC*1*DAUB*VIRGINIA*M***MI*MEBD9D8R~
NM1*82*2*DUBOIS REGIONAL MED CTR*****XX*1316537228~
REF*1L*467428-141~
REF*CE*MEDICARE OPEN ACCESS PPO PLAN NET 03400~
DTM*232*20211230~
DTM*233*20211230~
DTM*050*20220115~
PER*CX**TE*8006240756~
AMT*AU*3414~
SVC*NU>0250*62.05*0**0**1~
DTM*472*20211230~
CAS*CO*97*62.05*1~
REF*6R*DBSA0035925022-1~
LQ*HE*N130~
SVC*NU>0259*7.65*0**0**1~
DTM*472*20211230~
CAS*CO*97*7.65*1~
REF*6R*DBSA0035925022-2~
LQ*HE*N130~
SVC*NU>0272*3*0**0**1~
DTM*472*20211230~
CAS*CO*97*3*1~
REF*6R*DBSA0035925022-3~
LQ*HE*N130~
SVC*NU>0272*70*0**0**2~
DTM*472*20211230~
CAS*CO*97*70*2~
REF*6R*DBSA0035925022-4~
LQ*HE*N130~
SVC*HC>45378*3414*695.98*0360*1~
DTM*472*20211230~
CAS*CO*45*2718.02~
REF*6R*DBSA0035925022-5~
AMT*B6*695.98~
LQ*HE*N59~
SVC*NU>0370*1050*0**0**1~
DTM*472*20211230~
CAS*CO*97*1050*1~
REF*6R*DBSA0035925022-6~
LQ*HE*N130~
SVC*HC>J3010*5*0*0636*0**1~
DTM*472*20211230~
CAS*CO*97*5*1~
REF*6R*DBSA0035925022-7~
LQ*HE*N130~
SVC*HC>J2704*18*0*0636*0**20~
DTM*472*20211230~
CAS*CO*97*18*20~
REF*6R*DBSA0035925022-8~
LQ*HE*N130~
SVC*HC>J2250*6*0*0636*0**2~
DTM*472*20211230~
CAS*CO*97*6*2~
REF*6R*DBSA0035925022-9~
LQ*HE*N130~
SVC*NU>0710*900*0**0**1~
DTM*472*20211230~
CAS*CO*97*900*1~
REF*6R*DBSA0035925022-10~
LQ*HE*N130~
CLP*5006988496*1*97*11.24**13*220115E031090000*13*1~
NM1*QC*1*STALFA*ELAINE****MI*MEBVTB5G~
NM1*82*2*DUBOIS REGIONAL MED CTR*****XX*1316537228~
REF*1L*467428-141~
REF*CE*MEDICARE OPEN ACCESS PPO PLAN NET 03400~
DTM*232*20210805~
DTM*233*20210805~
DTM*050*20220115~
PER*CX**TE*8006240756~
AMT*AU*97~
SVC*HC>87086*59*8.07*0306*1~
DTM*472*20210805~
CAS*CO*45*50.93~
REF*6R*DBSA0035923249-1~
AMT*B6*8.07~
LQ*HE*N59~
SVC*HC>81001*38*3.17*0307*1~
DTM*472*20210805~
CAS*CO*45*34.83~
REF*6R*DBSA0035923249-2~
AMT*B6*3.17~
LQ*HE*N59~
CLP*5006989408*1*190*48.81**13*220115E031100000*13*1~
NM1*QC*1*MATTERN*ERNEST*J***MI*MEBLTSNF~
NM1*82*2*DUBOIS REGIONAL MED CTR*****XX*1316537228~
REF*1L*467428-141~
REF*CE*MEDICARE OPEN ACCESS PPO PLAN NET 03400~
DTM*232*20211221~
DTM*233*20211221~
DTM*050*20220115~
PER*CX**TE*8006240756~
AMT*AU*190~
SVC*HC>93005*190*48.81*0730*1~
DTM*472*20211221~
CAS*CO*45*141.19~
REF*6R*DBSA0035924643-1~
AMT*B6*48.81~
LQ*HE*N59~
CLP*5006989167*1*345*48.81**13*220115E056440000*13*1~
NM1*QC*1*DAUB*VIRGINIA*M***MI*MEBD9D8R~
NM1*82*2*DUBOIS REGIONAL MED CTR*****XX*1316537228~
REF*1L*467428-141~
REF*CE*MEDICARE OPEN ACCESS PPO PLAN NET 03400~
DTM*232*20211220~
DTM*233*20211220~
DTM*050*20220115~
PER*CX**TE*8006240756~
AMT*AU*190~
SVC*HC>93005*190*48.81*0730*1~
DTM*472*20211220~
CAS*CO*45*141.19~
REF*6R*DBSA0035924521-3~
AMT*B6*48.81~
LQ*HE*N59~
SVC*HC>80048*90*0*0301*0**1~
DTM*472*20211220~
CAS*CO*97*90*1~
REF*6R*DBSA0035924521-1~
LQ*HE*N130~
SVC*HC>85025*65*0*0305*0**1~
DTM*472*20211220~
CAS*CO*97*65*1~
REF*6R*DBSA0035924521-2~
LQ*HE*N130~
CLP*5006990593*1*276*56.75*14.19*13*220115E056450000*13*1~
NM1*QC*1*GEARHART*CHARLES****MI*MEBTNNTM~
NM1*82*2*DUBOIS REGIONAL MED CTR*****XX*1316537228~
REF*1L*467473-273~
REF*CE*WEST ADV PLAN 100 NET 03400~
DTM*232*20211221~
DTM*233*20211221~
DTM*050*20220115~
PER*CX**TE*8006240756~
AMT*AU*276~
SVC*HC>71046*276*56.75*0324*1~
DTM*472*20211221~
CAS*CO*45*205.06~
CAS*PR*2*14.19~
REF*6R*DBSA0035924645-1~
AMT*B6*70.94~
LQ*HE*N59~
CLP*5006985277*1*2287*1233.85**13*220115E056460000*13*1~
NM1*QC*1*JOHNSON*SHIRLEY****MI*MEBJBS0W~
NM1*82*2*DUBOIS REGIONAL MED CTR*****XX*1316537228~
REF*1L*467428-141~
REF*CE*MEDICARE OPEN ACCESS PPO PLAN NET 03400~
DTM*232*20211230~
DTM*233*20211230~
DTM*050*20220115~
PER*CX**TE*8006240756~
AMT*AU*2200~
SVC*NU>0259*9*0**0**1~
DTM*472*20211230~
CAS*CO*97*9*1~
REF*6R*DBSA0035925023-1~
LQ*HE*N130~
SVC*HC>87070*78*0*0306*0**1~
DTM*472*20211230~
CAS*CO*97*78*1~
REF*6R*DBSA0035925023-2~
LQ*HE*N130~
SVC*HC>10140*2200*1233.85*0490*1~
DTM*472*20211230~
CAS*CO*45*966.15~
REF*6R*DBSA0035925023-3~
AMT*B6*1233.85~
LQ*HE*N59~
CLP*5006988649*1*313*95.56**13*220115E081380000*13*1~
NM1*QC*1*WYNICK*PAMELA****MI*101299158000~
NM1*74*1******C*MEBTRNGS~
NM1*82*2*DUBOIS REGIONAL MED CTR*****XX*1316537228~
REF*1L*467428-141~
REF*CE*MEDICARE OPEN ACCESS PPO PLAN NET 03400~
DTM*232*20211221~
DTM*233*20211221~
DTM*050*20220115~
PER*CX**TE*8006240756~
AMT*AU*313~
SVC*HC>77080*313*95.56*0320*1~
DTM*472*20211221~
CAS*CO*45*217.44~
REF*6R*DBSA0035924638-1~
AMT*B6*95.56~
LQ*HE*N59~
CLP*5006990637*1*199*18.35*4.58*13*220115E081390000*13*1~
NM1*QC*1*FRANKE*HERMAN****MI*MEBRJX1Z~
NM1*82*2*DUBOIS REGIONAL MED CTR*****XX*1316537228~
REF*1L*467285-092~
REF*CE*MA (C01) PPO PLAN NET 03400~
DTM*232*20211221~
DTM*233*20211221~
DTM*050*20220115~
PER*CX**TE*8006240756~
AMT*AU*199~
SVC*HC>83735*44*5.36*0301*1~
DTM*472*20211221~
CAS*CO*45*37.3~
CAS*PR*2*1.34~
REF*6R*DBSA0035924644-1~
AMT*B6*6.7~
LQ*HE*N59~
SVC*HC>80048*90*6.77*0301*1~
DTM*472*20211221~
CAS*CO*45*81.54~
CAS*PR*2*1.69~
REF*6R*DBSA0035924644-2~
AMT*B6*8.46~
LQ*HE*N59~
SVC*HC>85025*65*6.22*0305*1~
DTM*472*20211221~
CAS*CO*45*57.23~
CAS*PR*2*1.55~
REF*6R*DBSA0035924644-3~
AMT*B6*7.77~
LQ*HE*N59~
CLP*5006994201*1*339*70.94**13*220117E266650000*13*1~
NM1*QC*1*BLOOM*LINEA*F***MI*MEBD94BP~
NM1*82*2*DUBOIS REGIONAL MED CTR*****XX*1316537228~
REF*1L*467428-141~
REF*CE*MEDICARE OPEN ACCESS PPO PLAN NET 03400~
DTM*232*20211222~
DTM*233*20211222~
DTM*050*20220117~
PER*CX**TE*8006240756~
AMT*AU*339~
SVC*HC>76642>RT*339*70.94*0402*1~
DTM*472*20211222~
CAS*CO*45*268.06~
REF*6R*DBSA0035933094-1~
AMT*B6*70.94~
LQ*HE*N59~
CLP*5006995779*1*205*23.73**13*220117E289400000*13*1~
NM1*QC*1*IRWIN*CAROLYN*J***MI*MEBFCR1Q~
NM1*82*2*DUBOIS REGIONAL MED CTR*****XX*1316537228~
REF*1L*467428-141~
REF*CE*MEDICARE OPEN ACCESS PPO PLAN NET 03400~
DTM*232*20211222~
DTM*233*20211222~
DTM*050*20220117~
PER*CX**TE*8006240756~
AMT*AU*205~
SVC*HC>83735*44*6.7*0301*1~
DTM*472*20211222~
CAS*CO*45*37.3~
REF*6R*DBSA0035933095-1~
AMT*B6*6.7~
LQ*HE*N59~
SVC*HC>80053*113*10.56*0301*1~
DTM*472*20211222~
CAS*CO*45*102.44~
REF*6R*DBSA0035933095-2~
AMT*B6*10.56~
LQ*HE*N59~
SVC*HC>85027*48*6.47*0305*1~
DTM*472*20211222~
CAS*CO*45*41.53~
REF*6R*DBSA0035933095-3~
AMT*B6*6.47~
LQ*HE*N59~
CLP*5006994097*1*2888.5*156.58**13*220117E312340000*13*1~
NM1*QC*1*LARSON*JOHN****MI*MEBH80WM~
NM1*82*2*DUBOIS REGIONAL MED CTR*****XX*1316537228~
REF*1L*467428-141~
REF*CE*MEDICARE OPEN ACCESS PPO PLAN NET 03400~
DTM*232*20210827~
DTM*233*20210827~
DTM*050*20220117~
PER*CX**TE*8006240756~
AMT*AU*1600~
SVC*HC>84520*30*0*0301*0**1~
DTM*472*20210827~
CAS*CO*97*30*1~
REF*6R*DBSA0035932178-3~
LQ*HE*N130~
SVC*HC>84153*121*0*0301*0**1~
DTM*472*20210827~
CAS*CO*97*121*1~
REF*6R*DBSA0035932178-4~
LQ*HE*N130~
SVC*HC>82565*40*0*0301*0**1~
DTM*472*20210827~
CAS*CO*97*40*1~
REF*6R*DBSA0035932178-5~
LQ*HE*N130~
SVC*NU>0272*21*0**0**1~
DTM*472*20210827~
CAS*CO*97*21*1~
REF*6R*DBSA0035932178-1~
LQ*HE*N130~
SVC*HC>36415*14*0*0300*0**1~
DTM*472*20210827~
CAS*CO*97*14*1~
REF*6R*DBSA0035932178-2~
LQ*HE*N130~
SVC*HC>75635*1600*156.58*0352*1~
DTM*472*20210827~
CAS*CO*45*1443.42~
REF*6R*DBSA0035932178-6~
AMT*B6*156.58~
LQ*HE*N59~
SVC*HC>Q9967*1062.5*0*0636*0**125~
DTM*472*20210827~
CAS*CO*97*1062.5*125~
REF*6R*DBSA0035932178-7~
LQ*HE*N130~
SE*513*1644~
ST*835*1645~
BPR*I*7.59*C*ACH*CCP*01*031100209*DA*0038865237*1066033492**01*043000096*DA*1136648396*20220121~
TRN*1*160118220267730*1066033492~
REF*EV*XXXXXXXXXXXXXXXXXXXXXXXXXXXXXX~
DTM*405*20220119~
N1*PR*AETNA~
N3*151 FARMINGTON AVENUE~
N4*HARTFORD*CT*06156~
REF*2U*60054~
PER*BL*Provider Service~
N1*PE*DUBOIS REGIONAL MEDICAL CENTER*XX*1144249657~
N3*100 HOSPITAL AVE~
N4*DU BOIS*PA*158011440~
REF*PQ*378318690~
REF*TJ*251490707~
LX*1~
TS3*1114170248*22*20221231*1*40~
CLP*5006992243*1*40*7.59**13*220115E084570000*22*1~
NM1*QC*1*MATTERN*ERNEST*J***MI*MEBLTSNF~
NM1*82*2*DUBOIS REGIONAL MEDICAL CENTER*****XX*1114170248~
REF*1L*467428-141~
REF*CE*MEDICARE OPEN ACCESS PPO PLAN NET 03400~
DTM*232*20211221~
DTM*233*20211221~
DTM*050*20220115~
PER*CX**TE*8006240756~
AMT*AU*40~
SVC*HC>93010*40*7.59**1~
DTM*472*20211221~
CAS*CO*45*32.41~
REF*6R*DBSA0035926095-1~
AMT*B6*7.59~
SE*33*1645~
ST*835*1646~
BPR*I*83.47*C*ACH*CCP*01*031100209*DA*0038865237*1066033492**01*043000096*DA*1136648396*20220121~
TRN*1*160118220267733*1066033492~
REF*EV*XXXXXXXXXXXXXXXXXXXXXXXXXXXXXX~
DTM*405*20220119~
N1*PR*AETNA~
N3*151 FARMINGTON AVENUE~
N4*HARTFORD*CT*06156~
REF*2U*60054~
PER*BL*Provider Service~
N1*PE*DUBOIS REGIONAL MEDICAL CENTER*XX*1932464039~
N3*100 HOSPITAL AVE~
N4*DUBOIS*PA*158011440~
REF*PQ*378318690~
REF*TJ*251490707~
LX*1~
TS3*1932480167*22*20221231*1*100~
CLP*5006992151*1*100*83.47**13*220115E084580000*22*1~
NM1*QC*1*AMACHER*RICHARD****MI*MEBP7N4C~
NM1*82*2*DUBOIS REGIONAL MEDICAL CENTER*****XX*1932480167~
REF*1L*467428-141~
REF*CE*MEDICARE OPEN ACCESS PPO PLAN NET 03400~
DTM*232*20211230~
DTM*233*20211230~
DTM*050*20220115~
PER*CX**TE*8006240756~
AMT*AU*100~
SVC*HC>99214*100*83.47**1~
DTM*472*20211230~
CAS*CO*45*16.53~
REF*6R*DBSA0035926479-1~
AMT*B6*83.47~
LQ*HE*N59~
SE*34*1646~
ST*835*1647~
BPR*I*98.2*C*ACH*CCP*01*031100209*DA*0038865237*1066033492**01*043000096*DA*1136648396*20220121~
TRN*1*160118220267734*1066033492~
REF*EV*XXXXXXXXXXXXXXXXXXXXXXXXXXXXXX~
DTM*405*20220119~
N1*PR*AETNA~
N3*151 FARMINGTON AVENUE~
N4*HARTFORD*CT*06156~
REF*2U*60054~
PER*BL*Provider Service~
N1*PE*DUBOIS REGIONAL MEDICAL CENTER*XX*1487943809~
N3*100 HOSPITAL AVE~
N4*DU BOIS*PA*158011440~
REF*PQ*378318690~
REF*TJ*251490707~
LX*1~
TS3*1023544210*19*20221231*1*100~
CLP*G3735497-01*1*100*98.2**13*220115E109180000*19*1~
NM1*QC*1*BRANIFF*JACQUELINE*L***MI*MEBSJC0P~
NM1*82*2*DUBOIS REGIONAL MEDICAL CENTER*****XX*1023544210~
REF*1L*467428-141~
REF*CE*MEDICARE OPEN ACCESS PPO PLAN NET 03400~
DTM*232*20211013~
DTM*233*20211013~
DTM*050*20220115~
PER*CX**TE*8006240756~
AMT*AU*100~
SVC*HC>99214*100*98.2**1~
DTM*472*20211013~
CAS*CO*45*1.8~
REF*6R*8852346~
AMT*B6*98.2~
LQ*HE*N59~
SE*34*1647~
ST*835*1648~
BPR*I*152.86*C*ACH*CCP*01*031100209*DA*0038865237*1066033492**01*043000096*DA*1136648396*20220121~
TRN*1*160118220267735*1066033492~
REF*EV*XXXXXXXXXXXXXXXXXXXXXXXXXXXXXX~
DTM*405*20220119~
N1*PR*AETNA~
N3*151 FARMINGTON AVENUE~
N4*HARTFORD*CT*06156~
REF*2U*60054~
PER*BL*Provider Service~
N1*PE*DUBOIS REGIONAL MEDICAL CENTER*XX*1477657195~
N3*100 HOSPITAL AVENUE~
N4*DUBOIS*PA*158011440~
REF*PQ*378318690~
REF*TJ*251490707~
LX*1~
TS3*1972519072*22*20221231*1*855~
CLP*G3836177-01*1*855*152.86**13*220115E059700000*22*1~
NM1*QC*1*MUMAU*ROY*J**JR*MI*MEBT8TFM~
NM1*82*2*DUBOIS REGIONAL MEDICAL CENTER*****XX*1972519072~
REF*1L*467669-016~
REF*CE*MEDICARE (C04) ESA PPO PLAN NET 03400~
DTM*232*20211230~
DTM*233*20211230~
DTM*050*20220115~
PER*CX**TE*8006240756~
AMT*AU*855~
SVC*HC>52332>LT*855*152.86**1~
DTM*472*20211230~
CAS*CO*45*702.14~
REF*6R*9157385~
AMT*B6*152.86~
LQ*HE*N59~
SE*34*1648~
ST*835*1650~
BPR*I*34.16*C*ACH*CCP*01*031100209*DA*0038865237*1066033492**01*043000096*DA*1136648396*20220121~
TRN*1*160118220269943*1066033492~
REF*EV*XXXXXXXXXXXXXXXXXXXXXXXXXXXXXX~
DTM*405*20220119~
N1*PR*AETNA~
N3*151 FARMINGTON AVENUE~
N4*HARTFORD*CT*06156~
REF*2U*60054~
PER*BL*Provider Service~
N1*PE*DUBOIS REGIONAL MEDICAL CENTER*XX*1144249657~
N3*100 HOSPITAL AVE~
N4*DUBOIS*PA*158011440~
REF*PQ*378318690~
REF*TJ*251490707~
LX*1~
TS3*1265428908*11*20221231*2*57~
CLP*5006980895*1*41*25.97**13*220115E034060000*21*1~
NM1*QC*1*BODENHORN*MADISON*L***MI*MEBFFB9S~
NM1*82*2*DUBOIS REGIONAL MEDICAL CENTER*****XX*1265428908~
REF*G1*3061491~
REF*1L*467428-141~
REF*CE*MEDICARE OPEN ACCESS PPO PLAN NET 03400~
DTM*232*20211229~
DTM*233*20211231~
DTM*050*20220115~
PER*CX**TE*8006240756~
AMT*AU*41~
SVC*HC>73630>26>RT*13*8.21**1~
DTM*472*20211229~
CAS*CO*45*4.79~
REF*6R*DBSA0035926292-3~
AMT*B6*8.21~
LQ*HE*N59~
SVC*HC>71045>26*14*8.88**1~
DTM*472*20211229~
CAS*CO*45*5.12~
REF*6R*DBSA0035926292-1~
AMT*B6*8.88~
LQ*HE*N59~
SVC*HC>71045>26*14*8.88**1~
DTM*472*20211231~
CAS*CO*45*5.12~
REF*6R*DBSA0035926292-2~
AMT*B6*8.88~
LQ*HE*N59~
CLP*5006992140*1*16*8.19**13*220115E059680000*22*1~
NM1*QC*1*STOSSEL*DANIEL*D***MI*MEBL2Y3C~
NM1*82*2*DUBOIS REGIONAL MEDICAL CENTER*****XX*1265428908~
REF*1L*467428-141~
REF*CE*MEDICARE OPEN ACCESS PPO PLAN NET 03400~
DTM*232*20211116~
DTM*233*20211116~
DTM*050*20220115~
PER*CX**TE*8006240756~
AMT*AU*16~
SVC*HC>73560>26>RT*16*8.19**1~
DTM*472*20211116~
CAS*CO*45*7.81~
REF*6R*DBSA0035925821-1~
AMT*B6*8.19~
LQ*HE*N59~
SE*63*1650~
ST*835*1651~
BPR*I*667*C*ACH*CCP*01*031100209*DA*0038865237*1066033492**01*043000096*DA*1136648396*20220121~
TRN*1*160118220269944*1066033492~
REF*EV*XXXXXXXXXXXXXXXXXXXXXXXXXXXXXX~
DTM*405*20220119~
N1*PR*AETNA~
N3*151 FARMINGTON AVENUE~
N4*HARTFORD*CT*06156~
REF*2U*60054~
PER*BL*Provider Service~
N1*PE*DUBOIS REGIONAL MEDICAL CENTER*XX*1992802391~
N3*100 HOSPITAL AVE~
N4*DUBOIS*PA*158011440~
REF*PQ*378318690~
REF*TJ*251490707~
LX*1~
TS3*1316350390*23*20221231*1*400~
CLP*Z8Z9PBN*1*400*177.47**13*220117E318040000*23*1~
NM1*QC*1*NATOLI*JOSEPH*T***MI*MEBTT1NV~
NM1*82*2*DUBOIS REGIONAL MEDICAL CENTER*****XX*1316350390~
REF*1L*467428-141~
REF*CE*MEDICARE OPEN ACCESS PPO PLAN NET 03400~
DTM*232*20211216~
DTM*233*20211216~
DTM*050*20220117~
PER*CX**TE*8006240756~
AMT*AU*400~
SVC*HC>99285>CS*400*177.47**1~
DTM*472*20211216~
CAS*CO*45*222.53~
REF*6R*619862~
AMT*B6*177.47~
LQ*HE*N59~
LX*2~
TS3*1790132199*23*20221231*1*400~
CLP*Z8Z6C0U*1*400*177.47**13*220115E044930001*23*1~
NM1*QC*1*WEBSTER*DANIEL*E***MI*101303168200~
NM1*74*1******C*MEBTHCVR~
NM1*82*2*DUBOIS REGIONAL MEDICAL CENTER*****XX*1790132199~
REF*1L*467428-141~
REF*CE*MEDICARE OPEN ACCESS PPO PLAN NET 03400~
DTM*232*20211215~
DTM*233*20211215~
DTM*050*20220115~
PER*CX**TE*8006240756~
AMT*AU*400~
SVC*HC>99285*400*177.47**1~
DTM*472*20211215~
CAS*CO*45*222.53~
REF*6R*619790~
AMT*B6*177.47~
LQ*HE*N59~
LX*3~
TS3*1861643090*23*20221231*2*800~
CLP*Z8Z29CG*1*400*156.03**13*220114E002190000*23*1~
NM1*QC*1*GIBSON*CHESTER*J***MI*MEBTGS7M~
NM1*82*2*DUBOIS REGIONAL MEDICAL CENTER*****XX*1861643090~
REF*1L*467428-141~
REF*CE*MEDICARE OPEN ACCESS PPO PLAN NET 03400~
DTM*232*20211214~
DTM*233*20211214~
DTM*050*20220114~
PER*CX**TE*8006240756~
AMT*AU*400~
SVC*HC>99285*400*156.03**1~
DTM*472*20211214~
CAS*CO*45*243.97~
REF*6R*619303~
AMT*B6*156.03~
CLP*Z8Z29CB*1*400*156.03**13*220114E102160000*23*1~
NM1*QC*1*PLYLER*RICHARD*A***MI*MEBTG1ZR~
NM1*82*2*DUBOIS REGIONAL MEDICAL CENTER*****XX*1861643090~
REF*1L*467428-141~
REF*CE*MEDICARE OPEN ACCESS PPO PLAN NET 03400~
DTM*232*20211214~
DTM*233*20211214~
DTM*050*20220114~
PER*CX**TE*8006240756~
AMT*AU*400~
SVC*HC>99285*400*156.03**1~
DTM*472*20211214~
CAS*CO*45*243.97~
REF*6R*619356~
AMT*B6*156.03~
SE*85*1651~
ST*835*1653~
BPR*I*88.64*C*ACH*CCP*01*031100209*DA*0038865237*1066033492**01*043000096*DA*1136648396*20220121~
TRN*1*160118220271628*1066033492~
REF*EV*XXXXXXXXXXXXXXXXXXXXXXXXXXXXXX~
DTM*405*20220119~
N1*PR*AETNA~
N3*151 FARMINGTON AVENUE~
N4*HARTFORD*CT*06156~
REF*2U*60054~
PER*BL*Provider Service~
N1*PE*DUBOIS REGIONAL MEDICAL CENTER*XX*1144249657~
N3*100 HOSPITAL AVE~
N4*DUBOIS*PA*158011440~
REF*PQ*378318690~
REF*TJ*251490707~
LX*1~
TS3*1972531333*31*20221231*1*105~
CLP*5006981225*1*105*88.64**13*220115E059670000*31*1~
NM1*QC*1*FEIDLER*RONALD****MI*MEBTJPYM~
NM1*82*2*DUBOIS REGIONAL MEDICAL CENTER*****XX*1972531333~
REF*1L*467463-273~
REF*CE*WEST ADV PLAN 100 NET 03400~
DTM*232*20211224~
DTM*233*20211224~
DTM*050*20220115~
PER*CX**TE*8006240756~
AMT*AU*105~
SVC*HC>99309*105*88.64**1~
DTM*472*20211224~
CAS*CO*45*16.36~
REF*6R*DBSA0035926131-1~
AMT*B6*88.64~
LQ*HE*N59~
SE*34*1653~
ST*835*1654~
BPR*I*85.5*C*ACH*CCP*01*031100209*DA*0038865237*1066033492**01*043000096*DA*1136648396*20220121~
TRN*1*160118220272165*1066033492~
REF*EV*XXXXXXXXXXXXXXXXXXXXXXXXXXXXXX~
DTM*405*20220119~
N1*PR*AETNA~
N3*151 FARMINGTON AVENUE~
N4*HARTFORD*CT*06156~
REF*2U*60054~
PER*BL*Provider Service~
N1*PE*DUBOIS REGIONAL MEDICAL CENTER*XX*1144249657~
N3*100 HOSPITAL AVENUE~
N4*DUBOIS*PA*158011440~
REF*PQ*378318690~
REF*TJ*251490707~
LX*1~
TS3*1225039175*22*20221231*1*310~
CLP*5006986939*1*310*85.5**13*220114E010710000*22*1~
NM1*QC*1*DAUB*VIRGINIA*M***MI*MEBD9D8R~
NM1*82*2*DUBOIS REGIONAL MEDICAL CENTER*****XX*1225039175~
REF*1L*467428-141~
REF*CE*MEDICARE OPEN ACCESS PPO PLAN NET 03400~
DTM*232*20211230~
DTM*233*20211230~
DTM*050*20220114~
PER*CX**TE*8006240756~
AMT*AU*310~
SVC*HC>00811>QK>QS*310*85.5**25~
DTM*472*20211230~
CAS*CO*45*224.5~
REF*6R*DBSA0035908776-1~
AMT*B6*85.5~
SE*33*1654~
ST*835*1656~
BPR*I*33.15*C*ACH*CCP*01*031100209*DA*0038865237*1066033492**01*043000096*DA*1136648396*20220121~
TRN*1*160118220274148*1066033492~
REF*EV*XXXXXXXXXXXXXXXXXXXXXXXXXXXXXX~
DTM*405*20220119~
N1*PR*AETNA~
N3*151 FARMINGTON AVENUE~
N4*HARTFORD*CT*06156~
REF*2U*60054~
PER*BL*Provider Service~
N1*PE*DUBOIS REGIONAL MEDICAL CENTER*XX*1144249657~
N3*100 HOSPITAL AVE~
N4*DUBOIS*PA*158011440~
REF*PQ*378318690~
REF*TJ*251490707~
LX*1~
TS3*1689655888*11*20221231*3*17~
CLP*5006818266*22*-148*-49.94**13*211220E437480004~
NM1*QC*1*PYLE JR*FLOYD*L***MI*MEBFDF5Q~
NM1*82*2*DUBOIS REGIONAL MEDICAL CENTER*****XX*1689655888~
REF*G1*2692467~
REF*1L*467428-141~
REF*CE*MEDICARE OPEN ACCESS PPO PLAN NET 02101~
DTM*232*20211110~
DTM*233*20211110~
DTM*050*20211220~
PER*CX**TE*8006240756~
SVC*HC>71045>26*-14*-8.88**1~
DTM*472*20211110~
CAS*CO*45*-5.12~
LQ*HE*N59~
LQ*HE*N694~
SVC*HC>70450>26>MA*-67*0**0**1~
DTM*472*20211110~
CAS*CO*96*-67*1~
LQ*HE*N56~
LQ*HE*N694~
SVC*HC>70450>26>MA*-67*-41.06**1~
DTM*472*20211110~
CAS*CO*45*-25.94~
LQ*HE*N59~
LQ*HE*N694~
CLP*5006992411*1*17*8.49*2.12*13*220115E109160000*22*1~
NM1*QC*1*FRANKE*HERMAN*F***MI*MEBRJX1Z~
NM1*82*2*DUBOIS REGIONAL MEDICAL CENTER*****XX*1689655888~
REF*1L*467285-092~
REF*CE*MA (C01) PPO PLAN NET 03400~
DTM*232*20211020~
DTM*233*20211020~
DTM*050*20220115~
PER*CX**TE*8006240756~
AMT*AU*17~
SVC*HC>71046>26*17*8.49**1~
DTM*472*20211020~
CAS*CO*45*6.39~
CAS*PR*2*2.12~
REF*6R*DBSA0035925772-1~
AMT*B6*10.61~
LQ*HE*N59~
CLP*5006818266*1*148*49.94**13*220117E162930000*21*7~
NM1*QC*1*PYLE*FLOYD****MI*MEBFDF5Q~
NM1*74*1*PYLE JR~
NM1*82*2*DUBOIS REGIONAL MEDICAL CENTER*****XX*1689655888~
REF*G1*2692467~
REF*1L*467428-141~
REF*CE*MEDICARE OPEN ACCESS PPO PLAN NET 03400~
DTM*232*20211110~
DTM*233*20211110~
DTM*050*20220117~
PER*CX**TE*8006240756~
AMT*AU*81~
SVC*HC>70450>26>MA*67*0**0**2~
DTM*472*20211110~
CAS*CO*96*67*1~
REF*6R*DBSA0035941354-1~
LQ*HE*MA67~
LQ*HE*N56~
SVC*HC>70450>26>MA*67*41.06**1**2~
DTM*472*20211110~
CAS*CO*45*25.94~
REF*6R*DBSA0035941354-1~
AMT*B6*41.06~
LQ*HE*N59~
SVC*HC>71045>26*14*8.88**1~
DTM*472*20211110~
CAS*CO*45*5.12~
REF*6R*DBSA0035941354-2~
AMT*B6*8.88~
LQ*HE*N59~
LX*2~
TS3*1790020600*22*20221231*1*30~
CLP*5006992369*1*30*24.66**13*220115E034070000*22*1~
NM1*QC*1*MUMAU*ROY****MI*MEBT8TFM~
NM1*82*2*DUBOIS REGIONAL MEDICAL CENTER*****XX*1790020600~
REF*1L*467669-016~
REF*CE*MEDICARE (C04) ESA PPO PLAN NET 03400~
DTM*232*20211230~
DTM*233*20211230~
DTM*050*20220115~
PER*CX**TE*8006240756~
AMT*AU*30~
SVC*HC>74420>26*30*24.66**1~
DTM*472*20211230~
CAS*CO*45*5.34~
REF*6R*DBSA0035926382-1~
AMT*B6*24.66~
LQ*HE*N59~
SE*108*1656~
ST*835*1657~
BPR*I*16.42*C*ACH*CCP*01*031100209*DA*0038865237*1066033492**01*043000096*DA*1136648396*20220121~
TRN*1*160118220274226*1066033492~
REF*EV*XXXXXXXXXXXXXXXXXXXXXXXXXXXXXX~
DTM*405*20220119~
N1*PR*AETNA~
N3*151 FARMINGTON AVENUE~
N4*HARTFORD*CT*06156~
REF*2U*60054~
PER*BL*Provider Service~
N1*PE*DUBOIS REGIONAL MEDICAL CENTER*XX*1144249657~
N3*100 HOSPITAL AVENUE~
N4*DU BOIS*PA*158011440~
REF*PQ*378318690~
REF*TJ*251490707~
LX*1~
TS3*1437155363*11*20221231*3*40~
CLP*5006899895*22*-80*-8.21**13*211222E680530002~
NM1*QC*1*WEBSTER*DANIEL*E***MI*MEBTHCVR~
NM1*82*2*DUBOIS REGIONAL MEDICAL CENTER*****XX*1437155363~
REF*1L*467428-141~
REF*CE*MEDICARE OPEN ACCESS PPO PLAN NET 02151~
DTM*232*20211215~
DTM*233*20211215~
DTM*050*20211222~
PER*CX**TE*8006240756~
SVC*HC>93010*-40*0**0**1~
DTM*472*20211215~
CAS*OA*18*-40*1~
LQ*HE*N522~
LQ*HE*N694~
SVC*HC>93010*-40*-8.21**1~
DTM*472*20211215~
CAS*CO*45*-31.79~
LQ*HE*N59~
LQ*HE*N694~
CLP*5006992242*1*40*8.21**13*220115E109150000*22*1~
NM1*QC*1*DAUB*VIRGINIA*M***MI*MEBD9D8R~
NM1*82*2*DUBOIS REGIONAL MEDICAL CENTER*****XX*1437155363~
REF*1L*467428-141~
REF*CE*MEDICARE OPEN ACCESS PPO PLAN NET 03400~
DTM*232*20211220~
DTM*233*20211220~
DTM*050*20220115~
PER*CX**TE*8006240756~
AMT*AU*40~
SVC*HC>93010*40*8.21**1~
DTM*472*20211220~
CAS*CO*45*31.79~
REF*6R*DBSA0035926061-1~
AMT*B6*8.21~
LQ*HE*N59~
CLP*5006899895*1*80*16.42**13*220117E204880000*23*7~
NM1*QC*1*WEBSTER*DANIEL****MI*MEBTHCVR~
NM1*82*2*DUBOIS REGIONAL MEDICAL CENTER*****XX*1437155363~
REF*1L*467428-141~
REF*CE*MEDICARE OPEN ACCESS PPO PLAN NET 03400~
DTM*232*20211215~
DTM*233*20211215~
DTM*050*20220117~
PER*CX**TE*8006240756~
AMT*AU*80~
SVC*HC>93010>77*80*16.42**2~
DTM*472*20211215~
CAS*CO*45*63.58~
REF*6R*DBSA0035937338-1~
AMT*B6*16.42~
LQ*HE*N59~
SE*69*1657~
ST*835*1658~
BPR*I*8.49*C*ACH*CCP*01*031100209*DA*0038865237*1066033492**01*043000096*DA*1136648396*20220121~
TRN*1*160118220274435*1066033492~
REF*EV*XXXXXXXXXXXXXXXXXXXXXXXXXXXXXX~
DTM*405*20220119~
N1*PR*AETNA~
N3*151 FARMINGTON AVENUE~
N4*HARTFORD*CT*06156~
REF*2U*60054~
PER*BL*Provider Service~
N1*PE*DUBOIS REGIONAL MEDICAL CENTER*XX*1144249657~
N3*100 HOSPITAL AVE~
N4*DU BOIS*PA*158011440~
REF*PQ*378318690~
REF*TJ*251490707~
LX*1~
TS3*1710971551*22*20221231*2*36~
CLP*5006992256*1*17*8.49*2.12*13*220115E009000000*22*1~
NM1*QC*1*GEARHART*CHARLES****MI*MEBTNNTM~
NM1*82*2*DUBOIS REGIONAL MEDICAL CENTER*****XX*1710971551~
REF*1L*467473-273~
REF*CE*WEST ADV PLAN 100 NET 03400~
DTM*232*20211221~
DTM*233*20211221~
DTM*050*20220115~
PER*CX**TE*8006240756~
AMT*AU*17~
SVC*HC>71046>26*17*8.49**1~
DTM*472*20211221~
CAS*CO*45*6.39~
CAS*PR*2*2.12~
REF*6R*DBSA0035926096-1~
AMT*B6*10.61~
LQ*HE*N59~
CLP*5006992203*1*19*0**13*220115E034080000*22*1~
NM1*QC*1*WYNICK*PAMELA****MI*101299158000~
NM1*74*1******C*MEBTRNGS~
NM1*82*2*DUBOIS REGIONAL MEDICAL CENTER*****XX*1710971551~
REF*1L*467428-141~
REF*CE*MEDICARE OPEN ACCESS PPO PLAN NET 03400~
DTM*232*20211221~
DTM*233*20211221~
DTM*050*20220115~
PER*CX**TE*8006240756~
SVC*HC>77080>26*19*0**0**1~
DTM*472*20211221~
CAS*CO*B13*19*1~
REF*6R*DBSA0035926093-1~
SE*49*1658~
ST*835*1659~
BPR*I*38.79*C*ACH*CCP*01*031100209*DA*0038865237*1066033492**01*043000096*DA*1136648396*20220121~
TRN*1*160118220274699*1066033492~
REF*EV*XXXXXXXXXXXXXXXXXXXXXXXXXXXXXX~
DTM*405*20220119~
N1*PR*AETNA~
N3*151 FARMINGTON AVENUE~
N4*HARTFORD*CT*06156~
REF*2U*60054~
PER*BL*Provider Service~
N1*PE*DUBOIS REGIONAL MEDICAL CENTER*XX*1083727796~
N3*100 HOSPITAL AVE~
N4*DUBOIS*PA*158011440~
REF*PQ*378318690~
REF*TJ*251490707~
LX*1~
TS3*1821389768*22*20221231*1*227~
CLP*G3746313-01*1*227*38.79**13*220115E009020000*22*1~
NM1*QC*1*UNCLES*DEBORAH*J***MI*101339630800~
NM1*74*1******C*MEBTGXJW~
NM1*82*2*DUBOIS REGIONAL MEDICAL CENTER*****XX*1821389768~
REF*1L*467428-141~
REF*CE*MEDICARE OPEN ACCESS PPO PLAN NET 03400~
DTM*232*20211021~
DTM*233*20211021~
DTM*050*20220115~
PER*CX**TE*8006240756~
AMT*AU*84~
SVC*HC>76942>26>79*143*0**0**1~
DTM*472*20211021~
CAS*CO*55*143*1~
REF*6R*9155010~
LQ*HE*N623~
SVC*HC>20550>79*84*38.79**1~
DTM*472*20211021~
CAS*CO*45*45.21~
REF*6R*9155009~
AMT*B6*38.79~
LQ*HE*N59~
SE*40*1659~
ST*835*0477~
BPR*I*216.25*C*ACH*CCP*01*011900445*DA*0000009046*1066033492**01*243374218*DA*1056038571*20220124~
TRN*1*822019000288184*1066033492~
REF*EV*XXXXXXXXXXXXXXXXXXXXXXXXXXXXXX~
DTM*405*20220119~
N1*PR*AETNA~
N3*151 FARMINGTON AVENUE~
N4*HARTFORD*CT*06156~
REF*2U*60054~
PER*BL*Provider Service~
N1*PE*ELK REGIONAL HEALTH CENTER*XX*1114460391~
N3*763 JOHNSONBURG ROAD~
N4*ST.MARYS*PA*158573417~
REF*PQ*944631300~
REF*TJ*250585280~
LX*1~
TS3*1598865990*23*20221231*1*500~
CLP*Z8TQ6UW*1*500*216.25**12*ESPCT0GBG0000*23*1~
NM1*QC*1*DOUD*KELLY*S~
NM1*IL*1*DOUD*CRAIG*A***MI*W232409009~
NM1*82*1*WESTAFER*JOHN*M***XX*1114460391~
REF*1L*0285583-010-00001- A~
REF*CE*Open Choice NET 02151~
DTM*232*20211204~
DTM*233*20211204~
DTM*050*20211208~
PER*CX**TE*8886323862~
AMT*AU*500~
SVC*HC>99291*500*216.25**1~
DTM*472*20211204~
CAS*CO*45*283.75~
REF*6R*87422~
AMT*B6*216.25~
SE*34*0477~
ST*835*0478~
BPR*H*0*C*NON************20220119~
TRN*1*922019000288188*1066033492~
REF*EV*XXXXXXXXXXXXXXXXXXXXXXXXXXXXXX~
DTM*405*20220119~
N1*PR*AETNA~
N3*151 FARMINGTON AVENUE~
N4*HARTFORD*CT*06156~
REF*2U*60054~
PER*BL*Provider Service~
N1*PE*ELK REGIONAL HEALTH CENTER*XX*1326434242~
N3*763 JOHNSONBURG RD~
N4*SAINT MARYS*PA*158573417~
REF*PQ*944631300~
REF*TJ*250585280~
LX*1~
TS3*1326434242*22*20221231*4*1502~
CLP*900626470*1*555*291.42**12*EFPCWT8PR0000*13*1~
NM1*QC*1*SIMBECK*GEORGE****MI*W197333178~
NM1*82*2*PENN HIGHLANDS ELK*****XX*1326434242~
REF*1L*0863815-010-00002-AI~
REF*CE*Aetna HealthFund  Open Choice  PPO NET 02151~
DTM*232*20211229~
DTM*233*20211229~
DTM*050*20220104~
PER*CX**TE*8886323862~
AMT*AU*555~
SVC*HC>84481*114*67.44*0301*1~
DTM*472*20211229~
CAS*CO*45*46.56~
REF*6R*E6XP0035800196-1~
AMT*B6*67.44~
SVC*HC>84443*116*66.88*0301*1~
DTM*472*20211229~
CAS*CO*45*49.12~
REF*6R*E6XP0035800196-2~
AMT*B6*66.88~
SVC*HC>84439*132*35.88*0301*1~
DTM*472*20211229~
CAS*CO*45*96.12~
REF*6R*E6XP0035800196-3~
AMT*B6*35.88~
SVC*HC>86800*112*63.31*0302*1~
DTM*472*20211229~
CAS*CO*45*48.69~
REF*6R*E6XP0035800196-4~
AMT*B6*63.31~
SVC*HC>86376*81*57.91*0302*1~
DTM*472*20211229~
CAS*CO*45*23.09~
REF*6R*E6XP0035800196-5~
AMT*B6*57.91~
CLP*900596292*22*-1742*-1201.98**13*EGACV6QG60000*85*1~
NM1*QC*1*CATALONE*RONALD****MI*4CN8DG9EA58~
NM1*74*1******C*W223011972~
NM1*82*2*PENN HIGHLANDS ELK*****XX*1326434242~
REF*1L*0479178-036-00001-HO~
REF*CE*Aetna Choice  POS II NET 02152~
DTM*232*20211018~
DTM*233*20211027~
DTM*050*20211126~
PER*CX**TE*8886323862~
SVC*HC>97140>GO*-246*-169.74*0430*2~
DTM*472*20211025~
CAS*CO*45*-76.26~
REF*6R*E6XP0035383521-3~
SVC*HC>97140>GO*-246*-169.74*0430*2~
DTM*472*20211027~
CAS*CO*45*-76.26~
REF*6R*E6XP0035383521-5~
SVC*HC>97530>XU>GO*-284*-195.96*0430*2~
DTM*472*20211027~
CAS*CO*45*-88.04~
REF*6R*E6XP0035383521-4~
SVC*HC>97535>GO*-420*-289.8*0430*3~
DTM*472*20211018~
CAS*CO*45*-130.2~
REF*6R*E6XP0035383521-1~
SVC*HC>97535>GO*-280*-193.2*0430*2~
DTM*472*20211025~
CAS*CO*45*-86.8~
REF*6R*E6XP0035383521-2~
SVC*HC>97165>GO*-266*-183.54*0434*1~
DTM*472*20211018~
CAS*CO*45*-82.46~
REF*6R*E6XP0035383521-6~
CLP*900596292*2*1742*408*510*13*EGACV6QG60001*85*1~
CAS*OA*23*-408~
CAS*PR*2*408~
NM1*QC*1*CATALONE*RONALD****MI*4CN8DG9EA58~
NM1*74*1******C*W223011972~
NM1*82*2*PENN HIGHLANDS ELK*****XX*1326434242~
REF*1L*0479178-036-00001-HO~
REF*CE*Aetna Choice  POS II NET 02152~
REF*F8*EGACV6QG60000~
DTM*232*20211018~
DTM*233*20211027~
DTM*050*20211206~
PER*CX**TE*8886323862~
AMT*AU*246~
SVC*HC>97140>GO*246*408*0430*2~
DTM*472*20211025~
CAS*OA*23*1232**94*-1496~
CAS*PR*2*102~
REF*6R*E6XP0035383521-3~
AMT*B6*510~
SVC*HC>97140>GO*246*0*0430*2~
DTM*472*20211027~
CAS*CO*97*246~
REF*6R*E6XP0035383521-5~
LQ*HE*N20~
SVC*HC>97530>XU>GO*284*0*0430*2~
DTM*472*20211027~
CAS*CO*97*284~
REF*6R*E6XP0035383521-4~
LQ*HE*N20~
SVC*HC>97535>GO*420*0*0430*3~
DTM*472*20211018~
CAS*CO*97*420~
REF*6R*E6XP0035383521-1~
LQ*HE*N20~
SVC*HC>97535>GO*280*0*0430*2~
DTM*472*20211025~
CAS*CO*97*280~
REF*6R*E6XP0035383521-2~
LQ*HE*N20~
SVC*HC>97165>GO*266*0*0434*1~
DTM*472*20211018~
CAS*CO*97*266~
REF*6R*E6XP0035383521-6~
LQ*HE*N20~
CLP*900626683*1*947*355.42**12*EHY1WTB7H0000*13*1~
NM1*QC*1*BAKER*CADENCE*H~
NM1*IL*1*BAKER*NANCY****MI*W19733303701~
NM1*74*1******C*W197333037~
NM1*82*2*PENN HIGHLANDS ELK*****XX*1326434242~
REF*1L*0863815-010-00002- B~
REF*CE*Aetna HealthFund  Open Choice  PPO NET 02151~
DTM*232*20211230~
DTM*233*20211230~
DTM*050*20220104~
PER*CX**TE*8886323862~
AMT*AU*947~
SVC*HC>84702*114*57.75*0301*1~
DTM*472*20211230~
CAS*CO*45*56.25~
REF*6R*E6XP0035800953-1~
AMT*B6*57.75~
SVC*HC>84443*116*66.88*0301*1~
DTM*472*20211230~
CAS*CO*45*49.12~
REF*6R*E6XP0035800953-2~
AMT*B6*66.88~
SVC*HC>84439*132*35.88*0301*1~
DTM*472*20211230~
CAS*CO*45*96.12~
REF*6R*E6XP0035800953-3~
AMT*B6*35.88~
SVC*HC>84146*147*77.13*0301*1~
DTM*472*20211230~
CAS*CO*45*69.87~
REF*6R*E6XP0035800953-4~
AMT*B6*77.13~
SVC*HC>73630>RT*219*58.89*0320*1~
DTM*472*20211230~
CAS*CO*45*160.11~
REF*6R*E6XP0035800953-5~
AMT*B6*58.89~
SVC*HC>73630>LT*219*58.89*0320*1~
DTM*472*20211230~
CAS*CO*45*160.11~
REF*6R*E6XP0035800953-6~
AMT*B6*58.89~
PLB*1326434242*20221231*CS>EGACV6QG60000-900596292-2021-10-18*14.42*WO>EGACV6QG60000-900596292-2021-10-18*646.84*CS>EGACV6QG60000-900596292-2021-10-18*-646.84*FB>922019000288188*-161.56~
SE*175*0478~
ST*835*0985~
BPR*I*8029.36*C*ACH*CCP*01*031100209*DA*0038865237*1066033492**01*243374218*DA*1056038571*20220121~
TRN*1*160118220239006*1066033492~
REF*EV*XXXXXXXXXXXXXXXXXXXXXXXXXXXXXX~
DTM*405*20220119~
N1*PR*AETNA~
N3*151 FARMINGTON AVENUE~
N4*HARTFORD*CT*06156~
REF*2U*60054~
PER*BL*Provider Service~
N1*PE*ELK REGIONAL HEALTH CENTER*XX*1326434242~
N3*763 JOHNSONBURG ROAD~
N4*ST. MARYS*PA*15857~
REF*PQ*944631300~
REF*TJ*250585280~
LX*1~
TS3*1326434242*85*20221231*4*32144.26~
CLP*900629415*1*2749*714.74**13*220106E129490000*85*1~
NM1*QC*1*SHAFFER*VALERIE****MI*MEBGZGSJ~
NM1*82*2*ELK REGIONAL HEALTH CENTER*****XX*1326434242~
REF*1L*467428-141~
REF*CE*MEDICARE OPEN ACCESS PPO PLAN NET 03400~
DTM*232*20211231~
DTM*233*20211231~
DTM*050*20220106~
PER*CX**TE*8006240756~
AMT*AU*2749~
SVC*HC>72156*2500*650*0612*1~
DTM*472*20211231~
CAS*CO*45*1850~
REF*6R*E6XP0035829192-1~
AMT*B6*650~
LQ*HE*N59~
SVC*HC>A9585*249*64.74*0636*100~
DTM*472*20211231~
CAS*CO*45*184.26~
REF*6R*E6XP0035829192-2~
AMT*B6*64.74~
LQ*HE*N59~
CLP*900626955*1*20742.15*5203.54**13*220107E302430000*85*1~
NM1*QC*1*BAUER*KENNETH****MI*MEBTNQSJ~
NM1*82*2*ELK REGIONAL HEALTH CENTER*****XX*1326434242~
REF*1L*467473-273~
REF*CE*WEST ADV PLAN 100 NET 03400~
DTM*232*20210816~
DTM*233*20210823~
DTM*050*20220107~
PER*CX**TE*8006240756~
AMT*AU*20630.15~
SVC*NU>0250*13.8*3.59**1~
DTM*472*20210816~
CAS*CO*45*10.21~
REF*6R*E6XP0035838433-1~
AMT*B6*3.59~
LQ*HE*N59~
SVC*NU>0250*43.8*11.39**1~
DTM*472*20210818~
CAS*CO*45*32.41~
REF*6R*E6XP0035838433-7~
AMT*B6*11.39~
LQ*HE*N59~
SVC*NU>0250*213.75*55.58**1~
DTM*472*20210818~
CAS*CO*45*158.17~
REF*6R*E6XP0035838433-6~
AMT*B6*55.58~
LQ*HE*N59~
SVC*NU>0250*68.7*17.86**1~
DTM*472*20210817~
CAS*CO*45*50.84~
REF*6R*E6XP0035838433-5~
AMT*B6*17.86~
LQ*HE*N59~
SVC*HC>A9270>GY*1*.26*0250*1~
DTM*472*20210817~
CAS*CO*45*.74~
REF*6R*E6XP0035838433-4~
AMT*B6*.26~
LQ*HE*N59~
SVC*HC>J0692*50.85*13.22*0250*2~
DTM*472*20210817~
CAS*CO*45*37.63~
REF*6R*E6XP0035838433-3~
AMT*B6*13.22~
LQ*HE*N59~
SVC*HC>J0692*50.85*13.22*0250*2~
DTM*472*20210816~
CAS*CO*45*37.63~
REF*6R*E6XP0035838433-2~
AMT*B6*13.22~
LQ*HE*N59~
SVC*NU>0258*29.9*7.77**2~
DTM*472*20210818~
CAS*CO*45*22.13~
REF*6R*E6XP0035838433-9~
AMT*B6*7.77~
LQ*HE*N59~
SVC*NU>0258*13.8*3.59**1~
DTM*472*20210818~
CAS*CO*45*10.21~
REF*6R*E6XP0035838433-85~
AMT*B6*3.59~
LQ*HE*N59~
SVC*NU>0258*27.6*7.18**2~
DTM*472*20210817~
CAS*CO*45*20.42~
REF*6R*E6XP0035838433-82~
AMT*B6*7.18~
LQ*HE*N59~
SVC*NU>0258*29.9*7.77**2~
DTM*472*20210823~
CAS*CO*45*22.13~
REF*6R*E6XP0035838433-14~
AMT*B6*7.77~
LQ*HE*N59~
SVC*NU>0258*29.9*7.77**2~
DTM*472*20210822~
CAS*CO*45*22.13~
REF*6R*E6XP0035838433-13~
AMT*B6*7.77~
LQ*HE*N59~
SVC*NU>0258*29.9*7.77**2~
DTM*472*20210821~
CAS*CO*45*22.13~
REF*6R*E6XP0035838433-12~
AMT*B6*7.77~
LQ*HE*N59~
SVC*NU>0258*29.9*7.77**2~
DTM*472*20210820~
CAS*CO*45*22.13~
REF*6R*E6XP0035838433-11~
AMT*B6*7.77~
LQ*HE*N59~
SVC*NU>0258*29.9*7.77**2~
DTM*472*20210819~
CAS*CO*45*22.13~
REF*6R*E6XP0035838433-10~
AMT*B6*7.77~
LQ*HE*N59~
SVC*NU>0258*14.95*3.89**1~
DTM*472*20210817~
CAS*CO*45*11.06~
REF*6R*E6XP0035838433-8~
AMT*B6*3.89~
LQ*HE*N59~
SVC*HC>96367*180*46.8*0260*1~
DTM*472*20210817~
CAS*CO*45*133.2~
REF*6R*E6XP0035838433-15~
AMT*B6*46.8~
LQ*HE*N59~
SVC*HC>96365*497*129.22*0260*1~
DTM*472*20210823~
CAS*CO*45*367.78~
REF*6R*E6XP0035838433-26~
AMT*B6*129.22~
LQ*HE*N59~
SVC*HC>96366*248*64.48*0260*2~
DTM*472*20210823~
CAS*CO*45*183.52~
REF*6R*E6XP0035838433-25~
AMT*B6*64.48~
LQ*HE*N59~
SVC*HC>96366*496*128.96*0260*4~
DTM*472*20210822~
CAS*CO*45*367.04~
REF*6R*E6XP0035838433-24~
AMT*B6*128.96~
LQ*HE*N59~
SVC*HC>96365*497*129.22*0260*1~
DTM*472*20210821~
CAS*CO*45*367.78~
REF*6R*E6XP0035838433-23~
AMT*B6*129.22~
LQ*HE*N59~
SVC*HC>96366*372*96.72*0260*3~
DTM*472*20210821~
CAS*CO*45*275.28~
REF*6R*E6XP0035838433-22~
AMT*B6*96.72~
LQ*HE*N59~
SVC*HC>96366*496*128.96*0260*4~
DTM*472*20210820~
CAS*CO*45*367.04~
REF*6R*E6XP0035838433-21~
AMT*B6*128.96~
LQ*HE*N59~
SVC*HC>96365>XU*497*129.22*0260*1~
DTM*472*20210819~
CAS*CO*45*367.78~
REF*6R*E6XP0035838433-20~
AMT*B6*129.22~
LQ*HE*N59~
SVC*HC>96366>XU*372*96.72*0260*3~
DTM*472*20210819~
CAS*CO*45*275.28~
REF*6R*E6XP0035838433-19~
AMT*B6*96.72~
LQ*HE*N59~
SVC*HC>96366*496*128.96*0260*4~
DTM*472*20210818~
CAS*CO*45*367.04~
REF*6R*E6XP0035838433-18~
AMT*B6*128.96~
LQ*HE*N59~
SVC*HC>96365*497*129.22*0260*1~
DTM*472*20210817~
CAS*CO*45*367.78~
REF*6R*E6XP0035838433-17~
AMT*B6*129.22~
LQ*HE*N59~
SVC*HC>96366*124*32.24*0260*1~
DTM*472*20210817~
CAS*CO*45*91.76~
REF*6R*E6XP0035838433-16~
AMT*B6*32.24~
LQ*HE*N59~
SVC*HC>36415*14*0*0300*0**1~
DTM*472*20210816~
CAS*CO*97*14*1~
REF*6R*E6XP0035838433-27~
LQ*HE*N19~
SVC*HC>36415*14*0*0300*0**1~
DTM*472*20210822~
CAS*CO*97*14*1~
REF*6R*E6XP0035838433-33~
LQ*HE*N19~
SVC*HC>36415*14*0*0300*0**1~
DTM*472*20210821~
CAS*CO*97*14*1~
REF*6R*E6XP0035838433-32~
LQ*HE*N19~
SVC*HC>36415*14*0*0300*0**1~
DTM*472*20210820~
CAS*CO*97*14*1~
REF*6R*E6XP0035838433-31~
LQ*HE*N19~
SVC*HC>36415*14*0*0300*0**1~
DTM*472*20210819~
CAS*CO*97*14*1~
REF*6R*E6XP0035838433-30~
LQ*HE*N19~
SVC*HC>36415*14*0*0300*0**1~
DTM*472*20210818~
CAS*CO*97*14*1~
REF*6R*E6XP0035838433-29~
LQ*HE*N19~
SVC*HC>36415*14*0*0300*0**1~
DTM*472*20210817~
CAS*CO*97*14*1~
REF*6R*E6XP0035838433-28~
LQ*HE*N19~
SVC*HC>36415*14*0*0300*0**1~
DTM*472*20210823~
CAS*CO*97*14*1~
REF*6R*E6XP0035838433-34~
LQ*HE*N19~
SVC*HC>83605*90*23.4*0301*1~
DTM*472*20210816~
CAS*CO*45*66.6~
REF*6R*E6XP0035838433-35~
AMT*B6*23.4~
LQ*HE*N59~
SVC*HC>80048*90*23.4*0301*1~
DTM*472*20210823~
CAS*CO*45*66.6~
REF*6R*E6XP0035838433-48~
AMT*B6*23.4~
LQ*HE*N59~
SVC*HC>83880*263*68.38*0301*1~
DTM*472*20210823~
CAS*CO*45*194.62~
REF*6R*E6XP0035838433-47~
AMT*B6*68.38~
LQ*HE*N59~
SVC*HC>80048*90*23.4*0301*1~
DTM*472*20210822~
CAS*CO*45*66.6~
REF*6R*E6XP0035838433-46~
AMT*B6*23.4~
LQ*HE*N59~
SVC*HC>83880*263*68.38*0301*1~
DTM*472*20210822~
CAS*CO*45*194.62~
REF*6R*E6XP0035838433-45~
AMT*B6*68.38~
LQ*HE*N59~
SVC*HC>80048*90*23.4*0301*1~
DTM*472*20210821~
CAS*CO*45*66.6~
REF*6R*E6XP0035838433-44~
AMT*B6*23.4~
LQ*HE*N59~
SVC*HC>83880*263*68.38*0301*1~
DTM*472*20210821~
CAS*CO*45*194.62~
REF*6R*E6XP0035838433-43~
AMT*B6*68.38~
LQ*HE*N59~
SVC*HC>80053*113*29.38*0301*1~
DTM*472*20210820~
CAS*CO*45*83.62~
REF*6R*E6XP0035838433-42~
AMT*B6*29.38~
LQ*HE*N59~
SVC*HC>80053*113*29.38*0301*1~
DTM*472*20210819~
CAS*CO*45*83.62~
REF*6R*E6XP0035838433-41~
AMT*B6*29.38~
LQ*HE*N59~
SVC*HC>83880*263*68.38*0301*1~
DTM*472*20210819~
CAS*CO*45*194.62~
REF*6R*E6XP0035838433-40~
AMT*B6*68.38~
LQ*HE*N59~
SVC*HC>80053*113*29.38*0301*1~
DTM*472*20210818~
CAS*CO*45*83.62~
REF*6R*E6XP0035838433-39~
AMT*B6*29.38~
LQ*HE*N59~
SVC*HC>83880*263*68.38*0301*1~
DTM*472*20210818~
CAS*CO*45*194.62~
REF*6R*E6XP0035838433-38~
AMT*B6*68.38~
LQ*HE*N59~
SVC*HC>80053*113*29.38*0301*1~
DTM*472*20210817~
CAS*CO*45*83.62~
REF*6R*E6XP0035838433-37~
AMT*B6*29.38~
LQ*HE*N59~
SVC*HC>80053*113*29.38*0301*1~
DTM*472*20210816~
CAS*CO*45*83.62~
REF*6R*E6XP0035838433-36~
AMT*B6*29.38~
LQ*HE*N59~
SVC*HC>86140*53*13.78*0302*1~
DTM*472*20210818~
CAS*CO*45*39.22~
REF*6R*E6XP0035838433-49~
AMT*B6*13.78~
LQ*HE*N59~
SVC*HC>86140*53*13.78*0302*1~
DTM*472*20210823~
CAS*CO*45*39.22~
REF*6R*E6XP0035838433-50~
AMT*B6*13.78~
LQ*HE*N59~
SVC*HC>85730*45*11.7*0305*1~
DTM*472*20210816~
CAS*CO*45*33.3~
REF*6R*E6XP0035838433-51~
AMT*B6*11.7~
LQ*HE*N59~
SVC*HC>85025*65*16.9*0305*1~
DTM*472*20210823~
CAS*CO*45*48.1~
REF*6R*E6XP0035838433-60~
AMT*B6*16.9~
LQ*HE*N59~
SVC*HC>85025*65*16.9*0305*1~
DTM*472*20210822~
CAS*CO*45*48.1~
REF*6R*E6XP0035838433-59~
AMT*B6*16.9~
LQ*HE*N59~
SVC*HC>85025*65*16.9*0305*1~
DTM*472*20210821~
CAS*CO*45*48.1~
REF*6R*E6XP0035838433-58~
AMT*B6*16.9~
LQ*HE*N59~
SVC*HC>85025*65*16.9*0305*1~
DTM*472*20210820~
CAS*CO*45*48.1~
REF*6R*E6XP0035838433-57~
AMT*B6*16.9~
LQ*HE*N59~
SVC*HC>85025*65*16.9*0305*1~
DTM*472*20210819~
CAS*CO*45*48.1~
REF*6R*E6XP0035838433-56~
AMT*B6*16.9~
LQ*HE*N59~
SVC*HC>85025*65*16.9*0305*1~
DTM*472*20210818~
CAS*CO*45*48.1~
REF*6R*E6XP0035838433-55~
AMT*B6*16.9~
LQ*HE*N59~
SVC*HC>85025*65*16.9*0305*1~
DTM*472*20210817~
CAS*CO*45*48.1~
REF*6R*E6XP0035838433-54~
AMT*B6*16.9~
LQ*HE*N59~
SVC*HC>85025*65*16.9*0305*1~
DTM*472*20210816~
CAS*CO*45*48.1~
REF*6R*E6XP0035838433-53~
AMT*B6*16.9~
LQ*HE*N59~
SVC*HC>85610*35*9.1*0305*1~
DTM*472*20210816~
CAS*CO*45*25.9~
REF*6R*E6XP0035838433-52~
AMT*B6*9.1~
LQ*HE*N59~
SVC*HC>87205*32*8.32*0306*1~
DTM*472*20210816~
CAS*CO*45*23.68~
REF*6R*E6XP0035838433-61~
AMT*B6*8.32~
LQ*HE*N59~
SVC*HC>87040*140*36.4*0306*2~
DTM*472*20210821~
CAS*CO*45*103.6~
REF*6R*E6XP0035838433-67~
AMT*B6*36.4~
LQ*HE*N59~
SVC*HC>87040*140*36.4*0306*2~
DTM*472*20210816~
CAS*CO*45*103.6~
REF*6R*E6XP0035838433-66~
AMT*B6*36.4~
LQ*HE*N59~
SVC*HC>87070>XU*78*20.28*0306*1~
DTM*472*20210816~
CAS*CO*45*57.72~
REF*6R*E6XP0035838433-65~
AMT*B6*20.28~
LQ*HE*N59~
SVC*HC>87077*222*57.72*0306*3~
DTM*472*20210816~
CAS*CO*45*164.28~
REF*6R*E6XP0035838433-64~
AMT*B6*57.72~
LQ*HE*N59~
SVC*HC>87086*118*30.68*0306*2~
DTM*472*20210816~
CAS*CO*45*87.32~
REF*6R*E6XP0035838433-63~
AMT*B6*30.68~
LQ*HE*N59~
SVC*HC>87186*168*43.68*0306*3~
DTM*472*20210816~
CAS*CO*45*124.32~
REF*6R*E6XP0035838433-62~
AMT*B6*43.68~
LQ*HE*N59~
SVC*HC>81001*76*19.76*0307*2~
DTM*472*20210816~
CAS*CO*45*56.24~
REF*6R*E6XP0035838433-68~
AMT*B6*19.76~
LQ*HE*N59~
SVC*HC>71045*266*69.16*0324*1~
DTM*472*20210816~
CAS*CO*45*196.84~
REF*6R*E6XP0035838433-69~
AMT*B6*69.16~
LQ*HE*N59~
SVC*HC>71045*266*69.16*0324*1~
DTM*472*20210822~
CAS*CO*45*196.84~
REF*6R*E6XP0035838433-71~
AMT*B6*69.16~
LQ*HE*N59~
SVC*HC>71045*266*69.16*0324*1~
DTM*472*20210819~
CAS*CO*45*196.84~
REF*6R*E6XP0035838433-70~
AMT*B6*69.16~
LQ*HE*N59~
SVC*HC>71250*1233*160.29*0352*1~
DTM*472*20210816~
CAS*CO*59*1072.71~
REF*6R*E6XP0035838433-73~
AMT*B6*160.29~
SVC*HC>74176*1600*416*0352*1~
DTM*472*20210823~
CAS*CO*45*1184~
REF*6R*E6XP0035838433-74~
AMT*B6*416~
LQ*HE*N59~
SVC*HC>74176*1600*416*0352*1~
DTM*472*20210816~
CAS*CO*45*1184~
REF*6R*E6XP0035838433-72~
AMT*B6*416~
LQ*HE*N59~
SVC*HC>97116>GP*230*59.8*0420*2~
DTM*472*20210819~
CAS*CO*45*170.2~
REF*6R*E6XP0035838433-75~
AMT*B6*59.8~
LQ*HE*N59~
SVC*HC>97110>GP*126*32.76*0420*1~
DTM*472*20210821~
CAS*CO*45*93.24~
REF*6R*E6XP0035838433-77~
AMT*B6*32.76~
LQ*HE*N59~
SVC*HC>97116>GP*230*59.8*0420*2~
DTM*472*20210820~
CAS*CO*45*170.2~
REF*6R*E6XP0035838433-76~
AMT*B6*59.8~
LQ*HE*N59~
SVC*HC>97161>GP*274*71.24*0424*1~
DTM*472*20210818~
CAS*CO*45*202.76~
REF*6R*E6XP0035838433-78~
AMT*B6*71.24~
LQ*HE*N59~
SVC*HC>99285>25*1365*354.9*0450*1~
DTM*472*20210816~
CAS*CO*45*1010.1~
REF*6R*E6XP0035838433-79~
AMT*B6*354.9~
LQ*HE*N59~
SVC*HC>51702*502*130.52*0450*1~
DTM*472*20210816~
CAS*CO*45*371.48~
REF*6R*E6XP0035838433-80~
AMT*B6*130.52~
LQ*HE*N59~
SVC*HC>C8929*2727*709.02*0480*1~
DTM*472*20210819~
CAS*CO*45*2017.98~
REF*6R*E6XP0035838433-81~
AMT*B6*709.02~
LQ*HE*N59~
SVC*HC>J0744*15.6*4.06*0636*2~
DTM*472*20210817~
CAS*CO*45*11.54~
REF*6R*E6XP0035838433-83~
AMT*B6*4.06~
LQ*HE*N59~
SVC*HC>J0692*101.7*26.44*0636*4~
DTM*472*20210818~
CAS*CO*45*75.26~
REF*6R*E6XP0035838433-89~
AMT*B6*26.44~
LQ*HE*N59~
SVC*HC>J0744*9.7*2.52*0636*1~
DTM*472*20210818~
CAS*CO*45*7.18~
REF*6R*E6XP0035838433-88~
AMT*B6*2.52~
LQ*HE*N59~
SVC*HC>J0744*7.8*2.03*0636*1~
DTM*472*20210818~
CAS*CO*45*5.77~
REF*6R*E6XP0035838433-87~
AMT*B6*2.03~
LQ*HE*N59~
SVC*HC>J1940*10.3*2.68*0636*1~
DTM*472*20210818~
CAS*CO*45*7.62~
REF*6R*E6XP0035838433-86~
AMT*B6*2.68~
LQ*HE*N59~
SVC*HC>J0692*50.85*13.22*0636*2~
DTM*472*20210817~
CAS*CO*45*37.63~
REF*6R*E6XP0035838433-84~
AMT*B6*13.22~
LQ*HE*N59~
SVC*HC>J0692*101.7*26.44*0636*4~
DTM*472*20210823~
CAS*CO*45*75.26~
REF*6R*E6XP0035838433-109~
AMT*B6*26.44~
LQ*HE*N59~
SVC*HC>J0744*7.8*2.03*0636*1~
DTM*472*20210823~
CAS*CO*45*5.77~
REF*6R*E6XP0035838433-108~
AMT*B6*2.03~
LQ*HE*N59~
SVC*HC>J1940*8.3*2.16*0636*2~
DTM*472*20210823~
CAS*CO*45*6.14~
REF*6R*E6XP0035838433-107~
AMT*B6*2.16~
LQ*HE*N59~
SVC*HC>J0692*101.7*26.44*0636*4~
DTM*472*20210822~
CAS*CO*45*75.26~
REF*6R*E6XP0035838433-106~
AMT*B6*26.44~
LQ*HE*N59~
SVC*HC>J0744*9.7*2.52*0636*1~
DTM*472*20210822~
CAS*CO*45*7.18~
REF*6R*E6XP0035838433-105~
AMT*B6*2.52~
LQ*HE*N59~
SVC*HC>J0744*9.7*2.52*0636*1~
DTM*472*20210820~
CAS*CO*45*7.18~
REF*6R*E6XP0035838433-97~
AMT*B6*2.52~
LQ*HE*N59~
SVC*HC>J0744*7.8*2.03*0636*1~
DTM*472*20210820~
CAS*CO*45*5.77~
REF*6R*E6XP0035838433-96~
AMT*B6*2.03~
LQ*HE*N59~
SVC*HC>J1940*20.6*5.36*0636*2~
DTM*472*20210820~
CAS*CO*45*15.24~
REF*6R*E6XP0035838433-95~
AMT*B6*5.36~
LQ*HE*N59~
SVC*HC>J0692*101.7*26.44*0636*4~
DTM*472*20210819~
CAS*CO*45*75.26~
REF*6R*E6XP0035838433-94~
AMT*B6*26.44~
LQ*HE*N59~
SVC*HC>J0744*9.7*2.52*0636*1~
DTM*472*20210819~
CAS*CO*45*7.18~
REF*6R*E6XP0035838433-93~
AMT*B6*2.52~
LQ*HE*N59~
CLP*900626955*1*4811.6*1246.97**13*220107E302430001*85*1~
NM1*QC*1*BAUER*KENNETH****MI*MEBTNQSJ~
NM1*82*2*ELK REGIONAL HEALTH CENTER*****XX*1326434242~
REF*1L*467473-273~
REF*CE*WEST ADV PLAN 100 NET 03400~
DTM*232*20210816~
DTM*233*20210823~
DTM*050*20220107~
PER*CX**TE*8006240756~
AMT*AU*4796~
SVC*HC>J0744*7.8*0*0636*0**1~
DTM*150*20210816~
DTM*151*20210819~
CAS*OA*18*7.8*1~
REF*6R*E6XP0035838433-92~
LQ*HE*N522~
SVC*HC>J1940*20.6*5.36*0636*2~
DTM*472*20210819~
CAS*CO*45*15.24~
REF*6R*E6XP0035838433-91~
AMT*B6*5.36~
LQ*HE*N59~
SVC*HC>Q9956*421.2*109.51*0636*3~
DTM*472*20210819~
CAS*CO*45*311.69~
REF*6R*E6XP0035838433-90~
AMT*B6*109.51~
LQ*HE*N59~
SVC*HC>J0744*7.8*0*0636*0**1~
DTM*472*20210822~
CAS*OA*18*7.8*1~
REF*6R*E6XP0035838433-104~
LQ*HE*N522~
SVC*HC>J1940*10.3*2.68*0636*1~
DTM*472*20210822~
CAS*CO*45*7.62~
REF*6R*E6XP0035838433-103~
AMT*B6*2.68~
LQ*HE*N59~
SVC*HC>J1940*8.3*2.16*0636*2~
DTM*472*20210822~
CAS*CO*45*6.14~
REF*6R*E6XP0035838433-102~
AMT*B6*2.16~
LQ*HE*N59~
SVC*HC>J0692*101.7*26.44*0636*4~
DTM*472*20210821~
CAS*CO*45*75.26~
REF*6R*E6XP0035838433-101~
AMT*B6*26.44~
LQ*HE*N59~
SVC*HC>J1940*20.6*5.36*0636*2~
DTM*472*20210821~
CAS*CO*45*15.24~
REF*6R*E6XP0035838433-99~
AMT*B6*5.36~
LQ*HE*N59~
SVC*HC>J0692*101.7*26.44*0636*4~
DTM*472*20210820~
CAS*CO*45*75.26~
REF*6R*E6XP0035838433-98~
AMT*B6*26.44~
LQ*HE*N59~
SVC*HC>J0744*15.6*4.06*0636*2~
DTM*472*20210821~
CAS*CO*45*11.54~
REF*6R*E6XP0035838433-100~
AMT*B6*4.06~
LQ*HE*N59~
SVC*HC>93005>XS*190*49.4*0730*1~
DTM*472*20210816~
CAS*CO*45*140.6~
REF*6R*E6XP0035838433-110~
AMT*B6*49.4~
LQ*HE*N59~
SVC*HC>G0378*1440*374.4*0762*48~
DTM*472*20210817~
CAS*CO*45*1065.6~
REF*6R*E6XP0035838433-111~
AMT*B6*374.4~
LQ*HE*N59~
SVC*HC>96376>XS*179*46.54*0940*1~
DTM*472*20210817~
CAS*CO*45*132.46~
REF*6R*E6XP0035838433-113~
AMT*B6*46.54~
LQ*HE*N59~
SVC*HC>96376*179*46.54*0940*1~
DTM*472*20210823~
CAS*CO*45*132.46~
REF*6R*E6XP0035838433-119~
AMT*B6*46.54~
LQ*HE*N59~
SVC*HC>96376*358*93.08*0940*2~
DTM*472*20210822~
CAS*CO*45*264.92~
REF*6R*E6XP0035838433-118~
AMT*B6*93.08~
LQ*HE*N59~
SVC*HC>96376*358*93.08*0940*2~
DTM*472*20210821~
CAS*CO*45*264.92~
REF*6R*E6XP0035838433-117~
AMT*B6*93.08~
LQ*HE*N59~
SVC*HC>96376*358*93.08*0940*2~
DTM*472*20210820~
CAS*CO*45*264.92~
REF*6R*E6XP0035838433-116~
AMT*B6*93.08~
LQ*HE*N59~
SVC*HC>96376>XU*358*93.08*0940*2~
DTM*472*20210819~
CAS*CO*45*264.92~
REF*6R*E6XP0035838433-115~
AMT*B6*93.08~
LQ*HE*N59~
SVC*HC>96375*179*46.54*0940*1~
DTM*472*20210818~
CAS*CO*45*132.46~
REF*6R*E6XP0035838433-114~
AMT*B6*46.54~
LQ*HE*N59~
SVC*HC>96374>XS*497*129.22*0940*1~
DTM*472*20210816~
CAS*CO*45*367.78~
REF*6R*E6XP0035838433-112~
AMT*B6*129.22~
LQ*HE*N59~
CLP*900632660*1*3841.51*864.11*65*13*220113E091020000*85*1~
NM1*QC*1*CARUSO*GERTRUDE****MI*MEBTJWQL~
NM1*82*2*ELK REGIONAL HEALTH CENTER*****XX*1326434242~
REF*1L*467463-279~
REF*CE*WEST ADV PLAN 100 NET 03400~
DTM*232*20211224~
DTM*233*20211224~
DTM*050*20220113~
PER*CX**TE*8006240756~
AMT*AU*3827.5~
SVC*NU>0272*35*0**1~
DTM*472*20211224~
CAS*CO*45*25.9~
CAS*PR*3*9.1~
REF*6R*E6XP0035900658-1~
AMT*B6*9.1~
SVC*HC>36415*14*0*0300*0**1~
DTM*472*20211224~
CAS*CO*97*14*1~
REF*6R*E6XP0035900658-2~
LQ*HE*N19~
SVC*HC>83605*90*0*0301*1~
DTM*472*20211224~
CAS*CO*45*66.6~
CAS*PR*3*23.4~
REF*6R*E6XP0035900658-3~
AMT*B6*23.4~
SVC*HC>80053*113*0*0301*1~
DTM*472*20211224~
CAS*CO*45*83.62~
CAS*PR*3*29.38~
REF*6R*E6XP0035900658-4~
AMT*B6*29.38~
SVC*HC>85025*65*13.78*0305*1~
DTM*472*20211224~
CAS*CO*45*48.1~
CAS*PR*3*3.12~
REF*6R*E6XP0035900658-5~
AMT*B6*16.9~
LQ*HE*N59~
SVC*HC>74177>ME*1800*468*0352*1~
DTM*472*20211224~
CAS*CO*45*1332~
REF*6R*E6XP0035900658-6~
AMT*B6*468~
LQ*HE*N59~
SVC*HC>G1004*.01*0*0359*0**1~
DTM*472*20211224~
CAS*CO*97*.01*1~
REF*6R*E6XP0035900658-7~
LQ*HE*N19~
SVC*HC>76856*508*66.04*0402*1~
DTM*472*20211224~
CAS*CO*59*441.96~
REF*6R*E6XP0035900658-8~
AMT*B6*66.04~
SVC*HC>99284>25*952*247.52*0450*1~
DTM*472*20211224~
CAS*CO*45*704.48~
REF*6R*E6XP0035900658-9~
AMT*B6*247.52~
LQ*HE*N59~
SVC*HC>Q9967*264.5*68.77*0636*100~
DTM*472*20211224~
CAS*CO*45*195.73~
REF*6R*E6XP0035900658-10~
AMT*B6*68.77~
LQ*HE*N59~
SE*832*0985~
ST*835*1634~
BPR*I*1349.92*C*ACH*CCP*01*031100209*DA*0038865237*1066033492**01*243374218*DA*1056038571*20220121~
TRN*1*160118220263548*1066033492~
REF*EV*XXXXXXXXXXXXXXXXXXXXXXXXXXXXXX~
DTM*405*20220119~
N1*PR*AETNA~
N3*151 FARMINGTON AVENUE~
N4*HARTFORD*CT*06156~
REF*2U*60054~
PER*BL*Provider Service~
N1*PE*ELK REGIONAL HEALTH CENTER*XX*1326434242~
N3*763 JOHNSONBURG ROAD~
N4*ST. MARYS*PA*15857~
REF*PQ*944631300~
REF*TJ*250585280~
LX*1~
TS3*1326434242*85*20221231*15*5248~
CLP*900633465*1*131*34.06**13*220115E006120000*85*1~
NM1*QC*1*VIGLIONE*NELLIE****MI*MEBTJCWN~
NM1*82*2*ELK REGIONAL HEALTH CENTER*****XX*1326434242~
REF*1L*467463-279~
REF*CE*WEST ADV PLAN 100 NET 03400~
DTM*232*20210904~
DTM*233*20210904~
DTM*050*20220115~
PER*CX**TE*8006240756~
AMT*AU*131~
SVC*HC>80202*131*34.06*0301*1~
DTM*472*20210904~
CAS*CO*45*96.94~
REF*6R*E6XP0035927097-1~
AMT*B6*34.06~
LQ*HE*N59~
CLP*900633478*1*131*34.06**13*220115E006130000*85*1~
NM1*QC*1*VIGLIONE*NELLIE****MI*MEBTJCWN~
NM1*82*2*ELK REGIONAL HEALTH CENTER*****XX*1326434242~
REF*1L*467463-279~
REF*CE*WEST ADV PLAN 100 NET 03400~
DTM*232*20210919~
DTM*233*20210919~
DTM*050*20220115~
PER*CX**TE*8006240756~
AMT*AU*131~
SVC*HC>80202*131*34.06*0301*1~
DTM*472*20210919~
CAS*CO*45*96.94~
REF*6R*E6XP0035927106-1~
AMT*B6*34.06~
LQ*HE*N59~
CLP*900633483*1*104*23.4**13*220115E006140000*85*1~
NM1*QC*1*VIGLIONE*NELLIE****MI*MEBTJCWN~
NM1*82*2*ELK REGIONAL HEALTH CENTER*****XX*1326434242~
REF*1L*467463-279~
REF*CE*WEST ADV PLAN 100 NET 03400~
DTM*232*20210930~
DTM*233*20210930~
DTM*050*20220115~
PER*CX**TE*8006240756~
AMT*AU*90~
SVC*HC>80048*90*23.4*0301*1~
DTM*472*20210930~
CAS*CO*45*66.6~
REF*6R*E6XP0035927110-2~
AMT*B6*23.4~
LQ*HE*N59~
SVC*HC>36415*14*0*0300*0**1~
DTM*472*20210930~
CAS*CO*97*14*1~
REF*6R*E6XP0035927110-1~
LQ*HE*N19~
CLP*900633466*1*484*125.84**13*220115E030840000*85*1~
NM1*QC*1*VIGLIONE*NELLIE****MI*MEBTJCWN~
NM1*82*2*ELK REGIONAL HEALTH CENTER*****XX*1326434242~
REF*1L*467463-279~
REF*CE*WEST ADV PLAN 100 NET 03400~
DTM*232*20210906~
DTM*233*20210906~
DTM*050*20220115~
PER*CX**TE*8006240756~
AMT*AU*484~
SVC*HC>83880*263*68.38*0301*1~
DTM*472*20210906~
CAS*CO*45*194.62~
REF*6R*E6XP0035927098-1~
AMT*B6*68.38~
LQ*HE*N59~
SVC*HC>80202*131*34.06*0301*1~
DTM*472*20210906~
CAS*CO*45*96.94~
REF*6R*E6XP0035927098-2~
AMT*B6*34.06~
LQ*HE*N59~
SVC*HC>80048*90*23.4*0301*1~
DTM*472*20210906~
CAS*CO*45*66.6~
REF*6R*E6XP0035927098-3~
AMT*B6*23.4~
LQ*HE*N59~
CLP*900633467*1*79*16.9**13*220115E030850000*85*1~
NM1*QC*1*VIGLIONE*NELLIE****MI*MEBTJCWN~
NM1*82*2*ELK REGIONAL HEALTH CENTER*****XX*1326434242~
REF*1L*467463-279~
REF*CE*WEST ADV PLAN 100 NET 03400~
DTM*232*20210907~
DTM*233*20210907~
DTM*050*20220115~
PER*CX**TE*8006240756~
AMT*AU*65~
SVC*HC>85025*65*16.9*0305*1~
DTM*472*20210907~
CAS*CO*45*48.1~
REF*6R*E6XP0035927099-2~
AMT*B6*16.9~
LQ*HE*N59~
SVC*HC>36415*14*0*0300*0**1~
DTM*472*20210907~
CAS*CO*97*14*1~
REF*6R*E6XP0035927099-1~
LQ*HE*N19~
CLP*900633479*1*336*87.36**13*220115E030860000*85*1~
NM1*QC*1*VIGLIONE*NELLIE****MI*MEBTJCWN~
NM1*82*2*ELK REGIONAL HEALTH CENTER*****XX*1326434242~
REF*1L*467463-279~
REF*CE*WEST ADV PLAN 100 NET 03400~
DTM*232*20210922~
DTM*233*20210922~
DTM*050*20220115~
PER*CX**TE*8006240756~
AMT*AU*336~
SVC*HC>80202*131*34.06*0301*1~
DTM*472*20210922~
CAS*CO*45*96.94~
REF*6R*E6XP0035927107-1~
AMT*B6*34.06~
LQ*HE*N59~
SVC*HC>80048*90*23.4*0301*1~
DTM*472*20210922~
CAS*CO*45*66.6~
REF*6R*E6XP0035927107-2~
AMT*B6*23.4~
LQ*HE*N59~
SVC*HC>85652*50*13*0305*1~
DTM*472*20210922~
CAS*CO*45*37~
REF*6R*E6XP0035927107-3~
AMT*B6*13~
LQ*HE*N59~
SVC*HC>85025*65*16.9*0305*1~
DTM*472*20210922~
CAS*CO*45*48.1~
REF*6R*E6XP0035927107-4~
AMT*B6*16.9~
LQ*HE*N59~
CLP*900633464*1*131*34.06**13*220115E056210000*85*1~
NM1*QC*1*VIGLIONE*NELLIE****MI*MEBTJCWN~
NM1*82*2*ELK REGIONAL HEALTH CENTER*****XX*1326434242~
REF*1L*467463-279~
REF*CE*WEST ADV PLAN 100 NET 03400~
DTM*232*20210902~
DTM*233*20210902~
DTM*050*20220115~
PER*CX**TE*8006240756~
AMT*AU*131~
SVC*HC>80202*131*34.06*0301*1~
DTM*472*20210902~
CAS*CO*45*96.94~
REF*6R*E6XP0035927096-1~
AMT*B6*34.06~
LQ*HE*N59~
CLP*900633477*1*286*74.36**13*220115E056220000*85*1~
NM1*QC*1*VIGLIONE*NELLIE****MI*MEBTJCWN~
NM1*82*2*ELK REGIONAL HEALTH CENTER*****XX*1326434242~
REF*1L*467463-279~
REF*CE*WEST ADV PLAN 100 NET 03400~
DTM*232*20210917~
DTM*233*20210917~
DTM*050*20220115~
PER*CX**TE*8006240756~
AMT*AU*286~
SVC*HC>80202*131*34.06*0301*1~
DTM*472*20210917~
CAS*CO*45*96.94~
REF*6R*E6XP0035927105-1~
AMT*B6*34.06~
LQ*HE*N59~
SVC*HC>80048*90*23.4*0301*1~
DTM*472*20210917~
CAS*CO*45*66.6~
REF*6R*E6XP0035927105-2~
AMT*B6*23.4~
LQ*HE*N59~
SVC*HC>85025*65*16.9*0305*1~
DTM*472*20210917~
CAS*CO*45*48.1~
REF*6R*E6XP0035927105-3~
AMT*B6*16.9~
LQ*HE*N59~
CLP*900633482*1*219*53.3**13*220115E056230000*85*1~
NM1*QC*1*VIGLIONE*NELLIE****MI*MEBTJCWN~
NM1*82*2*ELK REGIONAL HEALTH CENTER*****XX*1326434242~
REF*1L*467463-279~
REF*CE*WEST ADV PLAN 100 NET 03400~
DTM*232*20210929~
DTM*233*20210929~
DTM*050*20220115~
PER*CX**TE*8006240756~
AMT*AU*205~
SVC*HC>80048*90*23.4*0301*1~
DTM*472*20210929~
CAS*CO*45*66.6~
REF*6R*E6XP0035927109-2~
AMT*B6*23.4~
LQ*HE*N59~
SVC*HC>85652*50*13*0305*1~
DTM*472*20210929~
CAS*CO*45*37~
REF*6R*E6XP0035927109-3~
AMT*B6*13~
LQ*HE*N59~
SVC*HC>85025*65*16.9*0305*1~
DTM*472*20210929~
CAS*CO*45*48.1~
REF*6R*E6XP0035927109-4~
AMT*B6*16.9~
LQ*HE*N59~
SVC*HC>36415*14*0*0300*0**1~
DTM*472*20210929~
CAS*CO*97*14*1~
REF*6R*E6XP0035927109-1~
LQ*HE*N19~
CLP*900633463*1*418*108.68**13*220115E081180000*85*1~
NM1*QC*1*VIGLIONE*NELLIE****MI*MEBTJCWN~
NM1*82*2*ELK REGIONAL HEALTH CENTER*****XX*1326434242~
REF*1L*467463-279~
REF*CE*WEST ADV PLAN 100 NET 03400~
DTM*232*20210901~
DTM*233*20210901~
DTM*050*20220115~
PER*CX**TE*8006240756~
AMT*AU*418~
SVC*HC>83880*263*68.38*0301*1~
DTM*472*20210901~
CAS*CO*45*194.62~
REF*6R*E6XP0035927095-1~
AMT*B6*68.38~
LQ*HE*N59~
SVC*HC>80048*90*23.4*0301*1~
DTM*472*20210901~
CAS*CO*45*66.6~
REF*6R*E6XP0035927095-2~
AMT*B6*23.4~
LQ*HE*N59~
SVC*HC>85025*65*16.9*0305*1~
DTM*472*20210901~
CAS*CO*45*48.1~
REF*6R*E6XP0035927095-3~
AMT*B6*16.9~
LQ*HE*N59~
CLP*900633470*1*145*34.06**13*220115E081190000*85*1~
NM1*QC*1*VIGLIONE*NELLIE****MI*MEBTJCWN~
NM1*82*2*ELK REGIONAL HEALTH CENTER*****XX*1326434242~
REF*1L*467463-279~
REF*CE*WEST ADV PLAN 100 NET 03400~
DTM*232*20210909~
DTM*233*20210909~
DTM*050*20220115~
PER*CX**TE*8006240756~
AMT*AU*131~
SVC*HC>80202*131*34.06*0301*1~
DTM*472*20210909~
CAS*CO*45*96.94~
REF*6R*E6XP0035927101-2~
AMT*B6*34.06~
LQ*HE*N59~
SVC*HC>36415*14*0*0300*0**1~
DTM*472*20210909~
CAS*CO*97*14*1~
REF*6R*E6XP0035927101-1~
LQ*HE*N19~
CLP*900633481*1*131*34.06**13*220115E081200000*85*1~
NM1*QC*1*VIGLIONE*NELLIE****MI*MEBTJCWN~
NM1*82*2*ELK REGIONAL HEALTH CENTER*****XX*1326434242~
REF*1L*467463-279~
REF*CE*WEST ADV PLAN 100 NET 03400~
DTM*232*20210926~
DTM*233*20210926~
DTM*050*20220115~
PER*CX**TE*8006240756~
AMT*AU*131~
SVC*HC>80202*131*34.06*0301*1~
DTM*472*20210926~
CAS*CO*45*96.94~
REF*6R*E6XP0035927108-1~
AMT*B6*34.06~
LQ*HE*N59~
CLP*900633474*1*131*34.06**13*220115E106260000*85*1~
NM1*QC*1*VIGLIONE*NELLIE****MI*MEBTJCWN~
NM1*82*2*ELK REGIONAL HEALTH CENTER*****XX*1326434242~
REF*1L*467463-279~
REF*CE*WEST ADV PLAN 100 NET 03400~
DTM*232*20210913~
DTM*233*20210913~
DTM*050*20220115~
PER*CX**TE*8006240756~
AMT*AU*131~
SVC*HC>80202*131*34.06*0301*1~
DTM*472*20210913~
CAS*CO*45*96.94~
REF*6R*E6XP0035927102-1~
AMT*B6*34.06~
LQ*HE*N59~
CLP*900633475*1*336*87.36**13*220115E106270000*85*1~
NM1*QC*1*VIGLIONE*NELLIE****MI*MEBTJCWN~
NM1*82*2*ELK REGIONAL HEALTH CENTER*****XX*1326434242~
REF*1L*467463-279~
REF*CE*WEST ADV PLAN 100 NET 03400~
DTM*232*20210915~
DTM*233*20210915~
DTM*050*20220115~
PER*CX**TE*8006240756~
AMT*AU*336~
SVC*HC>80202*131*34.06*0301*1~
DTM*472*20210915~
CAS*CO*45*96.94~
REF*6R*E6XP0035927103-1~
AMT*B6*34.06~
LQ*HE*N59~
SVC*HC>80048*90*23.4*0301*1~
DTM*472*20210915~
CAS*CO*45*66.6~
REF*6R*E6XP0035927103-2~
AMT*B6*23.4~
LQ*HE*N59~
SVC*HC>85652*50*13*0305*1~
DTM*472*20210915~
CAS*CO*45*37~
REF*6R*E6XP0035927103-3~
AMT*B6*13~
LQ*HE*N59~
SVC*HC>85025*65*16.9*0305*1~
DTM*472*20210915~
CAS*CO*45*48.1~
REF*6R*E6XP0035927103-4~
AMT*B6*16.9~
LQ*HE*N59~
CLP*900633820*1*2186*568.36**13*220117E243400000*85*1~
NM1*QC*1*OSTRUM*KENNETH****MI*MEBTLYLT~
NM1*82*2*ELK REGIONAL HEALTH CENTER*****XX*1326434242~
REF*1L*467467-094~
REF*CE*MAJOR ADV PLAN NET 03400~
DTM*232*20210914~
DTM*233*20210914~
DTM*050*20220117~
PER*CX**TE*8006240756~
AMT*AU*2186~
SVC*HC>70551*2186*568.36*0611*1~
DTM*472*20210914~
CAS*CO*45*1617.64~
REF*6R*E6XP0035936947-1~
AMT*B6*568.36~
LQ*HE*N59~
SE*362*1634~
ST*835*0439~
BPR*H*0*C*NON************20220119~
TRN*1*922019000278191*1066033492~
REF*EV*XXXXXXXXXXXXXXXXXXXXXXXXXXXXXX~
DTM*405*20220119~
N1*PR*AETNA~
N3*151 FARMINGTON AVENUE~
N4*HARTFORD*CT*06156~
REF*2U*60054~
PER*BL*Provider Service~
N1*PE*J C BLAIR MEMORIAL HOSPITAL*XX*1700878840~
N3*1225 WARM SPRINGS AVE~
N4*HUNTINGDON*PA*166522350~
REF*PQ*524693660~
REF*TJ*231352159~
LX*1~
TS3*1700878840*22*20221231*5*199~
CLP*VAH71027*22*-1022*-3751.13**13*EC36QS96N0005*13*7~
NM1*QC*1*GUYER*SEAN*E~
NM1*IL*1*GUYER*SEAN****MI*W239716221~
NM1*82*2*PENN HIGHLANDS HUNTINGDON*****XX*1700878840~
MOA***MA15~
REF*1L*0768800-010-00704- E~
REF*CE*Aetna Choice  POS II NET 00563~
DTM*232*20200930~
DTM*233*20201001~
DTM*050*20210330~
PER*CX**TE*8886323862~
SVC*HC>80307*-55*-3282.47*0305*1*HC>85730~
DTM*472*20200930~
CAS*OA*94*3227.47~
REF*6R*00000000020~
SVC*HC>85610*-37*-27.01*0305*1~
DTM*472*20200930~
CAS*CO*45*-9.99~
REF*6R*00000000019~
SVC*HC>80307>XU*-55*0*0307*0*HC>81001>XU*1~
DTM*472*20200930~
CAS*CO*97*-55*1~
REF*6R*00000000021~
LQ*HE*N19~
SVC*HC>86850*-109*-79.57*0300*1~
DTM*472*20200930~
CAS*CO*45*-29.43~
REF*6R*00000000009~
SVC*HC>80307*-199*0*0324*1*HC>71046~
DTM*472*20201001~
CAS*CO*45*-53.73~
CAS*PR*3*-145.27~
REF*6R*00000000023~
SVC*HC>93005*-165*-120.45*0730*1~
DTM*472*20200930~
CAS*CO*45*-44.55~
REF*6R*00000000031~
SVC*HC>73030>LT*-331*-241.63*0320*1*HC>73030>LT>FY~
DTM*472*20200930~
CAS*CO*45*-89.37~
REF*6R*00000000022~
SVC*HC>80053*-71*0*0301*0**1~
DTM*472*20200930~
CAS*CO*151*-71*1~
REF*6R*00000000012~
LQ*HE*N362~
CLP*VAH71027*1*1022*0*654.08*13*EC36QS96N0006*13*7~
NM1*QC*1*GUYER*SEAN*E~
NM1*IL*1*GUYER*SEAN****MI*W239716221~
NM1*82*2*PENN HIGHLANDS HUNTINGDON*****XX*1700878840~
MOA***MA15~
REF*1L*0768800-010-00704- E~
REF*CE*Aetna Choice  POS II NET 00563~
REF*F8*EC36QS96N0005~
DTM*232*20200930~
DTM*233*20201001~
DTM*050*20210330~
PER*CX**TE*8886323862~
AMT*AU*1022~
SVC*HC>80307*55*0*0305*1*HC>85730~
DTM*472*20200930~
CAS*CO*45*14.85~
CAS*PR*1*40.15~
REF*6R*00000000020~
AMT*B6*40.15~
SVC*HC>85610*37*0*0305*1~
DTM*472*20200930~
CAS*CO*45*9.99~
CAS*PR*1*27.01~
REF*6R*00000000019~
AMT*B6*27.01~
SVC*HC>80307>XU*55*0*0307*0*HC>81001>XU*1~
DTM*472*20200930~
CAS*CO*97*55*1~
REF*6R*00000000021~
AMT*B6*40.15~
LQ*HE*N19~
SVC*HC>86850*109*0*0300*1~
DTM*472*20200930~
CAS*CO*45*29.43~
CAS*PR*1*79.57~
REF*6R*00000000009~
AMT*B6*79.57~
SVC*HC>80307*199*0*0324*1*HC>71046~
DTM*472*20201001~
CAS*CO*45*53.73~
CAS*PR*1*145.27~
REF*6R*00000000023~
AMT*B6*145.27~
SVC*HC>93005*165*0*0730*1~
DTM*472*20200930~
CAS*CO*45*44.55~
CAS*PR*1*120.45~
REF*6R*00000000031~
AMT*B6*120.45~
SVC*HC>73030>LT*331*0*0320*1*HC>73030>LT>FY~
DTM*472*20200930~
CAS*CO*45*89.37~
CAS*PR*1*241.63~
REF*6R*00000000022~
AMT*B6*241.63~
SVC*HC>80053*71*0*0301*0**1~
DTM*472*20200930~
CAS*CO*151*71*1~
REF*6R*00000000012~
AMT*B6*51.83~
LQ*HE*N362~
CLP*VAJ12772*1*199*0*199*12*EZJMTSX9H0000*13*1~
NM1*QC*1*SNIVELY*RACHEL~
NM1*IL*1*SNIVELY*JAMES*B***MI*W240106497~
NM1*82*2*PENN HIGHLANDS HUNTINGDON*****XX*1700878840~
REF*1L*0285583-010-00001- A~
REF*CE*Open Choice NET 00128~
DTM*232*20211101~
DTM*233*20211101~
DTM*050*20211130~
PER*CX**TE*8886323862~
AMT*AU*199~
SVC*HC>71046>PO*199*0*0324*0**1~
DTM*472*20211101~
CAS*PR*227*199*1~
REF*6R*J9XP0035486589-1~
AMT*B6*199~
LQ*HE*MA04~
LQ*HE*N179~
CLP*VAJ21712*22*-100*0**13*E5JMT9QRM0000*13*1~
NM1*QC*1*KNOX*ALLISON~
NM1*IL*1*KNOX*LEWIS****MI*W17625963102~
NM1*74*1******C*W176259631~
NM1*82*2*PENN HIGHLANDS HUNTINGDON*****XX*1700878840~
REF*1L*0308627-015-00001-HA~
REF*CE*Aetna Choice  POS II NET 00563~
DTM*232*20210318~
DTM*233*20210318~
DTM*050*20211229~
PER*CX**TE*8886323862~
SVC*HC>0001A*-100*0*0771*0**1~
DTM*472*20210318~
CAS*CO*29*-100*1~
REF*6R*J9XP0035755242-1~
CLP*VAJ21712*1*100*38.5**13*E5JMT9QRM0001*13*1~
NM1*QC*1*KNOX*ALLISON~
NM1*IL*1*KNOX*LEWIS****MI*W17625963102~
NM1*74*1******C*W176259631~
NM1*82*2*PENN HIGHLANDS HUNTINGDON*****XX*1700878840~
REF*1L*0308627-015-00001-HA~
REF*CE*Aetna Choice  POS II NET 00563~
REF*F8*E5JMT9QRM0000~
DTM*232*20210318~
DTM*233*20210318~
DTM*050*20211229~
PER*CX**TE*8886323862~
AMT*AU*100~
SVC*HC>0001A*100*38.5*0771*1~
DTM*472*20210318~
CAS*CO*45*61.5~
REF*6R*J9XP0035755242-1~
AMT*B6*38.5~
PLB*1700878840*20221231*WO>EC36QS96N0005-VAH71027-2020-09-30*38.5*CS>EC36QS96N0005-VAH71027-2020-09-30*-38.5*FB>922019000278191*-3712.63~
SE*177*0439~
ST*835*0964~
BPR*I*2107.37*C*ACH*CCP*01*031100209*DA*0038865237*1066033492**01*031310552*DA*68470*20220121~
TRN*1*160118220237262*1066033492~
REF*EV*XXXXXXXXXXXXXXXXXXXXXXXXXXXXXX~
DTM*405*20220119~
N1*PR*AETNA~
N3*151 FARMINGTON AVENUE~
N4*HARTFORD*CT*06156~
REF*2U*60054~
PER*BL*Provider Service~
N1*PE*JC BLAIR MEM HOSPITAL*XX*1700878840~
N3*1225 WARM SPRINGS AVE~
N4*HUNTINGDON*PA*16652~
REF*PQ*524693660~
REF*TJ*231352159~
LX*1~
TS3*1700878840*11*20221231*24*13556~
CLP*VAJ24740*1*4018*415.94**13*220108E110680000*13*1~
NM1*QC*1*DIMOFF*DONALD****MI*MEBFC7PQ~
NM1*82*2*JC BLAIR MEM HOSPITAL*****XX*1700878840~
REF*1L*467428-011~
REF*CE*MEDICARE OPEN ACCESS PPO PLAN NET 03399~
DTM*232*20211203~
DTM*233*20211203~
DTM*050*20220108~
PER*CX**TE*8006240756~
AMT*AU*882~
SVC*HC>Q9967*600*0*0255*0**100~
DTM*472*20211203~
CAS*CO*97*600*100~
REF*6R*J9XP0035850269-1~
LQ*HE*N130~
SVC*HC>70491*882*415.94*0351*1~
DTM*472*20211203~
CAS*CO*45*466.06~
REF*6R*J9XP0035850269-2~
AMT*B6*415.94~
LQ*HE*N59~
SVC*HC>71260*882*0*0352*0**1~
DTM*472*20211203~
CAS*CO*97*882*1~
REF*6R*J9XP0035850269-3~
LQ*HE*N130~
SVC*HC>74177*1654*0*0352*0**1~
DTM*472*20211203~
CAS*CO*97*1654*1~
REF*6R*J9XP0035850269-4~
LQ*HE*N130~
CLP*VAJ26512*1*277*0**13*220112E050320000*13*1~
NM1*QC*1*GREENLEAF*NORENE*P***MI*MEBHR09M~
NM1*82*2*JC BLAIR MEM HOSPITAL*****XX*1700878840~
REF*1L*467428-011~
REF*CE*MEDICARE OPEN ACCESS PPO PLAN NET 03399~
DTM*232*20210922~
DTM*233*20210922~
DTM*050*20220112~
PER*CX**TE*8006240756~
SVC*HC>72100>FY*277*0*0320*0**1~
DTM*472*20210922~
CAS*PI*20*277*1~
REF*6R*J9XP0035887374-1~
CLP*VAJ26514*1*1168*312.24*80*13*220112E091880000*13*1~
NM1*QC*1*GREENLEAF*NORENE*P***MI*MEBHR09M~
NM1*82*2*JC BLAIR MEM HOSPITAL*****XX*1700878840~
REF*1L*467428-011~
REF*CE*MEDICARE OPEN ACCESS PPO PLAN NET 03399~
DTM*232*20211102~
DTM*233*20211116~
DTM*050*20220112~
PER*CX**TE*8006240756~
AMT*AU*1168~
SVC*HC>97110>GP>CQ*292*78.06*0420*4~
DTM*472*20211102~
CAS*CO*45*193.94~
CAS*PR*3*20~
REF*6R*J9XP0035887376-1~
AMT*B6*98.06~
LQ*HE*N59~
SVC*HC>97110>GP>CQ*292*78.06*0420*4~
DTM*472*20211104~
CAS*CO*45*193.94~
CAS*PR*3*20~
REF*6R*J9XP0035887376-2~
AMT*B6*98.06~
LQ*HE*N59~
SVC*HC>97110>GP>CQ*292*78.06*0420*4~
DTM*472*20211108~
CAS*CO*45*193.94~
CAS*PR*3*20~
REF*6R*J9XP0035887376-3~
AMT*B6*98.06~
LQ*HE*N59~
SVC*HC>97110>GP>CQ*292*78.06*0420*4~
DTM*472*20211116~
CAS*CO*45*193.94~
CAS*PR*3*20~
REF*6R*J9XP0035887376-4~
AMT*B6*98.06~
LQ*HE*N59~
CLP*VAJ26515*1*331*96.87**13*220112E133220000*13*1~
NM1*QC*1*GREENLEAF*NORENE*P***MI*MEBHR09M~
NM1*82*2*JC BLAIR MEM HOSPITAL*****XX*1700878840~
REF*1L*467428-011~
REF*CE*MEDICARE OPEN ACCESS PPO PLAN NET 03399~
DTM*232*20211101~
DTM*233*20211101~
DTM*050*20220112~
PER*CX**TE*8006240756~
AMT*AU*331~
SVC*HC>72114>FY*331*96.87*0320*1~
DTM*472*20211101~
CAS*CO*45*234.13~
REF*6R*J9XP0035887377-1~
AMT*B6*96.87~
LQ*HE*N59~
CLP*VAJ27606*1*140*28.82**13*220114E007280000*13*1~
NM1*QC*1*BONSELL*GEORGE*A***MI*MEBTGWZH~
NM1*82*2*JC BLAIR MEM HOSPITAL*****XX*1700878840~
REF*1L*467428-011~
REF*CE*MEDICARE OPEN ACCESS PPO PLAN NET 03399~
DTM*232*20211214~
DTM*233*20211214~
DTM*050*20220114~
PER*CX**TE*8006240756~
AMT*AU*140~
SVC*HC>84439*47*9.02*0301*1~
DTM*472*20211214~
CAS*CO*45*37.98~
REF*6R*J9XP0035910276-2~
AMT*B6*9.02~
LQ*HE*N59~
SVC*HC>84443*72*16.8*0301*1~
DTM*472*20211214~
CAS*CO*45*55.2~
REF*6R*J9XP0035910276-3~
AMT*B6*16.8~
LQ*HE*N59~
SVC*HC>36415*21*3*0300*1~
DTM*472*20211214~
CAS*CO*45*18~
REF*6R*J9XP0035910276-1~
AMT*B6*3~
LQ*HE*N59~
CLP*VAJ27695*1*187*21.39*4.59*13*220114E007290000*13*1~
NM1*QC*1*CONNER*BETTY*L***MI*MEBTT2MD~
NM1*82*2*JC BLAIR MEM HOSPITAL*****XX*1700878840~
REF*1L*467543-010~
REF*CE*MEDICARE (C05) ESA PPO PLAN NET 03399~
DTM*232*20211213~
DTM*233*20211213~
DTM*050*20220114~
PER*CX**TE*8006240756~
AMT*AU*187~
SVC*HC>83540*51*5.18*0301*1~
DTM*472*20211213~
CAS*CO*45*44.53~
CAS*PR*2*1.29~
REF*6R*J9XP0035910354-2~
AMT*B6*6.47~
LQ*HE*N59~
SVC*HC>83550*61*6.99*0301*1~
DTM*472*20211213~
CAS*CO*45*52.26~
CAS*PR*2*1.75~
REF*6R*J9XP0035910354-3~
AMT*B6*8.74~
LQ*HE*N59~
SVC*HC>85025*54*6.22*0305*1~
DTM*472*20211213~
CAS*CO*45*46.23~
CAS*PR*2*1.55~
REF*6R*J9XP0035910354-4~
AMT*B6*7.77~
LQ*HE*N59~
SVC*HC>36415*21*3*0300*1~
DTM*472*20211213~
CAS*CO*45*18~
REF*6R*J9XP0035910354-1~
AMT*B6*3~
LQ*HE*N59~
CLP*VAJ26693*1*1144*213.43**13*220114E032260000*13*1~
NM1*QC*1*OLDRING*ROBERT****MI*MEBGLNBN~
NM1*74*1*OLDRING JR~
NM1*82*2*JC BLAIR MEM HOSPITAL*****XX*1700878840~
REF*1L*467428-011~
REF*CE*MEDICARE OPEN ACCESS PPO PLAN NET 03399~
DTM*232*20211208~
DTM*233*20211208~
DTM*050*20220114~
PER*CX**TE*8006240756~
AMT*AU*1144~
SVC*HC>83993*164*19.63*0301*1~
DTM*472*20211208~
CAS*CO*45*144.37~
REF*6R*J9XP0035887555-1~
AMT*B6*19.63~
LQ*HE*N59~
SVC*HC>87015>59*44*6.68*0306*1~
DTM*472*20211208~
CAS*CO*45*37.32~
REF*6R*J9XP0035887555-2~
AMT*B6*6.68~
LQ*HE*N59~
SVC*HC>87045>59*38*9.44*0306*1~
DTM*472*20211208~
CAS*CO*45*28.56~
REF*6R*J9XP0035887555-3~
AMT*B6*9.44~
LQ*HE*N59~
SVC*HC>87046*25*9.44*0306*1~
DTM*472*20211208~
CAS*CO*45*15.56~
REF*6R*J9XP0035887555-4~
AMT*B6*9.44~
LQ*HE*N59~
SVC*HC>87081>59*53*6.63*0306*1~
DTM*472*20211208~
CAS*CO*45*46.37~
REF*6R*J9XP0035887555-5~
AMT*B6*6.63~
LQ*HE*N59~
SVC*HC>87177*30*8.9*0306*1~
DTM*472*20211208~
CAS*CO*45*21.1~
REF*6R*J9XP0035887555-6~
AMT*B6*8.9~
LQ*HE*N59~
SVC*HC>87209*58*17.98*0306*1~
DTM*472*20211208~
CAS*CO*45*40.02~
REF*6R*J9XP0035887555-7~
AMT*B6*17.98~
LQ*HE*N59~
SVC*HC>87329*66*11.98*0306*1~
DTM*472*20211208~
CAS*CO*45*54.02~
REF*6R*J9XP0035887555-8~
AMT*B6*11.98~
LQ*HE*N59~
SVC*HC>87493*198*37.27*0306*1~
DTM*472*20211208~
CAS*CO*45*160.73~
REF*6R*J9XP0035887555-9~
AMT*B6*37.27~
LQ*HE*N59~
SVC*HC>87493>59*198*37.27*0306*1~
DTM*472*20211208~
CAS*CO*45*160.73~
REF*6R*J9XP0035887555-10~
AMT*B6*37.27~
LQ*HE*N59~
SVC*HC>87899*60*16.07*0306*1~
DTM*472*20211208~
CAS*CO*45*43.93~
REF*6R*J9XP0035887555-11~
AMT*B6*16.07~
LQ*HE*N59~
SVC*HC>87899*105*16.07*0306*1~
DTM*472*20211208~
CAS*CO*45*88.93~
REF*6R*J9XP0035887555-12~
AMT*B6*16.07~
LQ*HE*N59~
SVC*HC>87899*105*16.07*0306*1~
DTM*472*20211208~
CAS*CO*45*88.93~
REF*6R*J9XP0035887555-13~
AMT*B6*16.07~
LQ*HE*N59~
CLP*VAJ27637*1*311*53.21**13*220114E032270000*13*1~
NM1*QC*1*BRIGHT*ALLAN*A***MI*MEBTHBST~
NM1*82*2*JC BLAIR MEM HOSPITAL*****XX*1700878840~
REF*1L*467428-011~
REF*CE*MEDICARE OPEN ACCESS PPO PLAN NET 03399~
DTM*232*20211213~
DTM*233*20211213~
DTM*050*20220114~
PER*CX**TE*8006240756~
AMT*AU*165~
SVC*HC>93005*165*53.21*0730*1~
DTM*472*20211213~
CAS*CO*45*111.79~
REF*6R*J9XP0035910299-4~
AMT*B6*53.21~
LQ*HE*N59~
SVC*HC>80053*71*0*0301*0**1~
DTM*472*20211213~
CAS*CO*97*71*1~
REF*6R*J9XP0035910299-2~
LQ*HE*N130~
SVC*HC>85025*54*0*0305*0**1~
DTM*472*20211213~
CAS*CO*97*54*1~
REF*6R*J9XP0035910299-3~
LQ*HE*N130~
SVC*HC>36415*21*0*0300*0**1~
DTM*472*20211213~
CAS*CO*97*21*1~
REF*6R*J9XP0035910299-1~
LQ*HE*N130~
CLP*VAJ27678*1*904*71.92**13*220114E032280000*13*1~
NM1*QC*1*CHAPPELL*MARCUS****MI*MEBGN9TX~
NM1*74*1*CHAPPELL SR~
NM1*82*2*JC BLAIR MEM HOSPITAL*****XX*1700878840~
REF*1L*467428-011~
REF*CE*MEDICARE OPEN ACCESS PPO PLAN NET 03399~
DTM*232*20211214~
DTM*233*20211214~
DTM*050*20220114~
PER*CX**TE*8006240756~
AMT*AU*331~
SVC*HC>80053*71*0*0301*0**1~
DTM*472*20211214~
CAS*CO*97*71*1~
REF*6R*J9XP0035910337-2~
LQ*HE*N130~
SVC*HC>82607*95*0*0301*0**1~
DTM*472*20211214~
CAS*CO*97*95*1~
REF*6R*J9XP0035910337-3~
LQ*HE*N130~
SVC*HC>83036*61*0*0301*0**1~
DTM*472*20211214~
CAS*CO*97*61*1~
REF*6R*J9XP0035910337-4~
LQ*HE*N130~
SVC*HC>84443*72*0*0301*0**1~
DTM*472*20211214~
CAS*CO*97*72*1~
REF*6R*J9XP0035910337-5~
LQ*HE*N130~
SVC*HC>85025*54*0*0305*0**1~
DTM*472*20211214~
CAS*CO*97*54*1~
REF*6R*J9XP0035910337-6~
LQ*HE*N130~
SVC*HC>36415*21*0*0300*0**1~
DTM*472*20211214~
CAS*CO*97*21*1~
REF*6R*J9XP0035910337-1~
LQ*HE*N130~
SVC*HC>73030>RT>FY*331*71.92*0320*1~
DTM*472*20211214~
CAS*CO*45*259.08~
REF*6R*J9XP0035910337-7~
AMT*B6*71.92~
LQ*HE*N59~
SVC*HC>73502>RT>FY*199*0*0320*0**1~
DTM*472*20211214~
CAS*CO*97*199*1~
REF*6R*J9XP0035910337-8~
LQ*HE*N130~
CLP*VAJ27999*1*58*7.29**13*220114E032290000*13*1~
NM1*QC*1*MYERS*BARBARA*A***MI*MEBF1C2M~
NM1*82*2*JC BLAIR MEM HOSPITAL*****XX*1700878840~
REF*1L*467428-011~
REF*CE*MEDICARE OPEN ACCESS PPO PLAN NET 03399~
DTM*232*20211213~
DTM*233*20211213~
DTM*050*20220114~
PER*CX**TE*8006240756~
AMT*AU*58~
SVC*HC>85610*37*4.29*0305*1~
DTM*472*20211213~
CAS*CO*45*32.71~
REF*6R*J9XP0035910659-2~
AMT*B6*4.29~
LQ*HE*N59~
SVC*HC>36415*21*3*0300*1~
DTM*472*20211213~
CAS*CO*45*18~
REF*6R*J9XP0035910659-1~
AMT*B6*3~
LQ*HE*N59~
CLP*VAJ28130*1*58*7.29**13*220114E032300000*13*1~
NM1*QC*1*SMITH*MONA*G***MI*MEBFDTWQ~
NM1*82*2*JC BLAIR MEM HOSPITAL*****XX*1700878840~
REF*1L*467428-011~
REF*CE*MEDICARE OPEN ACCESS PPO PLAN NET 03399~
DTM*232*20211213~
DTM*233*20211213~
DTM*050*20220114~
PER*CX**TE*8006240756~
AMT*AU*58~
SVC*HC>85610*37*4.29*0305*1~
DTM*472*20211213~
CAS*CO*45*32.71~
REF*6R*J9XP0035910791-2~
AMT*B6*4.29~
LQ*HE*N59~
SVC*HC>36415*21*3*0300*1~
DTM*472*20211213~
CAS*CO*45*18~
REF*6R*J9XP0035910791-1~
AMT*B6*3~
LQ*HE*N59~
CLP*VAJ27963*1*714*160.21**13*220114E032310000*14*1~
NM1*QC*1*MCCRACKEN*JUDITH*M***MI*MEBGPR4H~
NM1*82*2*JC BLAIR MEM HOSPITAL*****XX*1700878840~
REF*1L*467428-011~
REF*CE*MEDICARE OPEN ACCESS PPO PLAN NET 03399~
DTM*232*20211213~
DTM*233*20211213~
DTM*050*20220114~
PER*CX**TE*8006240756~
AMT*AU*714~
SVC*HC>87502*470*95.8*0306*1~
DTM*472*20211213~
CAS*CO*45*374.2~
REF*6R*J9XP0035910623-1~
AMT*B6*95.8~
LQ*HE*N59~
SVC*HC>87807*124*13.1*0306*1~
DTM*472*20211213~
CAS*CO*45*110.9~
REF*6R*J9XP0035910623-2~
AMT*B6*13.1~
LQ*HE*N59~
SVC*HC>U0002*120*51.31*0306*1~
DTM*472*20211213~
CAS*CO*45*68.69~
REF*6R*J9XP0035910623-3~
AMT*B6*51.31~
LQ*HE*N59~
CLP*VAJ27835*1*218*41.73**13*220114E057640000*13*1~
NM1*QC*1*HEIDEL*CONNIE*R***MI*MEBH8ZSD~
NM1*82*2*JC BLAIR MEM HOSPITAL*****XX*1700878840~
REF*1L*467428-011~
REF*CE*MEDICARE OPEN ACCESS PPO PLAN NET 03399~
DTM*232*20211213~
DTM*233*20211213~
DTM*050*20220114~
PER*CX**TE*8006240756~
AMT*AU*218~
SVC*HC>84439*47*9.02*0301*1~
DTM*472*20211213~
CAS*CO*45*37.98~
REF*6R*J9XP0035910495-1~
AMT*B6*9.02~
LQ*HE*N59~
SVC*HC>84443*72*16.8*0301*1~
DTM*472*20211213~
CAS*CO*45*55.2~
REF*6R*J9XP0035910495-2~
AMT*B6*16.8~
LQ*HE*N59~
SVC*HC>86800*99*15.91*0302*1~
DTM*472*20211213~
CAS*CO*45*83.09~
REF*6R*J9XP0035910495-3~
AMT*B6*15.91~
LQ*HE*N59~
CLP*VAJ28232*1*161*25.32**13*220114E057650000*13*1~
NM1*QC*1*ZINOBILE*TONY*M***MI*MEBFC5PQ~
NM1*82*2*JC BLAIR MEM HOSPITAL*****XX*1700878840~
REF*1L*467428-011~
REF*CE*MEDICARE OPEN ACCESS PPO PLAN NET 03399~
DTM*232*20211213~
DTM*233*20211213~
DTM*050*20220114~
PER*CX**TE*8006240756~
AMT*AU*161~
SVC*HC>80053*71*10.56*0301*1~
DTM*472*20211213~
CAS*CO*45*60.44~
REF*6R*J9XP0035910893-2~
AMT*B6*10.56~
LQ*HE*N59~
SVC*HC>85025*54*7.77*0305*1~
DTM*472*20211213~
CAS*CO*45*46.23~
REF*6R*J9XP0035910893-3~
AMT*B6*7.77~
LQ*HE*N59~
SVC*HC>85045*15*3.99*0305*1~
DTM*472*20211213~
CAS*CO*45*11.01~
REF*6R*J9XP0035910893-4~
AMT*B6*3.99~
LQ*HE*N59~
SVC*HC>36415*21*3*0300*1~
DTM*472*20211213~
CAS*CO*45*18~
REF*6R*J9XP0035910893-1~
AMT*B6*3~
LQ*HE*N59~
CLP*VAJ27727*1*113*15.75**13*220114E082840000*13*1~
NM1*QC*1*DIXON*JAMES*W***MI*MEBD88ZR~
NM1*74*1*DIXON SR~
NM1*82*2*JC BLAIR MEM HOSPITAL*****XX*1700878840~
REF*1L*467428-011~
REF*CE*MEDICARE OPEN ACCESS PPO PLAN NET 03399~
DTM*232*20211213~
DTM*233*20211213~
DTM*050*20220114~
PER*CX**TE*8006240756~
AMT*AU*113~
SVC*HC>80048*55*8.46*0301*1~
DTM*472*20211213~
CAS*CO*45*46.54~
REF*6R*J9XP0035910386-2~
AMT*B6*8.46~
LQ*HE*N59~
SVC*HC>85610*37*4.29*0305*1~
DTM*472*20211213~
CAS*CO*45*32.71~
REF*6R*J9XP0035910386-3~
AMT*B6*4.29~
LQ*HE*N59~
SVC*HC>36415*21*3*0300*1~
DTM*472*20211213~
CAS*CO*45*18~
REF*6R*J9XP0035910386-1~
AMT*B6*3~
LQ*HE*N59~
CLP*VAJ27824*1*308*30.73**13*220114E082850000*13*1~
NM1*QC*1*HARMER*RICHARD*C***MI*MEBQH8FD~
NM1*82*2*JC BLAIR MEM HOSPITAL*****XX*1700878840~
REF*1L*467428-011~
REF*CE*MEDICARE OPEN ACCESS PPO PLAN NET 03399~
DTM*232*20211213~
DTM*233*20211213~
DTM*050*20220114~
PER*CX**TE*8006240756~
AMT*AU*247~
SVC*HC>80053*71*10.56*0301*1~
DTM*472*20211213~
CAS*CO*45*60.44~
REF*6R*J9XP0035910484-2~
AMT*B6*10.56~
LQ*HE*N59~
SVC*HC>83036*61*0*0301*0**1~
DTM*472*20211213~
CAS*CO*96*61*1~
REF*6R*J9XP0035910484-3~
LQ*HE*N115~
SVC*HC>83735*49*6.7*0301*1~
DTM*472*20211213~
CAS*CO*45*42.3~
REF*6R*J9XP0035910484-4~
AMT*B6*6.7~
LQ*HE*N59~
SVC*HC>85025*54*7.77*0305*1~
DTM*472*20211213~
CAS*CO*45*46.23~
REF*6R*J9XP0035910484-5~
AMT*B6*7.77~
LQ*HE*N59~
SVC*HC>85652*52*2.7*0305*1~
DTM*472*20211213~
CAS*CO*45*49.3~
REF*6R*J9XP0035910484-6~
AMT*B6*2.7~
LQ*HE*N59~
SVC*HC>36415*21*3*0300*1~
DTM*472*20211213~
CAS*CO*45*18~
REF*6R*J9XP0035910484-1~
AMT*B6*3~
LQ*HE*N59~
CLP*VAJ28153*1*163*26.95**13*220114E082860000*13*1~
NM1*QC*1*STIDD*CONSTANCE*E***MI*MEBJFGPV~
NM1*74*1**CONNIE~
NM1*82*2*JC BLAIR MEM HOSPITAL*****XX*1700878840~
REF*1L*467428-011~
REF*CE*MEDICARE OPEN ACCESS PPO PLAN NET 03399~
DTM*232*20211213~
DTM*233*20211213~
DTM*050*20220114~
PER*CX**TE*8006240756~
AMT*AU*163~
SVC*HC>80053*71*10.56*0301*1~
DTM*472*20211213~
CAS*CO*45*60.44~
REF*6R*J9XP0035910814-2~
AMT*B6*10.56~
LQ*HE*N59~
SVC*HC>80061*71*13.39*0301*1~
DTM*472*20211213~
CAS*CO*45*57.61~
REF*6R*J9XP0035910814-3~
AMT*B6*13.39~
LQ*HE*N59~
SVC*HC>36415*21*3*0300*1~
DTM*472*20211213~
CAS*CO*45*18~
REF*6R*J9XP0035910814-1~
AMT*B6*3~
LQ*HE*N59~
CLP*VAJ27893*1*125*18.33**13*220114E082870000*14*1~
NM1*QC*1*JENSEN*DEBRA****MI*MEBL97MB~
NM1*82*2*JC BLAIR MEM HOSPITAL*****XX*1700878840~
REF*1L*467428-121~
REF*CE*MEDICARE OPEN ACCESS PPO PLAN NET 03399~
DTM*232*20211213~
DTM*233*20211213~
DTM*050*20220114~
PER*CX**TE*8006240756~
AMT*AU*125~
SVC*HC>80053*71*10.56*0301*1~
DTM*472*20211213~
CAS*CO*45*60.44~
REF*6R*J9XP0035910553-1~
AMT*B6*10.56~
LQ*HE*N59~
SVC*HC>85025*54*7.77*0305*1~
DTM*472*20211213~
CAS*CO*45*46.23~
REF*6R*J9XP0035910553-2~
AMT*B6*7.77~
LQ*HE*N59~
CLP*VAJ27543*1*1268*219.98**13*220114E107860000*13*1~
NM1*QC*1*BARNISH*MONA*K***MI*MEBF2NFM~
NM1*82*2*JC BLAIR MEM HOSPITAL*****XX*1700878840~
REF*1L*467428-011~
REF*CE*MEDICARE OPEN ACCESS PPO PLAN NET 03399~
DTM*232*20211213~
DTM*233*20211213~
DTM*050*20220114~
PER*CX**TE*8006240756~
AMT*AU*544~
SVC*HC>93225*262*0*0731*0**1~
DTM*472*20211213~
CAS*CO*97*262*1~
REF*6R*J9XP0035910232-1~
LQ*HE*N130~
SVC*HC>93226*462*0*0731*0**1~
DTM*472*20211213~
CAS*CO*97*462*1~
REF*6R*J9XP0035910232-2~
LQ*HE*N130~
SVC*HC>93880*544*219.98*0921*1~
DTM*472*20211213~
CAS*CO*45*324.02~
REF*6R*J9XP0035910232-3~
AMT*B6*219.98~
LQ*HE*N59~
CLP*VAJ27514*1*308*63.57**13*220114E107870000*13*1~
NM1*QC*1*AYERS*JOHN*T***MI*MEBD86LQ~
NM1*82*2*JC BLAIR MEM HOSPITAL*****XX*1700878840~
REF*1L*467428-011~
REF*CE*MEDICARE OPEN ACCESS PPO PLAN NET 03399~
DTM*232*20211213~
DTM*233*20211213~
DTM*050*20220114~
PER*CX**TE*8006240756~
AMT*AU*308~
SVC*HC>80048*55*8.46*0301*1~
DTM*472*20211213~
CAS*CO*45*46.54~
REF*6R*J9XP0035910214-2~
AMT*B6*8.46~
LQ*HE*N59~
SVC*HC>80061*71*13.39*0301*1~
DTM*472*20211213~
CAS*CO*45*57.61~
REF*6R*J9XP0035910214-3~
AMT*B6*13.39~
LQ*HE*N59~
SVC*HC>82043*42*5.78*0301*1~
DTM*472*20211213~
CAS*CO*45*36.22~
REF*6R*J9XP0035910214-4~
AMT*B6*5.78~
LQ*HE*N59~
SVC*HC>83036*61*9.71*0301*1~
DTM*472*20211213~
CAS*CO*45*51.29~
REF*6R*J9XP0035910214-5~
AMT*B6*9.71~
LQ*HE*N59~
SVC*HC>84450*27*5.18*0301*1~
DTM*472*20211213~
CAS*CO*45*21.82~
REF*6R*J9XP0035910214-6~
AMT*B6*5.18~
LQ*HE*N59~
SVC*HC>G0328*31*18.05*0309*1~
DTM*472*20211213~
CAS*CO*45*12.95~
REF*6R*J9XP0035910214-7~
AMT*B6*18.05~
LQ*HE*N59~
SVC*HC>36415*21*3*0300*1~
DTM*472*20211213~
CAS*CO*45*18~
REF*6R*J9XP0035910214-1~
AMT*B6*3~
LQ*HE*N59~
CLP*VAJ27647*1*669*114.48**13*220114E107880000*13*1~
NM1*QC*1*BROUS*JAY*F***MI*MEBFB4YR~
NM1*82*2*JC BLAIR MEM HOSPITAL*****XX*1700878840~
REF*1L*467428-011~
REF*CE*MEDICARE OPEN ACCESS PPO PLAN NET 03399~
DTM*232*20211213~
DTM*233*20211213~
DTM*050*20220114~
PER*CX**TE*8006240756~
AMT*AU*669~
SVC*HC>80053*71*10.56*0301*1~
DTM*472*20211213~
CAS*CO*45*60.44~
REF*6R*J9XP0035910307-2~
AMT*B6*10.56~
LQ*HE*N59~
SVC*HC>80061*71*13.39*0301*1~
DTM*472*20211213~
CAS*CO*45*57.61~
REF*6R*J9XP0035910307-3~
AMT*B6*13.39~
LQ*HE*N59~
SVC*HC>82043*42*5.78*0301*1~
DTM*472*20211213~
CAS*CO*45*36.22~
REF*6R*J9XP0035910307-4~
AMT*B6*5.78~
LQ*HE*N59~
SVC*HC>82607*95*15.08*0301*1~
DTM*472*20211213~
CAS*CO*45*79.92~
REF*6R*J9XP0035910307-5~
AMT*B6*15.08~
LQ*HE*N59~
SVC*HC>83036*61*9.71*0301*1~
DTM*472*20211213~
CAS*CO*45*51.29~
REF*6R*J9XP0035910307-6~
AMT*B6*9.71~
LQ*HE*N59~
SVC*HC>83970*171*41.28*0301*1~
DTM*472*20211213~
CAS*CO*45*129.72~
REF*6R*J9XP0035910307-7~
AMT*B6*41.28~
LQ*HE*N59~
SVC*HC>84100*28*4.74*0301*1~
DTM*472*20211213~
CAS*CO*45*23.26~
REF*6R*J9XP0035910307-8~
AMT*B6*4.74~
LQ*HE*N59~
SVC*HC>85025*54*7.77*0305*1~
DTM*472*20211213~
CAS*CO*45*46.23~
REF*6R*J9XP0035910307-9~
AMT*B6*7.77~
LQ*HE*N59~
SVC*HC>81001*55*3.17*0307*1~
DTM*472*20211213~
CAS*CO*45*51.83~
REF*6R*J9XP0035910307-10~
AMT*B6*3.17~
LQ*HE*N59~
SVC*HC>36415*21*3*0300*1~
DTM*472*20211213~
CAS*CO*45*18~
REF*6R*J9XP0035910307-1~
AMT*B6*3~
LQ*HE*N59~
CLP*VAJ27825*1*58*7.29**13*220114E107890000*13*1~
NM1*QC*1*HARNISH*NORMAN*D***MI*MEBF00LS~
NM1*82*2*JC BLAIR MEM HOSPITAL*****XX*1700878840~
REF*1L*467428-011~
REF*CE*MEDICARE OPEN ACCESS PPO PLAN NET 03399~
DTM*232*20211213~
DTM*233*20211213~
DTM*050*20220114~
PER*CX**TE*8006240756~
AMT*AU*58~
SVC*HC>85610*37*4.29*0305*1~
DTM*472*20211213~
CAS*CO*45*32.71~
REF*6R*J9XP0035910485-2~
AMT*B6*4.29~
LQ*HE*N59~
SVC*HC>36415*21*3*0300*1~
DTM*472*20211213~
CAS*CO*45*18~
REF*6R*J9XP0035910485-1~
AMT*B6*3~
LQ*HE*N59~
CLP*VAJ28197*1*519*114.66**13*220114E107900000*13*1~
NM1*QC*1*WAITE*CAROLYN*R***MI*MEBJ853Y~
NM1*82*2*JC BLAIR MEM HOSPITAL*****XX*1700878840~
REF*1L*467428-011~
REF*CE*MEDICARE OPEN ACCESS PPO PLAN NET 03399~
DTM*232*20211213~
DTM*233*20211213~
DTM*050*20220114~
PER*CX**TE*8006240756~
AMT*AU*519~
SVC*HC>77063*262*23.92*0403*1~
DTM*472*20211213~
CAS*CO*45*238.08~
REF*6R*J9XP0035910858-1~
AMT*B6*23.92~
LQ*HE*N59~
SVC*HC>77067*257*90.74*0403*1~
DTM*472*20211213~
CAS*CO*45*166.26~
REF*6R*J9XP0035910858-2~
AMT*B6*90.74~
LQ*HE*N59~
CLP*VAJ27626*1*336*39.97**13*220114E107910000*14*1~
NM1*QC*1*BOWSER*DIANNE****MI*MEBTG6JK~
NM1*82*2*JC BLAIR MEM HOSPITAL*****XX*1700878840~
REF*1L*467428-011~
REF*CE*MEDICARE OPEN ACCESS PPO PLAN NET 03399~
DTM*232*20211213~
DTM*233*20211213~
DTM*050*20220114~
PER*CX**TE*8006240756~
AMT*AU*272~
SVC*HC>80053*71*10.56*0301*1~
DTM*472*20211213~
CAS*CO*45*60.44~
REF*6R*J9XP0035910290-2~
AMT*B6*10.56~
LQ*HE*N59~
SVC*HC>82977*49*7.2*0301*1~
DTM*472*20211213~
CAS*CO*45*41.8~
REF*6R*J9XP0035910290-3~
AMT*B6*7.2~
LQ*HE*N59~
SVC*HC>83735*49*6.7*0301*1~
DTM*472*20211213~
CAS*CO*45*42.3~
REF*6R*J9XP0035910290-4~
AMT*B6*6.7~
LQ*HE*N59~
SVC*HC>84100*28*4.74*0301*1~
DTM*472*20211213~
CAS*CO*45*23.26~
REF*6R*J9XP0035910290-5~
AMT*B6*4.74~
LQ*HE*N59~
SVC*HC>84478*27*0*0301*0**1~
DTM*472*20211213~
CAS*CO*96*27*1~
REF*6R*J9XP0035910290-6~
LQ*HE*N115~
SVC*HC>85025*54*7.77*0305*1~
DTM*472*20211213~
CAS*CO*45*46.23~
REF*6R*J9XP0035910290-7~
AMT*B6*7.77~
LQ*HE*N59~
SVC*HC>85610*37*0*0305*0**1~
DTM*472*20211213~
CAS*CO*96*37*1~
REF*6R*J9XP0035910290-8~
LQ*HE*N115~
SVC*HC>36415*21*3*0300*1~
DTM*472*20211213~
CAS*CO*45*18~
REF*6R*J9XP0035910290-1~
AMT*B6*3~
LQ*HE*N59~
SE*860*0964~
ST*835*1623~
BPR*I*4809.72*C*ACH*CCP*01*031100209*DA*0038865237*1066033492**01*031310552*DA*68470*20220121~
TRN*1*160118220262617*1066033492~
REF*EV*XXXXXXXXXXXXXXXXXXXXXXXXXXXXXX~
DTM*405*20220119~
N1*PR*AETNA~
N3*151 FARMINGTON AVENUE~
N4*HARTFORD*CT*06156~
REF*2U*60054~
PER*BL*Provider Service~
N1*PE*JC BLAIR MEM HOSPITAL*XX*1700878840~
N3*1225 WARM SPRINGS AVE~
N4*HUNTINGDON*PA*16652~
REF*PQ*524693660~
REF*TJ*231352159~
LX*1~
TS3*1700878840*11*20221231*31*24353.65~
CLP*VAJ28353*1*58*7.29**13*220115E005880000*13*1~
NM1*QC*1*BUFFINGTON*JEANE*H***MI*MEBFFNYP~
NM1*82*2*JC BLAIR MEM HOSPITAL*****XX*1700878840~
REF*1L*467428-011~
REF*CE*MEDICARE OPEN ACCESS PPO PLAN NET 03399~
DTM*232*20211215~
DTM*233*20211215~
DTM*050*20220115~
PER*CX**TE*8006240756~
AMT*AU*58~
SVC*HC>85610*37*4.29*0305*1~
DTM*472*20211215~
CAS*CO*45*32.71~
REF*6R*J9XP0035927769-2~
AMT*B6*4.29~
LQ*HE*N59~
SVC*HC>36415*21*3*0300*1~
DTM*472*20211215~
CAS*CO*45*18~
REF*6R*J9XP0035927769-1~
AMT*B6*3~
LQ*HE*N59~
CLP*VAJ28418*1*58*7.29**13*220115E005890000*13*1~
NM1*QC*1*CYPHER*DEAN*E***MI*MEBD934Q~
NM1*82*2*JC BLAIR MEM HOSPITAL*****XX*1700878840~
REF*1L*467428-011~
REF*CE*MEDICARE OPEN ACCESS PPO PLAN NET 03399~
DTM*232*20211214~
DTM*233*20211214~
DTM*050*20220115~
PER*CX**TE*8006240756~
AMT*AU*58~
SVC*HC>85610*37*4.29*0305*1~
DTM*472*20211214~
CAS*CO*45*32.71~
REF*6R*J9XP0035927821-2~
AMT*B6*4.29~
LQ*HE*N59~
SVC*HC>36415*21*3*0300*1~
DTM*472*20211214~
CAS*CO*45*18~
REF*6R*J9XP0035927821-1~
AMT*B6*3~
LQ*HE*N59~
CLP*VAJ28431*1*569*90.37**13*220115E005900000*13*1~
NM1*QC*1*DIMOFF*DONALD****MI*MEBFC7PQ~
NM1*82*2*JC BLAIR MEM HOSPITAL*****XX*1700878840~
REF*1L*467428-011~
REF*CE*MEDICARE OPEN ACCESS PPO PLAN NET 03399~
DTM*232*20211215~
DTM*233*20211215~
DTM*050*20220115~
PER*CX**TE*8006240756~
AMT*AU*569~
SVC*HC>80053*71*10.56*0301*1~
DTM*472*20211215~
CAS*CO*45*60.44~
REF*6R*J9XP0035927833-2~
AMT*B6*10.56~
LQ*HE*N59~
SVC*HC>82232*61*16.18*0301*1~
DTM*472*20211215~
CAS*CO*45*44.82~
REF*6R*J9XP0035927833-3~
AMT*B6*16.18~
LQ*HE*N59~
SVC*HC>82248*27*5.02*0301*1~
DTM*472*20211215~
CAS*CO*45*21.98~
REF*6R*J9XP0035927833-4~
AMT*B6*5.02~
LQ*HE*N59~
SVC*HC>82784*201*27.9*0301*3~
DTM*472*20211215~
CAS*CO*45*173.1~
REF*6R*J9XP0035927833-5~
AMT*B6*27.9~
LQ*HE*N59~
SVC*HC>82977*49*7.2*0301*1~
DTM*472*20211215~
CAS*CO*45*41.8~
REF*6R*J9XP0035927833-6~
AMT*B6*7.2~
LQ*HE*N59~
SVC*HC>83615*36*6.04*0301*1~
DTM*472*20211215~
CAS*CO*45*29.96~
REF*6R*J9XP0035927833-7~
AMT*B6*6.04~
LQ*HE*N59~
SVC*HC>83735*49*6.7*0301*1~
DTM*472*20211215~
CAS*CO*45*42.3~
REF*6R*J9XP0035927833-8~
AMT*B6*6.7~
LQ*HE*N59~
SVC*HC>85025*54*7.77*0305*1~
DTM*472*20211215~
CAS*CO*45*46.23~
REF*6R*J9XP0035927833-9~
AMT*B6*7.77~
LQ*HE*N59~
SVC*HC>36415*21*3*0300*1~
DTM*472*20211215~
CAS*CO*45*18~
REF*6R*J9XP0035927833-1~
AMT*B6*3~
LQ*HE*N59~
CLP*VAJ28542*1*76*11.46**13*220115E005910000*13*1~
NM1*QC*1*HANCOCK*JANICE*I***MI*MEBFCPMR~
NM1*82*2*JC BLAIR MEM HOSPITAL*****XX*1700878840~
REF*1L*467428-011~
REF*CE*MEDICARE OPEN ACCESS PPO PLAN NET 03399~
DTM*232*20211215~
DTM*233*20211215~
DTM*050*20220115~
PER*CX**TE*8006240756~
AMT*AU*76~
SVC*HC>80048*55*8.46*0301*1~
DTM*472*20211215~
CAS*CO*45*46.54~
REF*6R*J9XP0035927944-2~
AMT*B6*8.46~
LQ*HE*N59~
SVC*HC>36415*21*3*0300*1~
DTM*472*20211215~
CAS*CO*45*18~
REF*6R*J9XP0035927944-1~
AMT*B6*3~
LQ*HE*N59~
CLP*VAJ28661*1*519*114.66**13*220115E005920000*13*1~
NM1*QC*1*LANTZ*YON*I***MI*MEBD9Q4R~
NM1*82*2*JC BLAIR MEM HOSPITAL*****XX*1700878840~
REF*1L*467428-121~
REF*CE*MEDICARE OPEN ACCESS PPO PLAN NET 03399~
DTM*232*20211215~
DTM*233*20211215~
DTM*050*20220115~
PER*CX**TE*8006240756~
AMT*AU*519~
SVC*HC>77063*262*23.92*0403*1~
DTM*472*20211215~
CAS*CO*45*238.08~
REF*6R*J9XP0035928063-1~
AMT*B6*23.92~
LQ*HE*N59~
SVC*HC>77067*257*90.74*0403*1~
DTM*472*20211215~
CAS*CO*45*166.26~
REF*6R*J9XP0035928063-2~
AMT*B6*90.74~
LQ*HE*N59~
CLP*VAJ28760*1*1725*659.94**13*220115E005930000*13*1~
NM1*QC*1*OWENS*CORA*L***MI*MEBFDGCQ~
NM1*82*2*JC BLAIR MEM HOSPITAL*****XX*1700878840~
REF*1L*467428-011~
REF*CE*MEDICARE OPEN ACCESS PPO PLAN NET 03399~
DTM*232*20211215~
DTM*233*20211215~
DTM*050*20220115~
PER*CX**TE*8006240756~
AMT*AU*1725~
SVC*HC>93880*544*219.98*0921*1~
DTM*472*20211215~
CAS*CO*45*324.02~
REF*6R*J9XP0035928162-1~
AMT*B6*219.98~
LQ*HE*N59~
SVC*HC>93925*740*219.98*0921*1~
DTM*472*20211215~
CAS*CO*45*520.02~
REF*6R*J9XP0035928162-2~
AMT*B6*219.98~
LQ*HE*N59~
SVC*HC>93970*441*219.98*0921*1~
DTM*472*20211215~
CAS*CO*45*221.02~
REF*6R*J9XP0035928162-3~
AMT*B6*219.98~
LQ*HE*N59~
CLP*VAJ28854*1*58*7.29**13*220115E005940000*13*1~
NM1*QC*1*SHADE*GEORGE*R***MI*MEBFDFWQ~
NM1*82*2*JC BLAIR MEM HOSPITAL*****XX*1700878840~
REF*1L*467428-011~
REF*CE*MEDICARE OPEN ACCESS PPO PLAN NET 03399~
DTM*232*20211214~
DTM*233*20211214~
DTM*050*20220115~
PER*CX**TE*8006240756~
AMT*AU*58~
SVC*HC>85610*37*4.29*0305*1~
DTM*472*20211214~
CAS*CO*45*32.71~
REF*6R*J9XP0035928256-2~
AMT*B6*4.29~
LQ*HE*N59~
SVC*HC>36415*21*3*0300*1~
DTM*472*20211214~
CAS*CO*45*18~
REF*6R*J9XP0035928256-1~
AMT*B6*3~
LQ*HE*N59~
CLP*VAJ28689*1*348*68.81**13*220115E005950000*14*1~
NM1*QC*1*MAYS*JUANITA*E***MI*MEBK42QT~
NM1*82*2*JC BLAIR MEM HOSPITAL*****XX*1700878840~
REF*1L*467428-011~
REF*CE*MEDICARE OPEN ACCESS PPO PLAN NET 03399~
DTM*232*20211214~
DTM*233*20211214~
DTM*050*20220115~
PER*CX**TE*8006240756~
AMT*AU*348~
SVC*HC>80053*71*10.56*0301*1~
DTM*472*20211214~
CAS*CO*45*60.44~
REF*6R*J9XP0035928091-1~
AMT*B6*10.56~
LQ*HE*N59~
SVC*HC>84443*72*16.8*0301*1~
DTM*472*20211214~
CAS*CO*45*55.2~
REF*6R*J9XP0035928091-2~
AMT*B6*16.8~
LQ*HE*N59~
SVC*HC>86617*99*30.98*0301*2~
DTM*472*20211214~
CAS*CO*45*68.02~
REF*6R*J9XP0035928091-3~
AMT*B6*30.98~
LQ*HE*N59~
SVC*HC>85025*54*7.77*0305*1~
DTM*472*20211214~
CAS*CO*45*46.23~
REF*6R*J9XP0035928091-4~
AMT*B6*7.77~
LQ*HE*N59~
SVC*HC>85652*52*2.7*0305*1~
DTM*472*20211214~
CAS*CO*45*49.3~
REF*6R*J9XP0035928091-5~
AMT*B6*2.7~
LQ*HE*N59~
CLP*VAJ28409*1*608*104.17**13*220115E030650000*13*1~
NM1*QC*1*CROTSLEY*ROBERT*D***MI*MEBT0XPF~
NM1*82*2*JC BLAIR MEM HOSPITAL*****XX*1700878840~
REF*1L*443433-009~
REF*CE*UAW MACK TRUCK RETIREE PLAN NET 03399~
DTM*232*20211215~
DTM*233*20211215~
DTM*050*20220115~
PER*CX**TE*8006240756~
AMT*AU*331~
SVC*HC>72072*331*104.17*0320*1~
DTM*472*20211215~
CAS*CO*45*226.83~
REF*6R*J9XP0035927813-1~
AMT*B6*104.17~
LQ*HE*N59~
SVC*HC>72100>FY*277*0*0320*0**1~
DTM*472*20211215~
CAS*CO*97*277*1~
REF*6R*J9XP0035927813-2~
LQ*HE*N130~
CLP*VAJ28440*1*58*7.29**13*220115E030660000*13*1~
NM1*QC*1*DIXON*JAMES*W***MI*MEBD88ZR~
NM1*74*1*DIXON SR~
NM1*82*2*JC BLAIR MEM HOSPITAL*****XX*1700878840~
REF*1L*467428-011~
REF*CE*MEDICARE OPEN ACCESS PPO PLAN NET 03399~
DTM*232*20211215~
DTM*233*20211215~
DTM*050*20220115~
PER*CX**TE*8006240756~
AMT*AU*58~
SVC*HC>85610*37*4.29*0305*1~
DTM*472*20211215~
CAS*CO*45*32.71~
REF*6R*J9XP0035927842-2~
AMT*B6*4.29~
LQ*HE*N59~
SVC*HC>36415*21*3*0300*1~
DTM*472*20211215~
CAS*CO*45*18~
REF*6R*J9XP0035927842-1~
AMT*B6*3~
LQ*HE*N59~
CLP*VAJ28490*1*76*6.46*5*13*220115E030670000*13*1~
NM1*QC*1*FREEMAN*PATRICIA*A***MI*MEBVCRDS~
NM1*82*2*JC BLAIR MEM HOSPITAL*****XX*1700878840~
REF*1L*467242-024~
REF*CE*VALUE PPO NET 03399~
DTM*232*20211214~
DTM*233*20211214~
DTM*050*20220115~
PER*CX**TE*8006240756~
AMT*AU*76~
SVC*HC>80048*55*3.46*0301*1~
DTM*472*20211214~
CAS*CO*45*46.54~
CAS*PR*3*5~
REF*6R*J9XP0035927892-2~
AMT*B6*8.46~
LQ*HE*N59~
SVC*HC>36415*21*3*0300*1~
DTM*472*20211214~
CAS*CO*45*18~
REF*6R*J9XP0035927892-1~
AMT*B6*3~
LQ*HE*N59~
CLP*VAJ28566*1*237*35.31**13*220115E030680000*13*1~
NM1*QC*1*HICKS*CECIL*R***MI*MEBFCRBQ~
NM1*82*2*JC BLAIR MEM HOSPITAL*****XX*1700878840~
REF*1L*467428-011~
REF*CE*MEDICARE OPEN ACCESS PPO PLAN NET 03399~
DTM*232*20211214~
DTM*233*20211214~
DTM*050*20220115~
PER*CX**TE*8006240756~
AMT*AU*237~
SVC*HC>82728*93*13.63*0301*1~
DTM*472*20211214~
CAS*CO*45*79.37~
REF*6R*J9XP0035927968-1~
AMT*B6*13.63~
LQ*HE*N59~
SVC*HC>83540*51*6.47*0301*1~
DTM*472*20211214~
CAS*CO*45*44.53~
REF*6R*J9XP0035927968-2~
AMT*B6*6.47~
LQ*HE*N59~
SVC*HC>83550*61*8.74*0301*1~
DTM*472*20211214~
CAS*CO*45*52.26~
REF*6R*J9XP0035927968-3~
AMT*B6*8.74~
LQ*HE*N59~
SVC*HC>85027*32*6.47*0305*1~
DTM*472*20211214~
CAS*CO*45*25.53~
REF*6R*J9XP0035927968-4~
AMT*B6*6.47~
LQ*HE*N59~
CLP*VAJ28700*1*3258.57*599.59*100*13*220115E030690000*13*1~
NM1*QC*1*MCCRACKEN*JUDITH*M***MI*MEBGPR4H~
NM1*82*2*JC BLAIR MEM HOSPITAL*****XX*1700878840~
REF*1L*467428-011~
REF*CE*MEDICARE OPEN ACCESS PPO PLAN NET 03399~
DTM*232*20211229~
DTM*233*20211229~
DTM*050*20220115~
PER*CX**TE*8006240756~
AMT*AU*2535~
SVC*HC>Q9967*450*0*0255*0**75~
DTM*472*20211229~
CAS*CO*97*450*75~
REF*6R*J9XP0035928102-1~
LQ*HE*N130~
SVC*NU>0270*23*0**0**2~
DTM*472*20211229~
CAS*CO*97*23*2~
REF*6R*J9XP0035928102-2~
LQ*HE*N130~
SVC*HC>80053*71*0*0301*0**1~
DTM*472*20211229~
CAS*CO*97*71*1~
REF*6R*J9XP0035928102-3~
LQ*HE*N130~
SVC*HC>83605*65*0*0301*0**1~
DTM*472*20211229~
CAS*CO*97*65*1~
REF*6R*J9XP0035928102-4~
LQ*HE*N130~
SVC*HC>85025*54*0*0305*0**1~
DTM*472*20211229~
CAS*CO*97*54*1~
REF*6R*J9XP0035928102-5~
LQ*HE*N130~
SVC*HC>81001*55*0*0307*0**1~
DTM*472*20211229~
CAS*CO*97*55*1~
REF*6R*J9XP0035928102-6~
LQ*HE*N130~
SVC*HC>74177*1654*351.89*0352*1~
DTM*472*20211229~
CAS*CO*45*1302.11~
REF*6R*J9XP0035928102-7~
AMT*B6*351.89~
LQ*HE*N59~
SVC*HC>99284>25*881*247.7*0450*1~
DTM*472*20211229~
CAS*CO*45*533.3~
CAS*PR*3*100~
REF*6R*J9XP0035928102-8~
AMT*B6*347.7~
LQ*HE*N59~
SVC*HC>A9270>GY*5.57*0*0637*0**1~
DTM*472*20211229~
CAS*PI*16*5.57*1~
REF*6R*J9XP0035928102-9~
LQ*HE*M49~
CLP*VAJ28947*1*1862.57*327.19*100*13*220115E030700000*13*1~
NM1*QC*1*WARD*KARYN****MI*MEBP678C~
NM1*82*2*JC BLAIR MEM HOSPITAL*****XX*1700878840~
REF*1L*467428-011~
REF*CE*MEDICARE OPEN ACCESS PPO PLAN NET 03399~
DTM*232*20211228~
DTM*233*20211228~
DTM*050*20220115~
PER*CX**TE*8006240756~
AMT*AU*1471.57~
SVC*HC>80053*71*0*0301*0**1~
DTM*472*20211228~
CAS*CO*97*71*1~
REF*6R*J9XP0035928351-1~
LQ*HE*N130~
SVC*HC>83735*49*0*0301*0**1~
DTM*472*20211228~
CAS*CO*97*49*1~
REF*6R*J9XP0035928351-2~
LQ*HE*N130~
SVC*HC>84484*52*0*0301*0**1~
DTM*472*20211228~
CAS*CO*97*52*1~
REF*6R*J9XP0035928351-3~
LQ*HE*N130~
SVC*HC>85025*54*0*0305*0**1~
DTM*472*20211228~
CAS*CO*97*54*1~
REF*6R*J9XP0035928351-4~
LQ*HE*N130~
SVC*HC>71046>FY*199*71.92*0324*1~
DTM*472*20211228~
CAS*CO*45*127.08~
REF*6R*J9XP0035928351-5~
AMT*B6*71.92~
LQ*HE*N59~
SVC*HC>A9270>GY*7.57*7.57*0637*4~
DTM*472*20211228~
REF*6R*J9XP0035928351-7~
AMT*B6*7.57~
LQ*HE*N59~
SVC*HC>93005*165*0*0730*0**1~
DTM*472*20211228~
CAS*CO*97*165*1~
REF*6R*J9XP0035928351-8~
LQ*HE*N130~
SVC*HC>99284>25*1265*247.7*0450*1*HC>99285>25~
DTM*472*20211228~
CAS*CO*45*917.3~
CAS*PR*3*100~
REF*6R*J9XP0035928351-6~
AMT*B6*347.7~
LQ*HE*N59~
CLP*VAJ28588*1*229*20.78**13*220115E030710000*13*1~
NM1*QC*1*HORN*DAVID*J***MI*MEBVTY4M~
NM1*82*2*JC BLAIR MEM HOSPITAL*****XX*1700878840~
REF*1L*467428-011~
REF*CE*MEDICARE OPEN ACCESS PPO PLAN NET 03399~
DTM*232*20211214~
DTM*233*20211214~
DTM*050*20220115~
PER*CX**TE*8006240756~
AMT*AU*168~
SVC*HC>82607*95*15.08*0301*1~
DTM*472*20211214~
CAS*CO*45*79.92~
REF*6R*J9XP0035927990-2~
AMT*B6*15.08~
LQ*HE*N59~
SVC*HC>83036*61*0*0301*0**1~
DTM*472*20211214~
CAS*CO*96*61*1~
REF*6R*J9XP0035927990-3~
LQ*HE*N115~
SVC*HC>85652*52*2.7*0305*1~
DTM*472*20211214~
CAS*CO*45*49.3~
REF*6R*J9XP0035927990-4~
AMT*B6*2.7~
LQ*HE*N59~
SVC*HC>36415*21*3*0300*1~
DTM*472*20211214~
CAS*CO*45*18~
REF*6R*J9XP0035927990-1~
AMT*B6*3~
LQ*HE*N59~
CLP*VAJ28800*1*289*51.52**13*220115E055990000*13*1~
NM1*QC*1*PROUGH*MAXINE*C***MI*MEBL35HB~
NM1*82*2*JC BLAIR MEM HOSPITAL*****XX*1700878840~
REF*1L*467428-011~
REF*CE*MEDICARE OPEN ACCESS PPO PLAN NET 03399~
DTM*232*20211215~
DTM*233*20211215~
DTM*050*20220115~
PER*CX**TE*8006240756~
AMT*AU*289~
SVC*HC>80053*71*10.56*0301*1~
DTM*472*20211215~
CAS*CO*45*60.44~
REF*6R*J9XP0035928202-2~
AMT*B6*10.56~
LQ*HE*N59~
SVC*HC>80061*71*13.39*0301*1~
DTM*472*20211215~
CAS*CO*45*57.61~
REF*6R*J9XP0035928202-3~
AMT*B6*13.39~
LQ*HE*N59~
SVC*HC>84443*72*16.8*0301*1~
DTM*472*20211215~
CAS*CO*45*55.2~
REF*6R*J9XP0035928202-4~
AMT*B6*16.8~
LQ*HE*N59~
SVC*HC>85025*54*7.77*0305*1~
DTM*472*20211215~
CAS*CO*45*46.23~
REF*6R*J9XP0035928202-5~
AMT*B6*7.77~
LQ*HE*N59~
SVC*HC>36415*21*3*0300*1~
DTM*472*20211215~
CAS*CO*45*18~
REF*6R*J9XP0035928202-1~
AMT*B6*3~
LQ*HE*N59~
CLP*VAJ28882*1*1332*170.67**13*220115E056000000*13*1~
NM1*QC*1*SITCH*DENNIS****MI*MEBPVYBB~
NM1*82*2*JC BLAIR MEM HOSPITAL*****XX*1700878840~
REF*1L*467428-011~
REF*CE*MEDICARE OPEN ACCESS PPO PLAN NET 03399~
DTM*232*20211214~
DTM*233*20211214~
DTM*050*20220115~
PER*CX**TE*8006240756~
AMT*AU*882~
SVC*HC>Q9967*450*0*0255*0**75~
DTM*472*20211214~
CAS*CO*97*450*75~
REF*6R*J9XP0035928286-1~
LQ*HE*N130~
SVC*HC>70491*882*170.67*0351*1~
DTM*472*20211214~
CAS*CO*45*711.33~
REF*6R*J9XP0035928286-2~
AMT*B6*170.67~
LQ*HE*N59~
CLP*VAJ28505*1*268*32.6**13*220115E056010000*13*1~
NM1*QC*1*GETZ*BRENDA*A***MI*MEBF7LJM~
NM1*82*2*JC BLAIR MEM HOSPITAL*****XX*1700878840~
REF*1L*467428-011~
REF*CE*MEDICARE OPEN ACCESS PPO PLAN NET 03399~
DTM*232*20211215~
DTM*233*20211215~
DTM*050*20220115~
PER*CX**TE*8006240756~
AMT*AU*102~
SVC*HC>80061*71*0*0301*0**1~
DTM*472*20211215~
CAS*CO*96*71*1~
REF*6R*J9XP0035927907-2~
LQ*HE*N115~
SVC*HC>82306*81*29.6*0301*1~
DTM*472*20211215~
CAS*CO*45*51.4~
REF*6R*J9XP0035927907-3~
AMT*B6*29.6~
LQ*HE*N59~
SVC*HC>82607*95*0*0301*0**1~
DTM*472*20211215~
CAS*CO*96*95*1~
REF*6R*J9XP0035927907-4~
LQ*HE*N115~
SVC*HC>36415*21*3*0300*1~
DTM*472*20211215~
CAS*CO*45*18~
REF*6R*J9XP0035927907-1~
AMT*B6*3~
LQ*HE*N59~
CLP*VAJ28436*1*441*104.17**13*220115E080960000*13*1~
NM1*QC*1*DIXON*KATHY*D***MI*MEBHQFDN~
NM1*82*2*JC BLAIR MEM HOSPITAL*****XX*1700878840~
REF*1L*467428-011~
REF*CE*MEDICARE OPEN ACCESS PPO PLAN NET 03399~
DTM*232*20211214~
DTM*233*20211214~
DTM*050*20220115~
PER*CX**TE*8006240756~
AMT*AU*441~
SVC*HC>76705*441*104.17*0402*1~
DTM*472*20211214~
CAS*CO*45*336.83~
REF*6R*J9XP0035927838-1~
AMT*B6*104.17~
LQ*HE*N59~
CLP*VAJ28453*1*465*110.06**13*220115E080970000*13*1~
NM1*QC*1*EDGIN*ANNA*R***MI*MEBFCK4R~
NM1*82*2*JC BLAIR MEM HOSPITAL*****XX*1700878840~
REF*1L*467428-011~
REF*CE*MEDICARE OPEN ACCESS PPO PLAN NET 03399~
DTM*232*20211215~
DTM*233*20211215~
DTM*050*20220115~
PER*CX**TE*8006240756~
AMT*AU*465~
SVC*HC>80053*71*10.56*0301*1~
DTM*472*20211215~
CAS*CO*45*60.44~
REF*6R*J9XP0035927855-2~
AMT*B6*10.56~
LQ*HE*N59~
SVC*HC>80061*71*13.39*0301*1~
DTM*472*20211215~
CAS*CO*45*57.61~
REF*6R*J9XP0035927855-3~
AMT*B6*13.39~
LQ*HE*N59~
SVC*HC>83036*61*9.71*0301*1~
DTM*472*20211215~
CAS*CO*45*51.29~
REF*6R*J9XP0035927855-4~
AMT*B6*9.71~
LQ*HE*N59~
SVC*HC>83735*49*6.7*0301*1~
DTM*472*20211215~
CAS*CO*45*42.3~
REF*6R*J9XP0035927855-5~
AMT*B6*6.7~
LQ*HE*N59~
SVC*HC>84443*72*16.8*0301*1~
DTM*472*20211215~
CAS*CO*45*55.2~
REF*6R*J9XP0035927855-6~
AMT*B6*16.8~
LQ*HE*N59~
SVC*HC>86769*66*42.13*0301*1~
DTM*472*20211215~
CAS*CO*45*23.87~
REF*6R*J9XP0035927855-7~
AMT*B6*42.13~
LQ*HE*N59~
SVC*HC>85025*54*7.77*0305*1~
DTM*472*20211215~
CAS*CO*45*46.23~
REF*6R*J9XP0035927855-8~
AMT*B6*7.77~
LQ*HE*N59~
SVC*HC>36415*21*3*0300*1~
DTM*472*20211215~
CAS*CO*45*18~
REF*6R*J9XP0035927855-1~
AMT*B6*3~
LQ*HE*N59~
CLP*VAJ28663*1*544*219.98**13*220115E080980000*13*1~
NM1*QC*1*LEAR*ELIZABETH*A***MI*MEBL91RB~
NM1*82*2*JC BLAIR MEM HOSPITAL*****XX*1700878840~
REF*1L*467428-011~
REF*CE*MEDICARE OPEN ACCESS PPO PLAN NET 03399~
DTM*232*20211214~
DTM*233*20211214~
DTM*050*20220115~
PER*CX**TE*8006240756~
AMT*AU*544~
SVC*HC>93880*544*219.98*0921*1~
DTM*472*20211214~
CAS*CO*45*324.02~
REF*6R*J9XP0035928065-1~
AMT*B6*219.98~
LQ*HE*N59~
CLP*VAJ28755*1*441*104.17**13*220115E080990000*13*1~
NM1*QC*1*OGDEN*JAMES*L***MI*MEBRYNPK~
NM1*82*2*JC BLAIR MEM HOSPITAL*****XX*1700878840~
REF*1L*467428-011~
REF*CE*MEDICARE OPEN ACCESS PPO PLAN NET 03399~
DTM*232*20211216~
DTM*233*20211216~
DTM*050*20220115~
PER*CX**TE*8006240756~
AMT*AU*441~
SVC*HC>76536*441*104.17*0402*1~
DTM*472*20211216~
CAS*CO*45*336.83~
REF*6R*J9XP0035928157-1~
AMT*B6*104.17~
LQ*HE*N59~
CLP*VAJ28873*1*98*14.46**13*220115E081000000*13*1~
NM1*QC*1*SHOWALTER*LUCY*J***MI*MEBD86ZR~
NM1*82*2*JC BLAIR MEM HOSPITAL*****XX*1700878840~
REF*1L*467428-011~
REF*CE*MEDICARE OPEN ACCESS PPO PLAN NET 03399~
DTM*232*20211215~
DTM*233*20211215~
DTM*050*20220115~
PER*CX**TE*8006240756~
AMT*AU*98~
SVC*HC>83735*49*6.7*0301*1~
DTM*472*20211215~
CAS*CO*45*42.3~
REF*6R*J9XP0035928275-2~
AMT*B6*6.7~
LQ*HE*N59~
SVC*HC>84132*28*4.76*0301*1~
DTM*472*20211215~
CAS*CO*45*23.24~
REF*6R*J9XP0035928275-3~
AMT*B6*4.76~
LQ*HE*N59~
SVC*HC>36415*21*3*0300*1~
DTM*472*20211215~
CAS*CO*45*18~
REF*6R*J9XP0035928275-1~
AMT*B6*3~
LQ*HE*N59~
CLP*VAJ28979*1*3791*495.71*100*13*220115E081010000*13*1~
NM1*QC*1*WISE*ELLA*G***MI*MEBHB1BT~
NM1*82*2*JC BLAIR MEM HOSPITAL*****XX*1700878840~
REF*1L*456567-184~
REF*CE*MEDICARE (P01) ESA PPO PLAN NET 03399~
DTM*232*20211228~
DTM*233*20211228~
DTM*050*20220115~
PER*CX**TE*8006240756~
AMT*AU*2655~
SVC*HC>Q9967*450*0*0255*0**75~
DTM*472*20211228~
CAS*CO*97*450*75~
REF*6R*J9XP0035928383-1~
LQ*HE*N130~
SVC*HC>80053*71*0*0301*0**1~
DTM*472*20211228~
CAS*CO*97*71*1~
REF*6R*J9XP0035928383-2~
LQ*HE*N130~
SVC*HC>83880*196*0*0301*0**1~
DTM*472*20211228~
CAS*CO*97*196*1~
REF*6R*J9XP0035928383-3~
LQ*HE*N130~
SVC*HC>84484*52*0*0301*0**1~
DTM*472*20211228~
CAS*CO*97*52*1~
REF*6R*J9XP0035928383-4~
LQ*HE*N130~
SVC*HC>85025*54*0*0305*0**1~
DTM*472*20211228~
CAS*CO*97*54*1~
REF*6R*J9XP0035928383-5~
LQ*HE*N130~
SVC*HC>85380*93*0*0305*0**1~
DTM*472*20211228~
CAS*CO*97*93*1~
REF*6R*J9XP0035928383-6~
LQ*HE*N130~
SVC*HC>81001*55*0*0307*0**1~
DTM*472*20211228~
CAS*CO*97*55*1~
REF*6R*J9XP0035928383-7~
LQ*HE*N130~
SVC*HC>71045*120*77.34*0320*1~
DTM*472*20211228~
CAS*CO*45*42.66~
REF*6R*J9XP0035928383-8~
AMT*B6*77.34~
LQ*HE*N59~
SVC*HC>71275*1654*170.67*0352*1~
DTM*472*20211228~
CAS*CO*45*1483.33~
REF*6R*J9XP0035928383-9~
AMT*B6*170.67~
LQ*HE*N59~
SVC*HC>99284>25*881*247.7*0450*1~
DTM*472*20211228~
CAS*CO*45*533.3~
CAS*PR*3*100~
REF*6R*J9XP0035928383-10~
AMT*B6*347.7~
LQ*HE*N59~
SVC*HC>93005*165*0*0730*0**1~
DTM*472*20211228~
CAS*CO*97*165*1~
REF*6R*J9XP0035928383-11~
LQ*HE*N130~
CLP*VAJ28287*1*519*114.66**13*220115E105990000*13*1~
NM1*QC*1*BARTON*MYRTLE*M***MI*101222384100~
NM1*74*1******C*MEBJB94Z~
NM1*82*2*JC BLAIR MEM HOSPITAL*****XX*1700878840~
REF*1L*467428-129~
REF*CE*MEDICARE OPEN ACCESS PPO PLAN NET 03399~
DTM*232*20211216~
DTM*233*20211216~
DTM*050*20220115~
PER*CX**TE*8006240756~
AMT*AU*519~
SVC*HC>77063*262*23.92*0403*1~
DTM*472*20211216~
CAS*CO*45*238.08~
REF*6R*J9XP0035927727-1~
AMT*B6*23.92~
LQ*HE*N59~
SVC*HC>77067*257*90.74*0403*1~
DTM*472*20211216~
CAS*CO*45*166.26~
REF*6R*J9XP0035927727-2~
AMT*B6*90.74~
LQ*HE*N59~
CLP*VAJ28354*1*519*114.66**13*220115E106000000*13*1~
NM1*QC*1*BUFFINGTON*JEANE*H***MI*MEBFFNYP~
NM1*82*2*JC BLAIR MEM HOSPITAL*****XX*1700878840~
REF*1L*467428-011~
REF*CE*MEDICARE OPEN ACCESS PPO PLAN NET 03399~
DTM*232*20211215~
DTM*233*20211215~
DTM*050*20220115~
PER*CX**TE*8006240756~
AMT*AU*519~
SVC*HC>77063*262*23.92*0403*1~
DTM*472*20211215~
CAS*CO*45*238.08~
REF*6R*J9XP0035927770-1~
AMT*B6*23.92~
LQ*HE*N59~
SVC*HC>77067*257*90.74*0403*1~
DTM*472*20211215~
CAS*CO*45*166.26~
REF*6R*J9XP0035927770-2~
AMT*B6*90.74~
LQ*HE*N59~
CLP*VAJ28428*1*239*35.9**13*220115E106010000*13*1~
NM1*QC*1*DICK*LARRY*O***MI*101281189400~
NM1*74*1******C*MEBKCT0K~
NM1*82*2*JC BLAIR MEM HOSPITAL*****XX*1700878840~
REF*1L*467428-011~
REF*CE*MEDICARE OPEN ACCESS PPO PLAN NET 03399~
DTM*232*20211215~
DTM*233*20211215~
DTM*050*20220115~
PER*CX**TE*8006240756~
AMT*AU*239~
SVC*HC>80053*71*10.56*0301*1~
DTM*472*20211215~
CAS*CO*45*60.44~
REF*6R*J9XP0035927830-2~
AMT*B6*10.56~
LQ*HE*N59~
SVC*HC>82140*93*14.57*0301*1~
DTM*472*20211215~
CAS*CO*45*78.43~
REF*6R*J9XP0035927830-3~
AMT*B6*14.57~
LQ*HE*N59~
SVC*HC>85025*54*7.77*0305*1~
DTM*472*20211215~
CAS*CO*45*46.23~
REF*6R*J9XP0035927830-4~
AMT*B6*7.77~
LQ*HE*N59~
SVC*HC>36415*21*3*0300*1~
DTM*472*20211215~
CAS*CO*45*18~
REF*6R*J9XP0035927830-1~
AMT*B6*3~
LQ*HE*N59~
CLP*VAJ28492*1*1654*219.98**13*220115E106020000*13*1~
NM1*QC*1*FRITTS*MARY*K***MI*MEBMZKQX~
NM1*82*2*JC BLAIR MEM HOSPITAL*****XX*1700878840~
REF*1L*466851-451~
REF*CE*PREMIER MEDICAL PLAN NET 03399~
DTM*232*20211216~
DTM*233*20211216~
DTM*050*20220115~
PER*CX**TE*8006240756~
AMT*AU*1654~
SVC*HC>72148*1654*219.98*0612*1~
DTM*472*20211216~
CAS*CO*45*1434.02~
REF*6R*J9XP0035927894-1~
AMT*B6*219.98~
LQ*HE*N59~
CLP*VAJ28611*1*441*104.17**13*220115E106030000*13*1~
NM1*QC*1*JACKSON*JAMES*L***MI*MEBD9XSQ~
NM1*74*1*JACKSON SR~
NM1*82*2*JC BLAIR MEM HOSPITAL*****XX*1700878840~
REF*1L*467428-011~
REF*CE*MEDICARE OPEN ACCESS PPO PLAN NET 03399~
DTM*232*20211214~
DTM*233*20211214~
DTM*050*20220115~
PER*CX**TE*8006240756~
AMT*AU*441~
SVC*HC>76536*441*104.17*0402*1~
DTM*472*20211214~
CAS*CO*45*336.83~
REF*6R*J9XP0035928013-1~
AMT*B6*104.17~
LQ*HE*N59~
CLP*VAJ28685*1*3183.51*744.94**13*220115E106040000*13*1~
NM1*QC*1*MANN*CLEOLA*W***MI*MEBTLSFW~
NM1*82*2*JC BLAIR MEM HOSPITAL*****XX*1700878840~
REF*1L*467466-009~
REF*CE*MEP SOUTH ADV PLAN NET 03399~
DTM*232*20211229~
DTM*233*20211229~
DTM*050*20220115~
PER*CX**TE*8006240756~
AMT*AU*1878~
SVC*NU>0258*5.23*0**0**1~
DTM*472*20211229~
CAS*CO*97*5.23*1~
REF*6R*J9XP0035928087-1~
LQ*HE*N130~
SVC*HC>96365>XU*493*194.53*0260*1~
DTM*472*20211229~
CAS*CO*45*298.47~
REF*6R*J9XP0035928087-2~
AMT*B6*194.53~
LQ*HE*N59~
SVC*NU>0270*36*0**0**3~
DTM*472*20211229~
CAS*CO*97*36*3~
REF*6R*J9XP0035928087-3~
LQ*HE*N130~
SVC*HC>80053*71*0*0301*0**1~
DTM*472*20211229~
CAS*CO*97*71*1~
REF*6R*J9XP0035928087-4~
LQ*HE*N130~
SVC*HC>84484*104*0*0301*0**2~
DTM*472*20211229~
CAS*CO*97*104*2~
REF*6R*J9XP0035928087-5~
LQ*HE*N130~
SVC*HC>85025*54*0*0305*0**1~
DTM*472*20211229~
CAS*CO*97*54*1~
REF*6R*J9XP0035928087-6~
LQ*HE*N130~
SVC*HC>87086*72*0*0306*0**1~
DTM*472*20211229~
CAS*CO*97*72*1~
REF*6R*J9XP0035928087-7~
LQ*HE*N130~
SVC*HC>87502*470*0*0306*0**1~
DTM*472*20211229~
CAS*CO*97*470*1~
REF*6R*J9XP0035928087-8~
LQ*HE*N130~
SVC*HC>U0002*120*51.31*0306*1~
DTM*472*20211229~
CAS*CO*45*68.69~
REF*6R*J9XP0035928087-9~
AMT*B6*51.31~
LQ*HE*N59~
SVC*HC>81001*55*0*0307*0**1~
DTM*472*20211229~
CAS*CO*97*55*1~
REF*6R*J9XP0035928087-10~
LQ*HE*N130~
SVC*HC>99285>25*1265*499.1*0450*1~
DTM*472*20211229~
CAS*CO*45*765.9~
REF*6R*J9XP0035928087-11~
AMT*B6*499.1~
LQ*HE*N59~
SVC*HC>J0696*108.28*0*0636*0**8~
DTM*472*20211229~
CAS*CO*97*108.28*8~
REF*6R*J9XP0035928087-12~
LQ*HE*N130~
SVC*HC>93005*165*0*0730*0**1~
DTM*472*20211229~
CAS*CO*97*165*1~
REF*6R*J9XP0035928087-13~
LQ*HE*N130~
SVC*HC>93005>XU*165*0*0730*0**1~
DTM*472*20211229~
CAS*CO*97*165*1~
REF*6R*J9XP0035928087-14~
LQ*HE*N130~
CLP*VAJ28995*1*389*104.17**13*220115E106050000*13*1~
NM1*QC*1*YOCUM*DEBORAH*A***MI*MEBLR4GK~
NM1*82*2*JC BLAIR MEM HOSPITAL*****XX*1700878840~
REF*1L*467428-011~
REF*CE*MEDICARE OPEN ACCESS PPO PLAN NET 03399~
DTM*232*20211215~
DTM*233*20211215~
DTM*050*20220115~
PER*CX**TE*8006240756~
AMT*AU*389~
SVC*HC>77080*389*104.17*0320*1~
DTM*472*20211215~
CAS*CO*45*284.83~
REF*6R*J9XP0035928399-1~
AMT*B6*104.17~
LQ*HE*N59~
SE*1013*1623~
ST*835*0487~
BPR*H*0*C*NON************20220119~
TRN*1*922019000288487*1066033492~
REF*EV*XXXXXXXXXXXXXXXXXXXXXXXXXXXXXX~
DTM*405*20220119~
N1*PR*AETNA~
N3*151 FARMINGTON AVENUE~
N4*HARTFORD*CT*06156~
REF*2U*60054~
PER*BL*Provider Service~
N1*PE*COMMUNITY NURSES HOME HEALTH   HOSPICE*XX*1598725210~
N3*757 JOHNSONBURG RD STE 200~
N4*SAINT MARYS*PA*158573488~
REF*PQ*864921250~
REF*TJ*250996070~
LX*1~
TS3*1598725210*12*20221231*2*0~
CLP*694221*22*-860*0**12*P336RP4HW0000*32*2~
NM1*QC*1*CLINGER*LISA*D***MI*W215715159~
NM1*82*2*PENN HIGHLANDS COMMUNITY NURSES - HOME HEALTH*****XX*1598725210~
REF*1L*0285583-010-00001- A~
REF*CE*Open Choice NET 02151~
DTM*232*20210709~
DTM*233*20210727~
DTM*050*20210806~
PER*CX**TE*8886323862~
SVC*HC>G0299*-165*0**0**1~
DTM*472*20210727~
CAS*PI*252*-165*1~
REF*6R*PHNC0034283101-5~
LQ*HE*M127~
LQ*HE*N517~
SVC*HC>G0299*-165*0**0**1~
DTM*472*20210720~
CAS*PI*252*-165*1~
REF*6R*PHNC0034283101-4~
LQ*HE*M127~
LQ*HE*N517~
SVC*HC>G0299*-165*0**0**1~
DTM*472*20210713~
CAS*PI*252*-165*1~
REF*6R*PHNC0034283101-3~
LQ*HE*M127~
LQ*HE*N517~
SVC*HC>G0299*-165*0**0**1~
DTM*472*20210710~
CAS*PI*252*-165*1~
REF*6R*PHNC0034283101-2~
LQ*HE*M127~
LQ*HE*N517~
SVC*HC>G0299*-200*0**0**1~
DTM*472*20210709~
CAS*PI*252*-200*1~
REF*6R*PHNC0034283101-1~
LQ*HE*M127~
LQ*HE*N517~
CLP*694221*1*860*0**12*P336RP4HW0001*32*2~
NM1*QC*1*CLINGER*LISA*D***MI*W215715159~
NM1*82*2*PENN HIGHLANDS COMMUNITY NURSES - HOME HEALTH*****XX*1598725210~
REF*1L*0285583-010-00001- A~
REF*CE*Open Choice NET 02151~
REF*F8*P336RP4HW0000~
DTM*232*20210709~
DTM*233*20210727~
DTM*050*20211021~
PER*CX**TE*8886323862~
SVC*HC>G0299*165*0**0**1~
DTM*472*20210727~
CAS*OA*18*165*1~
REF*6R*PHNC0034283101-5~
SVC*HC>G0299*165*0**0**1~
DTM*472*20210720~
CAS*OA*18*165*1~
REF*6R*PHNC0034283101-4~
SVC*HC>G0299*165*0**0**1~
DTM*472*20210713~
CAS*OA*18*165*1~
REF*6R*PHNC0034283101-3~
SVC*HC>G0299*165*0**0**1~
DTM*472*20210710~
CAS*OA*18*165*1~
REF*6R*PHNC0034283101-2~
SVC*HC>G0299*200*0**0**1~
DTM*472*20210709~
CAS*OA*18*200*1~
REF*6R*PHNC0034283101-1~
SE*87*0487~
ST*835*1000~
BPR*I*13160*C*ACH*CCP*01*031100209*DA*0038865237*1066033492**01*031306278*DA*4267258*20220121~
TRN*1*160118220251172*1066033492~
REF*EV*XXXXXXXXXXXXXXXXXXXXXXXXXXXXXX~
DTM*405*20220119~
N1*PR*AETNA~
N3*151 FARMINGTON AVENUE~
N4*HARTFORD*CT*06156~
REF*2U*60054~
PER*BL*Provider Service~
N1*PE*COMM NURSE PROF HLTH SVC*XX*1598725210~
N3*757 JOHNSONBURG RD STE 200~
N4*SAINT MARYS*PA*158573488~
REF*PQ*864921250~
REF*TJ*250996070~
LX*1~
TS3*1598725210*32*20221231*15*23840.15~
CLP*709813*1*5520.01*3375**13*220108E010890000*32*2~
NM1*QC*1*MATHEWS*KAREN*L***MI*MEBTG8KF~
NM1*82*2*COMM NURSE PROF HLTH SVC*****XX*1598725210~
REF*1L*467428-141~
REF*CE*MEDICARE OPEN ACCESS PPO PLAN NET 03400~
DTM*232*20211205~
DTM*233*20211229~
DTM*050*20220108~
PER*CX**TE*8006240756~
AMT*AU*5520~
SVC*HP>2BC21*0*0*0023*1~
DTM*472*20211205~
REF*6R*PHNC0035833816-1~
LQ*HE*N19~
SVC*HC>G0299*200*130*0551*1~
DTM*472*20211205~
CAS*CO*45*70~
REF*6R*PHNC0035833816-19~
AMT*B6*130~
LQ*HE*N59~
SVC*HC>Q5001*.01*0*0551*0**1~
DTM*472*20211205~
CAS*CO*97*.01*1~
REF*6R*PHNC0035833816-20~
LQ*HE*N130~
SVC*HC>G0151*200*120*0421*1~
DTM*472*20211206~
CAS*CO*45*80~
REF*6R*PHNC0035833816-2~
AMT*B6*120~
LQ*HE*N59~
SVC*HC>G0152*200*120*0431*1~
DTM*472*20211207~
CAS*CO*45*80~
REF*6R*PHNC0035833816-8~
AMT*B6*120~
LQ*HE*N59~
SVC*HC>G0153*200*120*0441*1~
DTM*472*20211207~
CAS*CO*45*80~
REF*6R*PHNC0035833816-13~
AMT*B6*120~
LQ*HE*N59~
SVC*HC>G0299*200*130*0551*1~
DTM*472*20211208~
CAS*CO*45*70~
REF*6R*PHNC0035833816-21~
AMT*B6*130~
LQ*HE*N59~
SVC*HC>G0151*200*120*0421*1~
DTM*472*20211208~
CAS*CO*45*80~
REF*6R*PHNC0035833816-3~
AMT*B6*120~
LQ*HE*N59~
SVC*HC>G0153*200*120*0441*1~
DTM*472*20211208~
CAS*CO*45*80~
REF*6R*PHNC0035833816-14~
AMT*B6*120~
LQ*HE*N59~
SVC*HC>G0299*200*130*0551*1~
DTM*472*20211210~
CAS*CO*45*70~
REF*6R*PHNC0035833816-22~
AMT*B6*130~
LQ*HE*N59~
SVC*HC>G0155*250*130*0561*1~
DTM*472*20211210~
CAS*CO*45*120~
REF*6R*PHNC0035833816-28~
AMT*B6*130~
LQ*HE*N59~
SVC*HC>G0299*200*130*0551*1~
DTM*472*20211213~
CAS*CO*45*70~
REF*6R*PHNC0035833816-23~
AMT*B6*130~
LQ*HE*N59~
SVC*HC>G0151*200*120*0421*1~
DTM*472*20211213~
CAS*CO*45*80~
REF*6R*PHNC0035833816-4~
AMT*B6*120~
LQ*HE*N59~
SVC*HC>G0152*200*120*0431*1~
DTM*472*20211214~
CAS*CO*45*80~
REF*6R*PHNC0035833816-9~
AMT*B6*120~
LQ*HE*N59~
SVC*HC>G0153*200*120*0441*1~
DTM*472*20211214~
CAS*CO*45*80~
REF*6R*PHNC0035833816-15~
AMT*B6*120~
LQ*HE*N59~
SVC*HC>G0151*200*120*0421*1~
DTM*472*20211215~
CAS*CO*45*80~
REF*6R*PHNC0035833816-5~
AMT*B6*120~
LQ*HE*N59~
SVC*HC>G0153*200*120*0441*1~
DTM*472*20211215~
CAS*CO*45*80~
REF*6R*PHNC0035833816-16~
AMT*B6*120~
LQ*HE*N59~
SVC*HC>G0299*200*130*0551*1~
DTM*472*20211217~
CAS*CO*45*70~
REF*6R*PHNC0035833816-24~
AMT*B6*130~
LQ*HE*N59~
SVC*HC>G0152*200*120*0431*1~
DTM*472*20211217~
CAS*CO*45*80~
REF*6R*PHNC0035833816-10~
AMT*B6*120~
LQ*HE*N59~
SVC*HC>G0151*200*120*0421*1~
DTM*472*20211221~
CAS*CO*45*80~
REF*6R*PHNC0035833816-6~
AMT*B6*120~
LQ*HE*N59~
SVC*HC>G0152*200*120*0431*1~
DTM*472*20211221~
CAS*CO*45*80~
REF*6R*PHNC0035833816-11~
AMT*B6*120~
LQ*HE*N59~
SVC*HC>G0153*200*120*0441*1~
DTM*472*20211221~
CAS*CO*45*80~
REF*6R*PHNC0035833816-17~
AMT*B6*120~
LQ*HE*N59~
SVC*HC>G0156*90*55*0571*1~
DTM*472*20211222~
CAS*CO*45*35~
REF*6R*PHNC0035833816-29~
AMT*B6*55~
LQ*HE*N59~
SVC*HC>G0299*200*130*0551*1~
DTM*472*20211223~
CAS*CO*45*70~
REF*6R*PHNC0035833816-25~
AMT*B6*130~
LQ*HE*N59~
SVC*HC>G0300*200*130*0551*1~
DTM*472*20211227~
CAS*CO*45*70~
REF*6R*PHNC0035833816-27~
AMT*B6*130~
LQ*HE*N59~
SVC*HC>G0156*90*55*0571*1~
DTM*472*20211227~
CAS*CO*45*35~
REF*6R*PHNC0035833816-30~
AMT*B6*55~
LQ*HE*N59~
SVC*HC>G0153*200*120*0441*1~
DTM*472*20211227~
CAS*CO*45*80~
REF*6R*PHNC0035833816-18~
AMT*B6*120~
LQ*HE*N59~
SVC*HC>G0151*200*120*0421*1~
DTM*472*20211228~
CAS*CO*45*80~
REF*6R*PHNC0035833816-7~
AMT*B6*120~
LQ*HE*N59~
SVC*HC>G0152*200*120*0431*1~
DTM*472*20211228~
CAS*CO*45*80~
REF*6R*PHNC0035833816-12~
AMT*B6*120~
LQ*HE*N59~
SVC*HC>G0299*200*130*0551*1~
DTM*472*20211229~
CAS*CO*45*70~
REF*6R*PHNC0035833816-26~
AMT*B6*130~
LQ*HE*N59~
SVC*HC>G0156*90*55*0571*1~
DTM*472*20211229~
CAS*CO*45*35~
REF*6R*PHNC0035833816-31~
AMT*B6*55~
LQ*HE*N59~
CLP*710843*1*200.01*130**13*220108E010900000*32*3~
NM1*QC*1*LONG*EVELYN*C***MI*MEBFHKCN~
NM1*82*2*COMM NURSE PROF HLTH SVC*****XX*1598725210~
REF*1L*467428-141~
REF*CE*MEDICARE OPEN ACCESS PPO PLAN NET 03400~
DTM*232*20211224~
DTM*233*20211224~
DTM*050*20220108~
PER*CX**TE*8006240756~
AMT*AU*200~
SVC*HP>3FB21*0*0*0023*1~
DTM*472*20211224~
REF*6R*PHNC0035833837-1~
LQ*HE*N19~
SVC*HC>G0299*200*130*0551*1~
DTM*472*20211224~
CAS*CO*45*70~
REF*6R*PHNC0035833837-2~
AMT*B6*130~
LQ*HE*N59~
SVC*HC>Q5001*.01*0*0551*0**1~
DTM*472*20211224~
CAS*CO*97*.01*1~
REF*6R*PHNC0035833837-3~
LQ*HE*N130~
CLP*708759*1*1200.01*770**13*220108E061140000*32*3~
NM1*QC*1*HETRICK*CARL****MI*MEBTGWVM~
NM1*82*2*COMM NURSE PROF HLTH SVC*****XX*1598725210~
REF*1L*467428-129~
REF*CE*MEDICARE OPEN ACCESS PPO PLAN NET 03400~
DTM*232*20211201~
DTM*233*20211223~
DTM*050*20220108~
PER*CX**TE*8006240756~
AMT*AU*1200~
SVC*HP>2JB21*0*0*0023*1~
DTM*472*20211201~
REF*6R*PHNC0035833796-1~
LQ*HE*N19~
SVC*HC>G0299*200*130*0551*1~
DTM*472*20211201~
CAS*CO*45*70~
REF*6R*PHNC0035833796-3~
AMT*B6*130~
LQ*HE*N59~
SVC*HC>Q5001*.01*0*0551*0**1~
DTM*472*20211201~
CAS*CO*97*.01*1~
REF*6R*PHNC0035833796-4~
LQ*HE*N130~
SVC*HC>G0151*200*120*0421*1~
DTM*472*20211202~
CAS*CO*45*80~
REF*6R*PHNC0035833796-2~
AMT*B6*120~
LQ*HE*N59~
SVC*HC>G0299*200*130*0551*1~
DTM*472*20211203~
CAS*CO*45*70~
REF*6R*PHNC0035833796-5~
AMT*B6*130~
LQ*HE*N59~
SVC*HC>G0299*200*130*0551*1~
DTM*472*20211209~
CAS*CO*45*70~
REF*6R*PHNC0035833796-6~
AMT*B6*130~
LQ*HE*N59~
SVC*HC>G0299*200*130*0551*1~
DTM*472*20211214~
CAS*CO*45*70~
REF*6R*PHNC0035833796-7~
AMT*B6*130~
LQ*HE*N59~
SVC*HC>G0299*200*130*0551*1~
DTM*472*20211223~
CAS*CO*45*70~
REF*6R*PHNC0035833796-8~
AMT*B6*130~
LQ*HE*N59~
CLP*709076*1*1200.01*780**13*220108E061150000*32*3~
NM1*QC*1*SAUNDERS*ALICE*L***MI*MEBTGYJM~
NM1*82*2*COMM NURSE PROF HLTH SVC*****XX*1598725210~
REF*1L*467428-141~
REF*CE*MEDICARE OPEN ACCESS PPO PLAN NET 03400~
DTM*232*20211202~
DTM*233*20211230~
DTM*050*20220108~
PER*CX**TE*8006240756~
AMT*AU*1200~
SVC*HP>3EA21*0*0*0023*1~
DTM*472*20211202~
REF*6R*PHNC0035833802-1~
LQ*HE*N19~
SVC*HC>G0300*200*130*0551*1~
DTM*472*20211202~
CAS*CO*45*70~
REF*6R*PHNC0035833802-4~
AMT*B6*130~
LQ*HE*N59~
SVC*HC>Q5001*.01*0*0551*0**1~
DTM*472*20211202~
CAS*CO*97*.01*1~
REF*6R*PHNC0035833802-5~
LQ*HE*N130~
SVC*HC>G0300*200*130*0551*1~
DTM*472*20211208~
CAS*CO*45*70~
REF*6R*PHNC0035833802-6~
AMT*B6*130~
LQ*HE*N59~
SVC*HC>G0299*200*130*0551*1~
DTM*472*20211214~
CAS*CO*45*70~
REF*6R*PHNC0035833802-2~
AMT*B6*130~
LQ*HE*N59~
SVC*HC>G0299*200*130*0551*1~
DTM*472*20211220~
CAS*CO*45*70~
REF*6R*PHNC0035833802-3~
AMT*B6*130~
LQ*HE*N59~
SVC*HC>G0300*200*130*0551*1~
DTM*472*20211223~
CAS*CO*45*70~
REF*6R*PHNC0035833802-7~
AMT*B6*130~
LQ*HE*N59~
SVC*HC>G0300*200*130*0551*1~
DTM*472*20211230~
CAS*CO*45*70~
REF*6R*PHNC0035833802-8~
AMT*B6*130~
LQ*HE*N59~
CLP*709148*1*3800.01*2330**13*220108E061160000*32*3~
NM1*QC*1*CHELGREN*JOAN*M***MI*MEBSH0LH~
NM1*82*2*COMM NURSE PROF HLTH SVC*****XX*1598725210~
REF*1L*467428-141~
REF*CE*MEDICARE OPEN ACCESS PPO PLAN NET 03400~
DTM*232*20211202~
DTM*233*20211230~
DTM*050*20220108~
PER*CX**TE*8006240756~
AMT*AU*3800~
SVC*HP>2BC21*0*0*0023*1~
DTM*472*20211202~
REF*6R*PHNC0035833804-1~
LQ*HE*N19~
SVC*HC>Q5001*.01*0*0421*0**1~
DTM*472*20211202~
CAS*CO*97*.01*1~
REF*6R*PHNC0035833804-3~
LQ*HE*N130~
SVC*HC>G0151*200*120*0421*1~
DTM*472*20211202~
CAS*CO*45*80~
REF*6R*PHNC0035833804-2~
AMT*B6*120~
LQ*HE*N59~
SVC*HC>G0152*200*120*0431*1~
DTM*472*20211202~
CAS*CO*45*80~
REF*6R*PHNC0035833804-10~
AMT*B6*120~
LQ*HE*N59~
SVC*HC>G0299*200*130*0551*1~
DTM*472*20211207~
CAS*CO*45*70~
REF*6R*PHNC0035833804-17~
AMT*B6*130~
LQ*HE*N59~
SVC*HC>G0151*200*120*0421*1~
DTM*472*20211207~
CAS*CO*45*80~
REF*6R*PHNC0035833804-4~
AMT*B6*120~
LQ*HE*N59~
SVC*HC>G0152*200*120*0431*1~
DTM*472*20211207~
CAS*CO*45*80~
REF*6R*PHNC0035833804-11~
AMT*B6*120~
LQ*HE*N59~
SVC*HC>G0299*200*130*0551*1~
DTM*472*20211209~
CAS*CO*45*70~
REF*6R*PHNC0035833804-18~
AMT*B6*130~
LQ*HE*N59~
SVC*HC>G0151*200*120*0421*1~
DTM*472*20211209~
CAS*CO*45*80~
REF*6R*PHNC0035833804-5~
AMT*B6*120~
LQ*HE*N59~
SVC*HC>G0152*200*120*0431*1~
DTM*472*20211209~
CAS*CO*45*80~
REF*6R*PHNC0035833804-12~
AMT*B6*120~
LQ*HE*N59~
SVC*HC>G0299*200*130*0551*1~
DTM*472*20211214~
CAS*CO*45*70~
REF*6R*PHNC0035833804-19~
AMT*B6*130~
LQ*HE*N59~
SVC*HC>G0151*200*120*0421*1~
DTM*472*20211214~
CAS*CO*45*80~
REF*6R*PHNC0035833804-6~
AMT*B6*120~
LQ*HE*N59~
SVC*HC>G0152*200*120*0431*1~
DTM*472*20211214~
CAS*CO*45*80~
REF*6R*PHNC0035833804-13~
AMT*B6*120~
LQ*HE*N59~
SVC*HC>G0151*200*120*0421*1~
DTM*472*20211216~
CAS*CO*45*80~
REF*6R*PHNC0035833804-7~
AMT*B6*120~
LQ*HE*N59~
SVC*HC>G0152*200*120*0431*1~
DTM*472*20211216~
CAS*CO*45*80~
REF*6R*PHNC0035833804-14~
AMT*B6*120~
LQ*HE*N59~
SVC*HC>G0151*200*120*0421*1~
DTM*472*20211221~
CAS*CO*45*80~
REF*6R*PHNC0035833804-8~
AMT*B6*120~
LQ*HE*N59~
SVC*HC>G0152*200*120*0431*1~
DTM*472*20211221~
CAS*CO*45*80~
REF*6R*PHNC0035833804-15~
AMT*B6*120~
LQ*HE*N59~
SVC*HC>G0299*200*130*0551*1~
DTM*472*20211223~
CAS*CO*45*70~
REF*6R*PHNC0035833804-20~
AMT*B6*130~
LQ*HE*N59~
SVC*HC>G0299*200*130*0551*1~
DTM*472*20211228~
CAS*CO*45*70~
REF*6R*PHNC0035833804-21~
AMT*B6*130~
LQ*HE*N59~
SVC*HC>G0151*200*120*0421*1~
DTM*472*20211230~
CAS*CO*45*80~
REF*6R*PHNC0035833804-9~
AMT*B6*120~
LQ*HE*N59~
SVC*HC>G0152*200*120*0431*1~
DTM*472*20211230~
CAS*CO*45*80~
REF*6R*PHNC0035833804-16~
AMT*B6*120~
LQ*HE*N59~
CLP*711157*1*600.01*370**13*220108E111000000*32*2~
NM1*QC*1*MATHEWS*JOHN*R***MI*MEBTGLBY~
NM1*82*2*COMM NURSE PROF HLTH SVC*****XX*1598725210~
REF*1L*467428-141~
REF*CE*MEDICARE OPEN ACCESS PPO PLAN NET 03400~
DTM*232*20211228~
DTM*233*20211230~
DTM*050*20220108~
PER*CX**TE*8006240756~
AMT*AU*600~
SVC*HP>1EC11*0*0*0023*1~
DTM*472*20211228~
REF*6R*PHNC0035833841-1~
LQ*HE*N19~
SVC*HC>G0299*200*130*0551*1~
DTM*472*20211228~
CAS*CO*45*70~
REF*6R*PHNC0035833841-4~
AMT*B6*130~
LQ*HE*N59~
SVC*HC>Q5001*.01*0*0551*0**1~
DTM*472*20211228~
CAS*CO*97*.01*1~
REF*6R*PHNC0035833841-5~
LQ*HE*N130~
SVC*HC>G0151*200*120*0421*1~
DTM*472*20211229~
CAS*CO*45*80~
REF*6R*PHNC0035833841-2~
AMT*B6*120~
LQ*HE*N59~
SVC*HC>G0152*200*120*0431*1~
DTM*472*20211230~
CAS*CO*45*80~
REF*6R*PHNC0035833841-3~
AMT*B6*120~
LQ*HE*N59~
CLP*709432*1*600.01*390**13*220108E111020000*32*3~
NM1*QC*1*BECKER*JOAN*G***MI*MEBTG3PT~
NM1*82*2*COMM NURSE PROF HLTH SVC*****XX*1598725210~
REF*1L*467428-141~
REF*CE*MEDICARE OPEN ACCESS PPO PLAN NET 03400~
DTM*232*20211206~
DTM*233*20211229~
DTM*050*20220108~
PER*CX**TE*8006240756~
AMT*AU*600~
SVC*HP>2HC11*0*0*0023*1~
DTM*472*20211206~
REF*6R*PHNC0035833808-1~
LQ*HE*N19~
SVC*HC>G0299*200*130*0551*1~
DTM*472*20211206~
CAS*CO*45*70~
REF*6R*PHNC0035833808-2~
AMT*B6*130~
LQ*HE*N59~
SVC*HC>Q5001*.01*0*0551*0**1~
DTM*472*20211206~
CAS*CO*97*.01*1~
REF*6R*PHNC0035833808-3~
LQ*HE*N130~
SVC*HC>G0300*200*130*0551*1~
DTM*472*20211214~
CAS*CO*45*70~
REF*6R*PHNC0035833808-4~
AMT*B6*130~
LQ*HE*N59~
SVC*HC>G0300*200*130*0551*1~
DTM*472*20211229~
CAS*CO*45*70~
REF*6R*PHNC0035833808-5~
AMT*B6*130~
LQ*HE*N59~
CLP*710679*1*800.01*520**13*220108E111040000*32*4~
NM1*QC*1*LILLEY*MARTHA*A***MI*MEBTGT0P~
NM1*82*2*COMM NURSE PROF HLTH SVC*****XX*1598725210~
REF*G1*2844864~
REF*1L*467428-141~
REF*CE*MEDICARE OPEN ACCESS PPO PLAN NET 03400~
DTM*232*20211203~
DTM*233*20211216~
DTM*050*20220108~
PER*CX**TE*8006240756~
AMT*AU*800~
SVC*HP>2HA21*0*0*0023*1~
DTM*472*20211203~
REF*6R*PHNC0035833833-1~
LQ*HE*N19~
SVC*HC>G0300*200*130*0551*1~
DTM*472*20211203~
CAS*CO*45*70~
REF*6R*PHNC0035833833-5~
AMT*B6*130~
LQ*HE*N59~
SVC*HC>Q5001*.01*0*0551*0**1~
DTM*472*20211203~
CAS*CO*97*.01*1~
REF*6R*PHNC0035833833-6~
LQ*HE*N130~
SVC*HC>G0299*200*130*0551*1~
DTM*472*20211208~
CAS*CO*45*70~
REF*6R*PHNC0035833833-2~
AMT*B6*130~
LQ*HE*N59~
SVC*HC>G0299*200*130*0551*1~
DTM*472*20211214~
CAS*CO*45*70~
REF*6R*PHNC0035833833-3~
AMT*B6*130~
LQ*HE*N59~
SVC*HC>G0299*200*130*0551*1~
DTM*472*20211216~
CAS*CO*45*70~
REF*6R*PHNC0035833833-4~
AMT*B6*130~
LQ*HE*N59~
CLP*708887*1*2490.01*1535**13*220108E161210000*32*3~
NM1*QC*1*SIMMONS*MAURICE*E***MI*MEBTG6BL~
NM1*82*2*COMM NURSE PROF HLTH SVC*****XX*1598725210~
REF*1L*467428-141~
REF*CE*MEDICARE OPEN ACCESS PPO PLAN NET 03400~
DTM*232*20211202~
DTM*233*20211228~
DTM*050*20220108~
PER*CX**TE*8006240756~
AMT*AU*2490~
SVC*HP>4CB31*0*0*0023*1~
DTM*472*20211202~
REF*6R*PHNC0035833800-1~
LQ*HE*N19~
SVC*HC>S9122*90*55*0571*1~
DTM*472*20211202~
CAS*CO*45*35~
REF*6R*PHNC0035833800-14~
AMT*B6*55~
LQ*HE*N59~
SVC*HC>Q5001*.01*0*0571*0**1~
DTM*472*20211202~
CAS*CO*97*.01*1~
REF*6R*PHNC0035833800-15~
LQ*HE*N130~
SVC*HC>G0151*200*120*0421*1~
DTM*472*20211202~
CAS*CO*45*80~
REF*6R*PHNC0035833800-2~
AMT*B6*120~
LQ*HE*N59~
SVC*HC>G0152*200*120*0431*1~
DTM*472*20211202~
CAS*CO*45*80~
REF*6R*PHNC0035833800-5~
AMT*B6*120~
LQ*HE*N59~
SVC*HC>G0151*200*120*0421*1~
DTM*472*20211207~
CAS*CO*45*80~
REF*6R*PHNC0035833800-3~
AMT*B6*120~
LQ*HE*N59~
SVC*HC>G0152*200*120*0431*1~
DTM*472*20211207~
CAS*CO*45*80~
REF*6R*PHNC0035833800-6~
AMT*B6*120~
LQ*HE*N59~
SVC*HC>G0299*200*130*0551*1~
DTM*472*20211209~
CAS*CO*45*70~
REF*6R*PHNC0035833800-10~
AMT*B6*130~
LQ*HE*N59~
SVC*HC>G0151*200*120*0421*1~
DTM*472*20211209~
CAS*CO*45*80~
REF*6R*PHNC0035833800-4~
AMT*B6*120~
LQ*HE*N59~
SVC*HC>G0152*200*120*0431*1~
DTM*472*20211209~
CAS*CO*45*80~
REF*6R*PHNC0035833800-7~
AMT*B6*120~
LQ*HE*N59~
SVC*HC>G0152*200*120*0431*1~
DTM*472*20211214~
CAS*CO*45*80~
REF*6R*PHNC0035833800-8~
AMT*B6*120~
LQ*HE*N59~
SVC*HC>G0299*200*130*0551*1~
DTM*472*20211216~
CAS*CO*45*70~
REF*6R*PHNC0035833800-11~
AMT*B6*130~
LQ*HE*N59~
SVC*HC>G0152*200*120*0431*1~
DTM*472*20211216~
CAS*CO*45*80~
REF*6R*PHNC0035833800-9~
AMT*B6*120~
LQ*HE*N59~
SVC*HC>G0299*200*130*0551*1~
DTM*472*20211221~
CAS*CO*45*70~
REF*6R*PHNC0035833800-12~
AMT*B6*130~
LQ*HE*N59~
SVC*HC>G0299*200*130*0551*1~
DTM*472*20211228~
CAS*CO*45*70~
REF*6R*PHNC0035833800-13~
AMT*B6*130~
LQ*HE*N59~
CLP*709714*1*400.01*240**13*220108E161220000*32*4~
NM1*QC*1*LOCKWOOD*GREGORY*D***MI*MEBNHW5H~
NM1*82*2*COMM NURSE PROF HLTH SVC*****XX*1598725210~
REF*1L*467428-129~
REF*CE*MEDICARE OPEN ACCESS PPO PLAN NET 03400~
DTM*232*20211201~
DTM*233*20211203~
DTM*050*20220108~
PER*CX**TE*8006240756~
AMT*AU*400~
SVC*HP>1EC11*0*0*0023*1~
DTM*472*20211201~
REF*6R*PHNC0035833812-1~
LQ*HE*N19~
SVC*HC>Q5001*.01*0*0421*0**1~
DTM*472*20211201~
CAS*CO*97*.01*1~
REF*6R*PHNC0035833812-3~
LQ*HE*N130~
SVC*HC>G0151*200*120*0421*1~
DTM*472*20211201~
CAS*CO*45*80~
REF*6R*PHNC0035833812-2~
AMT*B6*120~
LQ*HE*N59~
SVC*HC>G0151*200*120*0421*1~
DTM*472*20211203~
CAS*CO*45*80~
REF*6R*PHNC0035833812-4~
AMT*B6*120~
LQ*HE*N59~
CLP*710590*1*400.01*250**13*220108E161230000*32*4~
NM1*QC*1*PYLE JR*FLOYD****MI*MEBFDF5Q~
NM1*82*2*COMM NURSE PROF HLTH SVC*****XX*1598725210~
REF*1L*467428-141~
REF*CE*MEDICARE OPEN ACCESS PPO PLAN NET 03400~
DTM*232*20211201~
DTM*233*20211217~
DTM*050*20220108~
PER*CX**TE*8006240756~
AMT*AU*400~
SVC*HP>2BC11*0*0*0023*1~
DTM*472*20211201~
REF*6R*PHNC0035833830-1~
LQ*HE*N19~
SVC*HC>Q5001*.01*0*0421*0**1~
DTM*472*20211201~
CAS*CO*97*.01*1~
REF*6R*PHNC0035833830-3~
LQ*HE*N130~
SVC*HC>G0151*200*120*0421*1~
DTM*472*20211201~
CAS*CO*45*80~
REF*6R*PHNC0035833830-2~
AMT*B6*120~
LQ*HE*N59~
SVC*HC>G0299*200*130*0551*1~
DTM*472*20211217~
CAS*CO*45*70~
REF*6R*PHNC0035833830-4~
AMT*B6*130~
LQ*HE*N59~
CLP*710771*1*200.01*120**13*220108E211660000*32*2~
NM1*QC*1*DESALVE*TERRANCE*W***MI*MEBJVFSS~
NM1*82*2*COMM NURSE PROF HLTH SVC*****XX*1598725210~
REF*1L*467428-141~
REF*CE*MEDICARE OPEN ACCESS PPO PLAN NET 03400~
DTM*232*20211220~
DTM*233*20211220~
DTM*050*20220108~
PER*CX**TE*8006240756~
AMT*AU*200~
SVC*HP>2GA11*0*0*0023*1~
DTM*472*20211220~
REF*6R*PHNC0035833835-1~
LQ*HE*N19~
SVC*HC>Q5001*.01*0*0421*0**1~
DTM*472*20211220~
CAS*CO*97*.01*1~
REF*6R*PHNC0035833835-3~
LQ*HE*N130~
SVC*HC>G0151*200*120*0421*1~
DTM*472*20211220~
CAS*CO*45*80~
REF*6R*PHNC0035833835-2~
AMT*B6*120~
LQ*HE*N59~
CLP*708762*1*2200.01*1360**13*220108E211670000*32*3~
NM1*QC*1*HETRICK*ELAINE*J***MI*MEBTGYGG~
NM1*82*2*COMM NURSE PROF HLTH SVC*****XX*1598725210~
REF*1L*467428-129~
REF*CE*MEDICARE OPEN ACCESS PPO PLAN NET 03400~
DTM*232*20211201~
DTM*233*20211229~
DTM*050*20220108~
PER*CX**TE*8006240756~
AMT*AU*2200~
SVC*HP>2EC31*0*0*0023*1~
DTM*472*20211201~
REF*6R*PHNC0035833798-1~
LQ*HE*N19~
SVC*HC>G0299*200*130*0551*1~
DTM*472*20211201~
CAS*CO*45*70~
REF*6R*PHNC0035833798-9~
AMT*B6*130~
LQ*HE*N59~
SVC*HC>Q5001*.01*0*0551*0**1~
DTM*472*20211201~
CAS*CO*97*.01*1~
REF*6R*PHNC0035833798-10~
LQ*HE*N130~
SVC*HC>G0151*200*120*0421*1~
DTM*472*20211202~
CAS*CO*45*80~
REF*6R*PHNC0035833798-2~
AMT*B6*120~
LQ*HE*N59~
SVC*HC>G0151*200*120*0421*1~
DTM*472*20211208~
CAS*CO*45*80~
REF*6R*PHNC0035833798-3~
AMT*B6*120~
LQ*HE*N59~
SVC*HC>G0299*200*130*0551*1~
DTM*472*20211209~
CAS*CO*45*70~
REF*6R*PHNC0035833798-11~
AMT*B6*130~
LQ*HE*N59~
SVC*HC>G0151*200*120*0421*1~
DTM*472*20211214~
CAS*CO*45*80~
REF*6R*PHNC0035833798-4~
AMT*B6*120~
LQ*HE*N59~
SVC*HC>G0152*200*120*0431*1~
DTM*472*20211214~
CAS*CO*45*80~
REF*6R*PHNC0035833798-5~
AMT*B6*120~
LQ*HE*N59~
SVC*HC>G0299*200*130*0551*1~
DTM*472*20211215~
CAS*CO*45*70~
REF*6R*PHNC0035833798-12~
AMT*B6*130~
LQ*HE*N59~
SVC*HC>G0152*200*120*0431*1~
DTM*472*20211220~
CAS*CO*45*80~
REF*6R*PHNC0035833798-6~
AMT*B6*120~
LQ*HE*N59~
SVC*HC>G0299*200*130*0551*1~
DTM*472*20211223~
CAS*CO*45*70~
REF*6R*PHNC0035833798-13~
AMT*B6*130~
LQ*HE*N59~
SVC*HC>G0152*200*120*0431*1~
DTM*472*20211227~
CAS*CO*45*80~
REF*6R*PHNC0035833798-7~
AMT*B6*120~
LQ*HE*N59~
SVC*HC>G0152*200*120*0431*1~
DTM*472*20211229~
CAS*CO*45*80~
REF*6R*PHNC0035833798-8~
AMT*B6*120~
LQ*HE*N59~
CLP*710911*1*1600.01*990**13*220108E211700000*32*4~
NM1*QC*1*DELHUNTY*JANE*P***MI*MEBFDK2R~
NM1*82*2*COMM NURSE PROF HLTH SVC*****XX*1598725210~
REF*1L*467428-141~
REF*CE*MEDICARE OPEN ACCESS PPO PLAN NET 03400~
DTM*232*20211201~
DTM*233*20211224~
DTM*050*20220108~
PER*CX**TE*8006240756~
AMT*AU*1600~
SVC*HP>1JB11*0*0*0023*1~
DTM*472*20211201~
REF*6R*PHNC0035833838-1~
LQ*HE*N19~
SVC*HC>Q5001*.01*0*0421*0**1~
DTM*472*20211201~
CAS*CO*97*.01*1~
REF*6R*PHNC0035833838-3~
LQ*HE*N130~
SVC*HC>G0151*200*120*0421*1~
DTM*472*20211201~
CAS*CO*45*80~
REF*6R*PHNC0035833838-2~
AMT*B6*120~
LQ*HE*N59~
SVC*HC>G0299*200*130*0551*1~
DTM*472*20211206~
CAS*CO*45*70~
REF*6R*PHNC0035833838-8~
AMT*B6*130~
LQ*HE*N59~
SVC*HC>G0151*200*120*0421*1~
DTM*472*20211206~
CAS*CO*45*80~
REF*6R*PHNC0035833838-4~
AMT*B6*120~
LQ*HE*N59~
SVC*HC>G0151*200*120*0421*1~
DTM*472*20211209~
CAS*CO*45*80~
REF*6R*PHNC0035833838-5~
AMT*B6*120~
LQ*HE*N59~
SVC*HC>G0151*200*120*0421*1~
DTM*472*20211214~
CAS*CO*45*80~
REF*6R*PHNC0035833838-6~
AMT*B6*120~
LQ*HE*N59~
SVC*HC>G0299*200*130*0551*1~
DTM*472*20211215~
CAS*CO*45*70~
REF*6R*PHNC0035833838-9~
AMT*B6*130~
LQ*HE*N59~
SVC*HC>G0151*200*120*0421*1~
DTM*472*20211217~
CAS*CO*45*80~
REF*6R*PHNC0035833838-7~
AMT*B6*120~
LQ*HE*N59~
SVC*HC>G0299*200*130*0551*1~
DTM*472*20211224~
CAS*CO*45*70~
REF*6R*PHNC0035833838-10~
AMT*B6*130~
LQ*HE*N59~
CLP*710672*1*2630.01*0**13*220111E148980000*32*2~
NM1*QC*1*MCGRANOR*MELVA*J***MI*MEBNS5LT~
NM1*82*2*COMM NURSE PROF HLTH SVC*****XX*1598725210~
REF*1L*467484-049~
REF*CE*MEDICARE (S02) PPO PLAN NET 03400~
DTM*232*20211219~
DTM*233*20211231~
DTM*050*20220111~
PER*CX**TE*8006240756~
SVC*NU>0023*0*0**1*HP>00000~
DTM*472*20211219~
REF*6R*PHNC0035860281-1~
SVC*HC>G0299*200*0*0551*0**1~
DTM*472*20211219~
CAS*PI*16*200*1~
REF*6R*PHNC0035860281-9~
LQ*HE*N471~
SVC*HC>Q5001*.01*0*0551*0**1~
DTM*472*20211219~
CAS*PI*16*.01*1~
REF*6R*PHNC0035860281-10~
LQ*HE*N471~
SVC*HC>G0299*200*0*0551*0**1~
DTM*472*20211220~
CAS*PI*16*200*1~
REF*6R*PHNC0035860281-11~
LQ*HE*N471~
SVC*HC>G0155*250*0*0561*0**1~
DTM*472*20211221~
CAS*PI*16*250*1~
REF*6R*PHNC0035860281-14~
LQ*HE*N471~
SVC*HC>G0152*200*0*0431*0**1~
DTM*472*20211221~
CAS*PI*16*200*1~
REF*6R*PHNC0035860281-6~
LQ*HE*N471~
SVC*HC>G0156*90*0*0571*0**1~
DTM*472*20211222~
CAS*PI*16*90*1~
REF*6R*PHNC0035860281-15~
LQ*HE*N471~
SVC*HC>G0151*200*0*0421*0**1~
DTM*472*20211222~
CAS*PI*16*200*1~
REF*6R*PHNC0035860281-2~
LQ*HE*N471~
SVC*HC>G0151*200*0*0421*0**1~
DTM*472*20211224~
CAS*PI*16*200*1~
REF*6R*PHNC0035860281-3~
LQ*HE*N471~
SVC*HC>G0152*200*0*0431*0**1~
DTM*472*20211227~
CAS*PI*16*200*1~
REF*6R*PHNC0035860281-7~
LQ*HE*N471~
SVC*HC>G0151*200*0*0421*0**1~
DTM*472*20211228~
CAS*PI*16*200*1~
REF*6R*PHNC0035860281-4~
LQ*HE*N471~
SVC*HC>G0300*200*0*0551*0**1~
DTM*472*20211229~
CAS*PI*16*200*1~
REF*6R*PHNC0035860281-13~
LQ*HE*N471~
SVC*HC>G0156*90*0*0571*0**1~
DTM*472*20211229~
CAS*PI*16*90*1~
REF*6R*PHNC0035860281-16~
LQ*HE*N471~
SVC*HC>G0152*200*0*0431*0**1~
DTM*472*20211229~
CAS*PI*16*200*1~
REF*6R*PHNC0035860281-8~
LQ*HE*N471~
SVC*HC>G0151*200*0*0421*0**1~
DTM*472*20211230~
CAS*PI*16*200*1~
REF*6R*PHNC0035860281-5~
LQ*HE*N471~
SVC*HC>G0299*200*0*0551*0**1~
DTM*472*20211231~
CAS*PI*16*200*1~
REF*6R*PHNC0035860281-12~
LQ*HE*N471~
SE*1020*1000~
ST*835*1001~
BPR*I*2720*C*ACH*CCP*01*031100209*DA*0038865237*1066033492**01*031306278*DA*4267258*20220121~
TRN*1*160118220260138*1066033492~
REF*EV*XXXXXXXXXXXXXXXXXXXXXXXXXXXXXX~
DTM*405*20220119~
N1*PR*AETNA~
N3*151 FARMINGTON AVENUE~
N4*HARTFORD*CT*06156~
REF*2U*60054~
PER*BL*Provider Service~
N1*PE*COMMUNITY NURSES HOME HEALTH*XX*1538143268~
N3*757 JOHNSONBURG RD STE 200~
N4*SAINT MARYS*PA*158573488~
REF*PQ*864921250~
REF*TJ*250996070~
LX*1~
TS3*1538143268*32*20221231*4*4200.04~
CLP*709650*1*2000.01*1300**13*220108E010870000*32*3~
NM1*QC*1*BUTTERWORTH*THEODORE*R***MI*MEBTHCCM~
NM1*82*2*COMMUNITY NURSES HOME HEALTH*****XX*1538143268~
REF*1L*467428-141~
REF*CE*MEDICARE OPEN ACCESS PPO PLAN NET 03400~
DTM*232*20211201~
DTM*233*20211231~
DTM*050*20220108~
PER*CX**TE*8006240756~
AMT*AU*2000~
SVC*HP>3BC11*0*0*0023*1~
DTM*472*20211201~
REF*6R*PHNC0035833888-1~
LQ*HE*N19~
SVC*HC>G0299*200*130*0551*1~
DTM*472*20211201~
CAS*CO*45*70~
REF*6R*PHNC0035833888-2~
AMT*B6*130~
LQ*HE*N59~
SVC*HC>Q5001*.01*0*0551*0**1~
DTM*472*20211201~
CAS*CO*97*.01*1~
REF*6R*PHNC0035833888-3~
LQ*HE*N130~
SVC*HC>G0299*200*130*0551*1~
DTM*472*20211208~
CAS*CO*45*70~
REF*6R*PHNC0035833888-4~
AMT*B6*130~
LQ*HE*N59~
SVC*HC>G0299*200*130*0551*1~
DTM*472*20211217~
CAS*CO*45*70~
REF*6R*PHNC0035833888-5~
AMT*B6*130~
LQ*HE*N59~
SVC*HC>G0299*200*130*0551*1~
DTM*472*20211219~
CAS*CO*45*70~
REF*6R*PHNC0035833888-6~
AMT*B6*130~
LQ*HE*N59~
SVC*HC>G0299*200*130*0551*1~
DTM*472*20211221~
CAS*CO*45*70~
REF*6R*PHNC0035833888-7~
AMT*B6*130~
LQ*HE*N59~
SVC*HC>G0299*200*130*0551*1~
DTM*472*20211223~
CAS*CO*45*70~
REF*6R*PHNC0035833888-8~
AMT*B6*130~
LQ*HE*N59~
SVC*HC>G0300*200*130*0551*1~
DTM*472*20211224~
CAS*CO*45*70~
REF*6R*PHNC0035833888-11~
AMT*B6*130~
LQ*HE*N59~
SVC*HC>G0299*200*130*0551*1~
DTM*472*20211227~
CAS*CO*45*70~
REF*6R*PHNC0035833888-9~
AMT*B6*130~
LQ*HE*N59~
SVC*HC>G0300*200*130*0551*1~
DTM*472*20211229~
CAS*CO*45*70~
REF*6R*PHNC0035833888-12~
AMT*B6*130~
LQ*HE*N59~
SVC*HC>G0299*200*130*0551*1~
DTM*472*20211231~
CAS*CO*45*70~
REF*6R*PHNC0035833888-10~
AMT*B6*130~
LQ*HE*N59~
CLP*709193*1*1800.01*1160**13*220108E061110000*32*2~
NM1*QC*1*DEFIBAUGH*JAMES*F***MI*MEBMK2BD~
NM1*82*2*COMMUNITY NURSES HOME HEALTH*****XX*1538143268~
REF*1L*467428-011~
REF*CE*MEDICARE OPEN ACCESS PPO PLAN NET 03400~
DTM*232*20211202~
DTM*233*20211230~
DTM*050*20220108~
PER*CX**TE*8006240756~
AMT*AU*1800~
SVC*HP>2LB21*0*0*0023*1~
DTM*472*20211202~
REF*6R*PHNC0035833886-1~
LQ*HE*N19~
SVC*HC>G0299*200*130*0551*1~
DTM*472*20211202~
CAS*CO*45*70~
REF*6R*PHNC0035833886-3~
AMT*B6*130~
LQ*HE*N59~
SVC*HC>Q5001*.01*0*0551*0**1~
DTM*472*20211202~
CAS*CO*97*.01*1~
REF*6R*PHNC0035833886-4~
LQ*HE*N130~
SVC*HC>G0300*200*130*0551*1~
DTM*472*20211206~
CAS*CO*45*70~
REF*6R*PHNC0035833886-5~
AMT*B6*130~
LQ*HE*N59~
SVC*HC>G0151*200*120*0421*1~
DTM*472*20211206~
CAS*CO*45*80~
REF*6R*PHNC0035833886-2~
AMT*B6*120~
LQ*HE*N59~
SVC*HC>G0300*200*130*0551*1~
DTM*472*20211209~
CAS*CO*45*70~
REF*6R*PHNC0035833886-6~
AMT*B6*130~
LQ*HE*N59~
SVC*HC>G0300*200*130*0551*1~
DTM*472*20211214~
CAS*CO*45*70~
REF*6R*PHNC0035833886-7~
AMT*B6*130~
LQ*HE*N59~
SVC*HC>G0300*200*130*0551*1~
DTM*472*20211216~
CAS*CO*45*70~
REF*6R*PHNC0035833886-8~
AMT*B6*130~
LQ*HE*N59~
SVC*HC>G0300*200*130*0551*1~
DTM*472*20211220~
CAS*CO*45*70~
REF*6R*PHNC0035833886-9~
AMT*B6*130~
LQ*HE*N59~
SVC*HC>G0300*200*130*0551*1~
DTM*472*20211223~
CAS*CO*45*70~
REF*6R*PHNC0035833886-10~
AMT*B6*130~
LQ*HE*N59~
SVC*HC>G0300*200*130*0551*1~
DTM*472*20211230~
CAS*CO*45*70~
REF*6R*PHNC0035833886-11~
AMT*B6*130~
LQ*HE*N59~
CLP*710119*1*200.01*130**13*220108E061120000*32*3~
NM1*QC*1*SMITH*CONNIE*M***MI*MEBGM1FP~
NM1*82*2*COMMUNITY NURSES HOME HEALTH*****XX*1538143268~
REF*1L*467428-141~
REF*CE*MEDICARE OPEN ACCESS PPO PLAN NET 03400~
DTM*232*20211214~
DTM*233*20211214~
DTM*050*20220108~
PER*CX**TE*8006240756~
AMT*AU*200~
SVC*HP>3DA21*0*0*0023*1~
DTM*472*20211214~
REF*6R*PHNC0035833890-1~
LQ*HE*N19~
SVC*HC>G0299*200*130*0551*1~
DTM*472*20211214~
CAS*CO*45*70~
REF*6R*PHNC0035833890-2~
AMT*B6*130~
LQ*HE*N59~
SVC*HC>Q5001*.01*0*0551*0**1~
DTM*472*20211214~
CAS*CO*97*.01*1~
REF*6R*PHNC0035833890-3~
LQ*HE*N130~
CLP*709334*1*200.01*130**13*220108E161180000*32*4~
NM1*QC*1*SCHINDLER*NANCY*P***MI*MEBJBT0W~
NM1*82*2*COMMUNITY NURSES HOME HEALTH*****XX*1538143268~
REF*1L*467428-141~
REF*CE*MEDICARE OPEN ACCESS PPO PLAN NET 03400~
DTM*232*20211201~
DTM*233*20211201~
DTM*050*20220108~
PER*CX**TE*8006240756~
AMT*AU*200~
SVC*HP>3DA21*0*0*0023*1~
DTM*472*20211201~
REF*6R*PHNC0035833887-1~
LQ*HE*N19~
SVC*HC>G0299*200*130*0551*1~
DTM*472*20211201~
CAS*CO*45*70~
REF*6R*PHNC0035833887-2~
AMT*B6*130~
LQ*HE*N59~
SVC*HC>Q5001*.01*0*0551*0**1~
DTM*472*20211201~
CAS*CO*97*.01*1~
REF*6R*PHNC0035833887-3~
LQ*HE*N130~
SE*220*1001~
GE*57*1~
IEA*1*100358959~
