ISA*00*          *00*          *ZZ*133052274      *ZZ*XXXXXXXXXXXXXXX*220119*0250*^*00501*100358959*0*P*>~
GS*HP*133052274*XX*20220119*0250*1*X*005010X221A1~
ST*835*0389~
BPR*I*17788.81*C*ACH*CCP*01*011900445*DA*0000009046*1066033492**01*072000326*DA*955236901*20220124~
TRN*1*822019000267018*1066033492~
REF*EV*XXXXXXXXXXXXXXXXXXXXXXXXXXXXXX~
DTM*405*20220119~
N1*PR*AETNA~
N3*151 FARMINGTON AVENUE~
N4*HARTFORD*CT*06156~
REF*2U*60054~
PER*BL*Provider Service~
N1*PE*BRONSON SOUTH HAVEN HOSPITAL*XX*1346275856~
N3*PO BOX 77000 DEPT 77933~
N4*DETROIT*MI*482772000~
REF*PQ*778300390~
REF*TJ*381676780~
LX*1~
TS3*1346275856*11*20221231*30*27845.37~
CLP*H960093733600*22*-407.93*0**12*EA36VNSJP0000*13*1~
NM1*QC*1*WRIGHT*EBONY*DANIELLE~
NM1*IL*1*WRIGHT*GERALD*E***MI*W154510192~
NM1*82*2*BRONSON SOUTH HAVEN HOSPITAL*****XX*1346275856~
REF*1L*0100655-019-00613-DJ~
REF*CE*Open Choice NET 04632~
DTM*232*20211027~
DTM*233*20211027~
DTM*050*20211102~
PER*CX**TE*8886323862~
SVC*HC>77067*-407.93*0*0403*0**1~
DTM*472*20211027~
CAS*PR*227*-407.93*1~
REF*6R*00000000001~
LQ*HE*MA04~
LQ*HE*N179~
CLP*H960093733600*1*407.93*367.14**12*EA36VNSJP0001*13*1~
NM1*QC*1*WRIGHT*EBONY*DANIELLE~
NM1*IL*1*WRIGHT*GERALD*E***MI*W154510192~
NM1*82*2*BRONSON SOUTH HAVEN HOSPITAL*****XX*1346275856~
REF*1L*0100655-019-00613-DJ~
REF*CE*Open Choice NET 04632~
REF*F8*EA36VNSJP0000~
DTM*232*20211027~
DTM*233*20211027~
DTM*050*20220111~
PER*CX**TE*8886323862~
AMT*AU*407.93~
SVC*HC>77067*407.93*367.14*0403*1~
DTM*472*20211027~
CAS*CO*45*40.79~
REF*6R*00000000001~
AMT*B6*367.14~
CLP*H960088933600*22*-363.22*0**12*ECJMTCV6L0000*13*1~
NM1*QC*1*WRIGHT*EBONY*DANIELLE~
NM1*IL*1*WRIGHT*GERALD*E***MI*W154510192~
NM1*82*2*BRONSON SOUTH HAVEN HOSPITAL*****XX*1346275856~
REF*1L*0100655-019-00613-DJ~
REF*CE*Open Choice NET 04632~
DTM*232*20210811~
DTM*233*20210811~
DTM*050*20210818~
PER*CX**TE*8886323862~
SVC*HC>72040*-363.22*0*0320*0**1~
DTM*472*20210811~
CAS*PR*227*-363.22*1~
REF*6R*00000000001~
LQ*HE*MA04~
LQ*HE*N179~
CLP*H960088933600*1*363.22*277.86*49.04*12*ECJMTCV6L0001*13*1~
NM1*QC*1*WRIGHT*EBONY*DANIELLE~
NM1*IL*1*WRIGHT*GERALD*E***MI*W154510192~
NM1*82*2*BRONSON SOUTH HAVEN HOSPITAL*****XX*1346275856~
REF*1L*0100655-019-00613-DJ~
REF*CE*Open Choice NET 04632~
REF*F8*ECJMTCV6L0000~
DTM*232*20210811~
DTM*233*20210811~
DTM*050*20220111~
PER*CX**TE*8886323862~
AMT*AU*363.22~
SVC*HC>72040*363.22*277.86*0320*1~
DTM*472*20210811~
CAS*CO*45*36.32~
CAS*PR*2*49.04~
REF*6R*00000000001~
AMT*B6*326.9~
CLP*H960095195400*1*1177.31*1037.47*22.11*12*EHY1V9KXX0000*13*1~
NM1*QC*1*WRIGHT*EBONY*DANIELLE~
NM1*IL*1*WRIGHT*GERALD*E***MI*W154510192~
NM1*82*2*BRONSON SOUTH HAVEN HOSPITAL*****XX*1346275856~
REF*1L*0100655-019-00613-DJ~
REF*CE*Open Choice NET 04632~
DTM*232*20211110~
DTM*233*20211110~
DTM*050*20220111~
PER*CX**TE*8886323862~
AMT*AU*1177.31~
SVC*NU>0250*3.78*2.89**1~
DTM*472*20211110~
CAS*CO*45*.38~
CAS*PR*2*.51~
REF*6R*00000000001~
AMT*B6*3.4~
SVC*HC>U0003*145*130.5*0306*1~
DTM*472*20211110~
CAS*CO*45*14.5~
REF*6R*00000000002~
AMT*B6*130.5~
SVC*HC>99283>CS*868.53*781.68*0450*1~
DTM*472*20211110~
CAS*CO*45*86.85~
REF*6R*00000000003~
AMT*B6*781.68~
SVC*HC>96372*143.97*110.13*0450*1~
DTM*472*20211110~
CAS*CO*45*14.4~
CAS*PR*2*19.44~
REF*6R*00000000004~
AMT*B6*129.57~
SVC*HC>J1885*16.03*12.27*0636*2~
DTM*472*20211110~
CAS*CO*45*1.6~
CAS*PR*2*2.16~
REF*6R*00000000005~
AMT*B6*14.43~
CLP*H960099273901*2*287.9*9.75*77.73*12*EPPCW0D650000*13*1~
CAS*OA*23*171.63~
NM1*QC*1*BUTLERHOSIER*BRITTANY*SHARON~
NM1*IL*1*HOSIER*BRENT*ALLAN***MI*W179752134~
NM1*82*2*BRONSON SOUTH HAVEN HOSPITAL*****XX*1346275856~
REF*1L*0863124-019-00651-BB~
REF*CE*Aetna HealthFund  Open Choice  PPO NET 04632~
DTM*232*20211231~
DTM*233*20211231~
DTM*050*20220118~
PER*CX**TE*8886323862~
AMT*AU*287.9~
SVC*HC>G0108*287.9*181.38*0942*2~
DTM*472*20211231~
CAS*CO*45*28.79~
CAS*PR*2*77.73~
REF*6R*00000000001~
AMT*B6*259.11~
CLP*H960100110800*1*1356.1*1037.42*183.07*12*EPY1W18KR0000*13*1~
NM1*QC*1*JOHNSON*ANNA*SUSAN~
NM1*IL*1*JOHNSON*EDWARD*GEORGE***MI*W154464715~
NM1*82*2*BRONSON SOUTH HAVEN HOSPITAL*****XX*1346275856~
REF*1L*0100655-019-00643-DJ~
REF*CE*Open Choice NET 04632~
DTM*232*20220111~
DTM*233*20220111~
DTM*050*20220117~
PER*CX**TE*8886323862~
AMT*AU*1356.1~
SVC*HC>70486*1356.1*1037.42*0351*1~
DTM*472*20220111~
CAS*CO*45*135.61~
CAS*PR*2*183.07~
REF*6R*00000000001~
AMT*B6*1220.49~
CLP*H960099671000*1*100*0*76.5*12*EPY1W2YN60000*13*1~
NM1*QC*1*BURCHFIELD*KENDRA*L~
NM1*IL*1*BURCHFIELD*CHARLES****MI*W154464720~
NM1*82*2*BRONSON SOUTH HAVEN HOSPITAL*****XX*1346275856~
REF*1L*0100655-019-00663-DJ~
REF*CE*Open Choice NET 04632~
DTM*232*20220114~
DTM*233*20220114~
DTM*050*20220118~
PER*CX**TE*8886323862~
AMT*AU*100~
SVC*HC>36415*15*0*0300*0**1~
DTM*472*20220114~
CAS*CO*97*15*1~
REF*6R*00000000001~
AMT*B6*13.5~
LQ*HE*N19~
SVC*HC>80061*50*0*0301*1~
DTM*472*20220114~
CAS*CO*45*5~
CAS*PR*1*45~
REF*6R*00000000002~
AMT*B6*45~
SVC*HC>83036*35*0*0301*1~
DTM*472*20220114~
CAS*CO*45*3.5~
CAS*PR*1*31.5~
REF*6R*00000000003~
AMT*B6*31.5~
CLP*H960099837000*1*5284.11*3054.33*1039*12*EQACW216D0000*13*1~
NM1*QC*1*LANE*MADELINE*JEWEL~
NM1*IL*1*LANE*DEBORAH****MI*W190211025~
NM1*82*2*BRONSON SOUTH HAVEN HOSPITAL*****XX*1346275856~
REF*1L*0100655-019-00663-DJ~
REF*CE*Open Choice NET 04632~
DTM*232*20220107~
DTM*233*20220107~
DTM*050*20220117~
PER*CX**TE*8886323862~
AMT*AU*5284.11~
SVC*NU>0250*1.95*0**1~
DTM*472*20220107~
CAS*CO*45*.19~
CAS*PR*1*1.76~
REF*6R*00000000001~
AMT*B6*1.76~
SVC*HC>96361*195.67*0*0260*1~
DTM*472*20220107~
CAS*CO*45*19.57~
CAS*PR*1*176.1~
REF*6R*00000000002~
AMT*B6*176.1~
SVC*HC>80053*37.65*0*0301*1~
DTM*472*20220107~
CAS*CO*45*3.76~
CAS*PR*1*33.89~
REF*6R*00000000003~
AMT*B6*33.89~
SVC*HC>85025*29.26*0*0305*1~
DTM*472*20220107~
CAS*CO*45*2.93~
CAS*PR*1*26.33~
REF*6R*00000000004~
AMT*B6*26.33~
SVC*HC>81001*20*0*0307*1~
DTM*472*20220107~
CAS*CO*45*2~
CAS*PR*1*18~
REF*6R*00000000005~
AMT*B6*18~
SVC*HC>76770>59*735.98*0*0402*0**1~
DTM*472*20220107~
CAS*CO*97*735.98*1~
REF*6R*00000000006~
AMT*B6*662.38~
LQ*HE*N19~
SVC*HC>76815*467.24*150.11*0402*1~
DTM*472*20220107~
CAS*CO*45*46.72~
CAS*PR*1*243.92**2*26.49~
REF*6R*00000000007~
AMT*B6*420.52~
SVC*HC>99284>25*1363.91*1043.39*0450*1~
DTM*472*20220107~
CAS*CO*45*136.39~
CAS*PR*2*184.13~
REF*6R*00000000008~
AMT*B6*1227.52~
SVC*HC>96375*322.42*246.65*0450*2~
DTM*472*20220107~
CAS*CO*45*32.24~
CAS*PR*2*43.53~
REF*6R*00000000009~
AMT*B6*290.18~
SVC*HC>96374*271.66*207.82*0450*1~
DTM*472*20220107~
CAS*CO*45*27.17~
CAS*PR*2*36.67~
REF*6R*00000000010~
AMT*B6*244.49~
SVC*HC>96376*148.81*113.84*0450*1~
DTM*472*20220107~
CAS*CO*45*14.88~
CAS*PR*2*20.09~
REF*6R*00000000011~
AMT*B6*133.93~
SVC*HC>J7030*69.92*53.49*0636*1~
DTM*472*20220107~
CAS*CO*45*6.99~
CAS*PR*2*9.44~
REF*6R*00000000012~
AMT*B6*62.93~
SVC*HC>J2270*49.5*37.87*0636*2~
DTM*472*20220107~
CAS*CO*45*4.95~
CAS*PR*2*6.68~
REF*6R*00000000013~
AMT*B6*44.55~
SVC*HC>J2550*10.35*7.92*0636*1~
DTM*472*20220107~
CAS*CO*45*1.03~
CAS*PR*2*1.4~
REF*6R*00000000014~
AMT*B6*9.32~
SVC*HC>J2405*6.8*5.2*0636*4~
DTM*472*20220107~
CAS*CO*45*.68~
CAS*PR*2*.92~
REF*6R*00000000015~
AMT*B6*6.12~
SVC*HC>93975*1552.99*1188.04*0921*1~
DTM*472*20220107~
CAS*CO*45*155.3~
CAS*PR*2*209.65~
REF*6R*00000000016~
AMT*B6*1397.69~
CLP*H960100420000*1*130*103.5**12*EQACW3Q9R0000*13*1~
NM1*QC*1*STURM*NANCY*ANN~
NM1*IL*1*STURM*GARY****MI*W154510190~
NM1*82*2*BRONSON SOUTH HAVEN HOSPITAL*****XX*1346275856~
REF*1L*0100655-019-00613-DJ~
REF*CE*Open Choice NET 04632~
DTM*232*20220114~
DTM*233*20220114~
DTM*050*20220118~
PER*CX**TE*8886323862~
AMT*AU*130~
SVC*HC>36415*15*0*0300*0**1~
DTM*472*20220114~
CAS*CO*97*15*1~
REF*6R*00000000001~
AMT*B6*13.5~
LQ*HE*N19~
SVC*HC>80061*50*45*0301*1~
DTM*472*20220114~
CAS*CO*45*5~
REF*6R*00000000002~
AMT*B6*45~
SVC*HC>84443*45*40.5*0301*1~
DTM*472*20220114~
CAS*CO*45*4.5~
REF*6R*00000000003~
AMT*B6*40.5~
SVC*HC>82947*20*18*0301*1~
DTM*472*20220114~
CAS*CO*45*2~
REF*6R*00000000004~
AMT*B6*18~
CLP*H960100397000*1*183*134.2**12*EQJMW2NFZ0000*13*1~
NM1*QC*1*BROWN*ANGELA*SUE~
NM1*IL*1*BROWN*WESLEY*J***MI*W218457286~
NM1*82*2*BRONSON SOUTH HAVEN HOSPITAL*****XX*1346275856~
REF*1L*0100655-019-00613-DJ~
REF*CE*Open Choice NET 04632~
DTM*232*20220113~
DTM*233*20220113~
DTM*050*20220117~
PER*CX**TE*8886323862~
AMT*AU*183~
SVC*HC>C9803*38*34.2*0300*1~
DTM*472*20220113~
CAS*CO*45*3.8~
REF*6R*00000000001~
AMT*B6*34.2~
SVC*HC>U0003*145*100*0306*1~
DTM*472*20220113~
CAS*CO*45*45~
REF*6R*00000000002~
AMT*B6*100~
CLP*H960099294900*1*507.14*456.43**12*EQTXW2L9Z0000*13*1~
NM1*QC*1*ASHLEY*KAREN*B***MI*W221800344~
NM1*82*2*BRONSON SOUTH HAVEN HOSPITAL*****XX*1346275856~
REF*1L*0100655-019-00613-DJ~
REF*CE*Open Choice NET 04632~
DTM*232*20220113~
DTM*233*20220113~
DTM*050*20220117~
PER*CX**TE*8886323862~
AMT*AU*507.14~
SVC*HC>77067*407.93*367.14*0403*1~
DTM*472*20220113~
CAS*CO*45*40.79~
REF*6R*00000000001~
AMT*B6*367.14~
SVC*HC>77063*99.21*89.29*0403*1~
DTM*472*20220113~
CAS*CO*45*9.92~
REF*6R*00000000002~
AMT*B6*89.29~
CLP*H960100418200*1*258*43.2*175.5*12*EQTXW29GT0000*13*1~
NM1*QC*1*PERRY*DENNIS*WILLIAM**JR*MI*W179539066~
NM1*82*2*BRONSON SOUTH HAVEN HOSPITAL*****XX*1346275856~
REF*1L*0100655-019-00613-DJ~
REF*CE*Open Choice NET 04632~
DTM*232*20220114~
DTM*233*20220114~
DTM*050*20220118~
PER*CX**TE*8886323862~
AMT*AU*258~
SVC*HC>36415*15*0*0300*0**1~
DTM*472*20220114~
CAS*CO*97*15*1~
REF*6R*00000000001~
AMT*B6*13.5~
LQ*HE*N19~
SVC*HC>87491*65*0*0306*1~
DTM*472*20220114~
CAS*CO*45*6.5~
CAS*PR*1*58.5~
REF*6R*00000000002~
AMT*B6*58.5~
SVC*HC>87591*65*0*0306*1~
DTM*472*20220114~
CAS*CO*45*6.5~
CAS*PR*1*58.5~
REF*6R*00000000003~
AMT*B6*58.5~
SVC*HC>87661*65*0*0306*1~
DTM*472*20220114~
CAS*CO*45*6.5~
CAS*PR*1*58.5~
REF*6R*00000000004~
AMT*B6*58.5~
SVC*HC>87389*48*43.2*0306*1~
DTM*472*20220114~
CAS*CO*45*4.8~
REF*6R*00000000005~
AMT*B6*43.2~
CLP*H960100378900*1*938.93*845.04**12*EQ36W0BXM0000*13*1~
NM1*QC*1*QUINN*MELISSA*DIANE~
NM1*IL*1*QUINN*RODNEY*HOWARD***MI*W179752283~
NM1*82*2*BRONSON SOUTH HAVEN HOSPITAL*****XX*1346275856~
REF*1L*0863124-019-00651-BB~
REF*CE*Aetna HealthFund  Open Choice  PPO NET 04632~
DTM*232*20220113~
DTM*233*20220113~
DTM*050*20220117~
PER*CX**TE*8886323862~
AMT*AU*938.93~
SVC*HC>77080*531*477.9*0320*1~
DTM*472*20220113~
CAS*CO*45*53.1~
REF*6R*00000000001~
AMT*B6*477.9~
SVC*HC>77067*407.93*367.14*0403*1~
DTM*472*20220113~
CAS*CO*45*40.79~
REF*6R*00000000002~
AMT*B6*367.14~
CLP*H960100447700*1*392.35*0*353.12*12*EQ36W00030000*13*1~
NM1*QC*1*STURM*GARY*ADOLPH***MI*W154510190~
NM1*82*2*BRONSON SOUTH HAVEN HOSPITAL*****XX*1346275856~
REF*1L*0100655-019-00613-DJ~
REF*CE*Open Choice NET 04632~
DTM*232*20220114~
DTM*233*20220114~
DTM*050*20220118~
PER*CX**TE*8886323862~
AMT*AU*392.35~
SVC*HC>73564>LT*392.35*0*0320*1~
DTM*472*20220114~
CAS*CO*45*39.23~
CAS*PR*1*353.12~
REF*6R*00000000001~
AMT*B6*353.12~
CLP*H960100263800*1*507.14*456.43**12*ERFCW28XQ0000*13*1~
NM1*QC*1*SODERQUIST*JULIE*ANN***MI*W461992815~
NM1*82*2*BRONSON SOUTH HAVEN HOSPITAL*****XX*1346275856~
REF*1L*0100655-019-00613-DJ~
REF*CE*Open Choice NET 04632~
DTM*232*20220114~
DTM*233*20220114~
DTM*050*20220118~
PER*CX**TE*8886323862~
AMT*AU*507.14~
SVC*HC>77067*407.93*367.14*0403*1~
DTM*472*20220114~
CAS*CO*45*40.79~
REF*6R*00000000001~
AMT*B6*367.14~
SVC*HC>77063*99.21*89.29*0403*1~
DTM*472*20220114~
CAS*CO*45*9.92~
REF*6R*00000000002~
AMT*B6*89.29~
CLP*H960100319800*1*272.22*245**13*ERNRW0B430000*13*1~
NM1*QC*1*CONWAY*PATRICK*SEAN***MI*W262889719~
NM1*82*2*BRONSON SOUTH HAVEN HOSPITAL*****XX*1346275856~
REF*1L*0868822-013-00119-OE~
REF*CE*Aetna Choice  POS II NET 04633~
DTM*232*20220113~
DTM*233*20220113~
DTM*050*20220117~
PER*CX**TE*8886323862~
AMT*AU*272.22~
SVC*HC>36415*15*13.5*0300*1~
DTM*472*20220113~
CAS*CO*45*1.5~
REF*6R*00000000001~
AMT*B6*13.5~
SVC*HC>80061*50*45*0301*1~
DTM*472*20220113~
CAS*CO*45*5~
REF*6R*00000000002~
AMT*B6*45~
SVC*HC>84443*45*40.5*0301*1~
DTM*472*20220113~
CAS*CO*45*4.5~
REF*6R*00000000003~
AMT*B6*40.5~
SVC*HC>80053*37.65*33.89*0301*1~
DTM*472*20220113~
CAS*CO*45*3.76~
REF*6R*00000000004~
AMT*B6*33.89~
SVC*HC>86803*47.31*42.58*0302*1~
DTM*472*20220113~
CAS*CO*45*4.73~
REF*6R*00000000005~
AMT*B6*42.58~
SVC*HC>85025*29.26*26.33*0305*1~
DTM*472*20220113~
CAS*CO*45*2.93~
REF*6R*00000000006~
AMT*B6*26.33~
SVC*HC>87389*48*43.2*0306*1~
DTM*472*20220113~
CAS*CO*45*4.8~
REF*6R*00000000007~
AMT*B6*43.2~
CLP*H960100177300*1*158.61*129.25**13*ERWZWZQ0K0000*13*1~
NM1*QC*1*MIRELES*LANDON*JAMES~
NM1*IL*1*MIRELES*LOGAN****MI*W265293653~
NM1*82*2*BRONSON SOUTH HAVEN HOSPITAL*****XX*1346275856~
REF*1L*0144229-010-00006- K~
REF*CE*Aetna HealthFund  Aetna Choice  POS II NET 04633~
DTM*232*20220111~
DTM*233*20220111~
DTM*050*20220117~
PER*CX**TE*8886323862~
AMT*AU*158.61~
SVC*HC>36415*15*0*0300*0**1~
DTM*472*20220111~
CAS*CO*97*15*1~
REF*6R*00000000001~
AMT*B6*13.5~
LQ*HE*N19~
SVC*HC>80061*50*45*0301*1~
DTM*472*20220111~
CAS*CO*45*5~
REF*6R*00000000002~
AMT*B6*45~
SVC*HC>84443*45*40.5*0301*1~
DTM*472*20220111~
CAS*CO*45*4.5~
REF*6R*00000000003~
AMT*B6*40.5~
SVC*HC>80048*30.61*27.55*0301*1~
DTM*472*20220111~
CAS*CO*45*3.06~
REF*6R*00000000004~
AMT*B6*27.55~
SVC*HC>85027*18*16.2*0305*1~
DTM*472*20220111~
CAS*CO*45*1.8~
REF*6R*00000000005~
AMT*B6*16.2~
CLP*H960100475700*1*74.87*0*67.38*12*ER58W290Z0000*13*1~
NM1*QC*1*GAJDA*DOROTHY*SYLVIA***MI*W260007511~
NM1*82*2*BRONSON SOUTH HAVEN HOSPITAL*****XX*1346275856~
REF*1L*0169579-023-00002-AQ~
REF*CE*Open Access Aetna Select  8480 NET 04634~
DTM*232*20220114~
DTM*233*20220114~
DTM*050*20220118~
PER*CX**TE*8886323862~
AMT*AU*74.87~
SVC*HC>36415*15*0*0300*1~
DTM*472*20220114~
CAS*CO*45*1.5~
CAS*PR*1*13.5~
REF*6R*00000000001~
AMT*B6*13.5~
SVC*HC>80048*30.61*0*0301*1~
DTM*472*20220114~
CAS*CO*45*3.06~
CAS*PR*1*27.55~
REF*6R*00000000002~
AMT*B6*27.55~
SVC*HC>85025*29.26*0*0305*1~
DTM*472*20220114~
CAS*CO*45*2.93~
CAS*PR*1*26.33~
REF*6R*00000000003~
AMT*B6*26.33~
CLP*H960098980100*2*50*0**15*ESPCVNWNW0000*13*1~
NM1*QC*1*ANDREWS*KARL****MI*9M64UA6NP76~
NM1*74*1******C*W013071546~
NM1*82*2*BRONSON SOUTH HAVEN HOSPITAL*****XX*1346275856~
REF*1L*0608598-040-00042-SE~
REF*CE*Traditional Choice~
DTM*232*20211228~
DTM*233*20211228~
DTM*050*20220118~
PER*CX**TE*8886323862~
AMT*AU*15~
SVC*HC>36415*15*0*0300*0**1~
DTM*472*20211228~
CAS*OA*23*50*2*94*-35*1~
REF*6R*00000000001~
AMT*B6*12.71~
SVC*HC>83036*35*0*0301*1~
DTM*472*20211228~
CAS*CO*45*35~
REF*6R*00000000002~
LQ*HE*N20~
CLP*H960099088500*2*545.66*0**12*ESY1VP8C50000*13*1~
CAS*OA*23*119.35~
CAS*PR*2*-17.9~
NM1*QC*1*NICHOLSON*MILDRED*L***MI*4TJ0PW6DN16~
NM1*74*1**TIMOTHY*W***C*W154464678~
NM1*82*2*BRONSON SOUTH HAVEN HOSPITAL*****XX*1346275856~
REF*1L*0144238-019-00743-RA~
REF*CE*Open Choice NET 04632~
DTM*232*20211229~
DTM*233*20211229~
DTM*050*20220118~
PER*CX**TE*8886323862~
AMT*AU*38.52~
SVC*HC>87086*38.52*101.45*0306*1~
DTM*472*20211229~
CAS*OA*23*426.31**94*-507.14~
CAS*PR*2*17.9~
REF*6R*00000000001~
AMT*B6*119.35~
SVC*HC>77063*99.21*0*0403*1~
DTM*472*20211229~
CAS*CO*97*99.21~
REF*6R*00000000002~
LQ*HE*N20~
SVC*HC>77067*407.93*0*0403*1~
DTM*472*20211229~
CAS*CO*97*407.93~
REF*6R*00000000003~
LQ*HE*N20~
CLP*H960094757900*1*1127.5*903.15**12*EVACVJ3350000*13*2~
NM1*QC*1*WINKEL*TAMMY*MARIA***MI*W154510339~
NM1*82*2*BRONSON SOUTH HAVEN HOSPITAL*****XX*1346275856~
REF*1L*0100655-019-00613-DJ~
REF*CE*Open Choice NET 04632~
DTM*232*20211105~
DTM*233*20211122~
DTM*050*20220112~
PER*CX**TE*8886323862~
AMT*AU*1127.5~
SVC*HC>97110>GP*110*99*0420*1~
DTM*472*20211108~
CAS*CO*59*11~
REF*6R*00000000001~
AMT*B6*99~
LQ*HE*N123~
SVC*HC>97110>GP*110*76.24*0420*1~
DTM*472*20211108~
CAS*CO*59*33.76~
REF*6R*00000000001~
AMT*B6*76.24~
LQ*HE*N123~
SVC*HC>97110>GP*110*99*0420*1~
DTM*472*20211118~
CAS*CO*59*11~
REF*6R*00000000002~
AMT*B6*99~
LQ*HE*N123~
SVC*HC>97110*110*76.24*0420*1*HC>97110>GP~
DTM*472*20211118~
CAS*CO*59*33.76~
REF*6R*00000000002~
AMT*B6*76.24~
LQ*HE*N123~
SVC*HC>97110*110*99*0420*1*HC>97110>GP>CQ~
DTM*472*20211122~
CAS*CO*59*11~
REF*6R*00000000003~
AMT*B6*99~
LQ*HE*N123~
SVC*HC>97110*110*76.24*0420*1*HC>97110>GP>CQ~
DTM*472*20211122~
CAS*CO*59*33.76~
REF*6R*00000000003~
AMT*B6*76.24~
LQ*HE*N123~
SVC*HC>97140>GP*110*77.34*0420*1~
DTM*472*20211108~
CAS*CO*59*32.66~
REF*6R*00000000004~
AMT*B6*77.34~
SVC*HC>97140>GP*110*77.34*0420*1~
DTM*472*20211118~
CAS*CO*59*32.66~
REF*6R*00000000005~
AMT*B6*77.34~
SVC*HC>97161>GP*247.5*222.75*0424*1~
DTM*472*20211105~
CAS*CO*45*24.75~
REF*6R*00000000006~
AMT*B6*222.75~
CLP*H960099923700*1*186.11*38.25*115.75*12*EVJMVL1WM0000*13*1~
NM1*QC*1*WOLFE*NATHEN*JOHN***MI*W220994388~
NM1*82*2*BRONSON SOUTH HAVEN HOSPITAL*****XX*1346275856~
REF*1L*0100655-019-00663-DJ~
REF*CE*Open Choice NET 04632~
DTM*232*20220108~
DTM*233*20220108~
DTM*050*20220112~
PER*CX**TE*8886323862~
AMT*AU*186.11~
SVC*HC>36415*15*0*0300*0**1~
DTM*472*20220108~
CAS*CO*97*15*1~
REF*6R*00000000001~
AMT*B6*13.5~
LQ*HE*N19~
SVC*HC>84403*83.46*0*0301*1~
DTM*472*20220108~
CAS*CO*45*8.35~
CAS*PR*1*75.11~
REF*6R*00000000002~
AMT*B6*75.11~
SVC*HC>80061*50*38.25*0301*1~
DTM*472*20220108~
CAS*CO*45*5~
CAS*PR*2*6.75~
REF*6R*00000000003~
AMT*B6*45~
SVC*HC>80053*37.65*0*0301*1~
DTM*472*20220108~
CAS*CO*45*3.76~
CAS*PR*1*33.89~
REF*6R*00000000004~
AMT*B6*33.89~
CLP*H960099351100*1*247.36*0*222.62*13*EVJMVL1Y10000*13*1~
NM1*QC*1*MARTINEZ*SILVINO*LORENZORENLEE~
NM1*IL*1*MARTINEZ*FRANCISCO****MI*W263562288~
NM1*82*2*BRONSON SOUTH HAVEN HOSPITAL*****XX*1346275856~
REF*1L*0144229-019-00001-BT~
REF*CE*Aetna HealthFund  Aetna Choice  POS II NET 04633~
DTM*232*20220101~
DTM*233*20220101~
DTM*050*20220112~
PER*CX**TE*8886323862~
AMT*AU*247.36~
SVC*HC>99281*247.36*0*0450*1~
DTM*472*20220101~
CAS*CO*45*24.74~
CAS*PR*1*222.62~
REF*6R*00000000001~
AMT*B6*222.62~
CLP*H960098457600*2*87.65*0**12*E2PCVJJ6L0000*13*1~
CAS*OA*23*23.27~
CAS*PR*2*-23.27~
NM1*QC*1*NICHOLSON*TIMOTHY*W***MI*3DE5NP2EW89~
NM1*74*1******C*W154464678~
NM1*82*2*BRONSON SOUTH HAVEN HOSPITAL*****XX*1346275856~
REF*1L*0144238-019-00743-RA~
REF*CE*Open Choice NET 04632~
DTM*232*20211221~
DTM*233*20211221~
DTM*050*20220112~
PER*CX**TE*8886323862~
AMT*AU*15~
SVC*HC>36415*15*0*0300*1~
DTM*472*20211221~
CAS*OA*23*64.38**94*-72.65~
CAS*PR*1*23.27~
REF*6R*00000000001~
AMT*B6*23.27~
SVC*HC>80053*37.65*0*0301*1~
DTM*472*20211221~
CAS*CO*97*37.65~
REF*6R*00000000002~
LQ*HE*N20~
SVC*HC>83036*35*0*0301*1~
DTM*472*20211221~
CAS*CO*97*35~
REF*6R*00000000003~
LQ*HE*N20~
CLP*H960099697000*1*495.13*445.62**12*E6FCVNL0X0000*13*1~
NM1*QC*1*ROSE*KEVIN*JEFFERY***MI*W154464470~
NM1*82*2*BRONSON SOUTH HAVEN HOSPITAL*****XX*1346275856~
REF*1L*0100655-019-00613-DJ~
REF*CE*Open Choice NET 04632~
DTM*232*20220110~
DTM*233*20220110~
DTM*050*20220114~
PER*CX**TE*8886323862~
AMT*AU*495.13~
SVC*HC>71271*495.13*445.62*0350*1~
DTM*472*20220110~
CAS*CO*45*49.51~
REF*6R*00000000001~
AMT*B6*445.62~
CLP*H960100043400*1*467.13*0*420.42*12*E6PCVN89V0000*13*1~
NM1*QC*1*SHIRLEY*LILY*BELLE~
NM1*IL*1*SHIRLEY*AMY*CORRINE***MI*W179752275~
NM1*82*2*BRONSON SOUTH HAVEN HOSPITAL*****XX*1346275856~
REF*1L*0100655-019-00653-DJ~
REF*CE*Open Choice NET 04632~
DTM*232*20220110~
DTM*233*20220110~
DTM*050*20220114~
PER*CX**TE*8886323862~
AMT*AU*467.13~
SVC*HC>73562>50*467.13*0*0320*1~
DTM*472*20220110~
CAS*CO*45*46.71~
CAS*PR*1*420.42~
REF*6R*00000000001~
AMT*B6*420.42~
CLP*H960099536200*1*494.5*0*431.55*12*E6Y1VPK6C0000*13*1~
NM1*QC*1*CRAWFORD*TIM*ALLEN***MI*W179752278~
NM1*82*2*BRONSON SOUTH HAVEN HOSPITAL*****XX*1346275856~
REF*1L*0100655-019-00953-DJ~
REF*CE*Open Choice NET 04632~
DTM*232*20220104~
DTM*233*20220104~
DTM*050*20220114~
PER*CX**TE*8886323862~
AMT*AU*494.5~
SVC*HC>36415*15*0*0300*0**1~
DTM*472*20220104~
CAS*CO*97*15*1~
REF*6R*00000000001~
AMT*B6*13.5~
LQ*HE*N19~
SVC*HC>83970*226.2*0*0301*1~
DTM*472*20220104~
CAS*CO*45*22.62~
CAS*PR*1*203.58~
REF*6R*00000000002~
AMT*B6*203.58~
SVC*HC>82043*75.4*0*0301*1~
DTM*472*20220104~
CAS*CO*45*7.54~
CAS*PR*1*67.86~
REF*6R*00000000003~
AMT*B6*67.86~
SVC*HC>82306*75*0*0301*1~
DTM*472*20220104~
CAS*CO*45*7.5~
CAS*PR*1*67.5~
REF*6R*00000000004~
AMT*B6*67.5~
SVC*HC>82570*37.9*0*0301*1~
DTM*472*20220104~
CAS*CO*45*3.79~
CAS*PR*1*34.11~
REF*6R*00000000005~
AMT*B6*34.11~
SVC*HC>80069*34*0*0301*1~
DTM*472*20220104~
CAS*CO*45*3.4~
CAS*PR*1*30.6~
REF*6R*00000000006~
AMT*B6*30.6~
SVC*HC>85018*31*0*0305*1~
DTM*472*20220104~
CAS*CO*45*3.1~
CAS*PR*1*27.9~
REF*6R*00000000007~
AMT*B6*27.9~
CLP*H960099106200*1*195.31*85.78*76.5*13*E7ACVLRLQ0000*13*1~
NM1*QC*1*PARDUE*HARRELL*K***MI*W255417895~
NM1*82*2*BRONSON SOUTH HAVEN HOSPITAL*****XX*1346275856~
REF*1L*0141086-010-00704- F~
REF*CE*Aetna Choice  POS II NET 04633~
DTM*232*20220107~
DTM*233*20220107~
DTM*050*20220114~
PER*CX**TE*8886323862~
AMT*AU*195.31~
SVC*HC>36415*15*0*0300*0**1~
DTM*472*20220107~
CAS*CO*97*15*1~
REF*6R*00000000001~
AMT*B6*13.5~
LQ*HE*N19~
SVC*HC>80061*50*0*0301*1~
DTM*472*20220107~
CAS*CO*45*5~
CAS*PR*1*45~
REF*6R*00000000002~
AMT*B6*45~
SVC*HC>83036*35*0*0301*1~
DTM*472*20220107~
CAS*CO*45*3.5~
CAS*PR*1*31.5~
REF*6R*00000000003~
AMT*B6*31.5~
SVC*HC>86803*47.31*42.58*0302*1~
DTM*472*20220107~
CAS*CO*45*4.73~
REF*6R*00000000004~
AMT*B6*42.58~
SVC*HC>87389*48*43.2*0306*1~
DTM*472*20220107~
CAS*CO*45*4.8~
REF*6R*00000000005~
AMT*B6*43.2~
CLP*H960083819701*1*12321.34*8118.99**12*E7JMVN5JF0000*13*1~
NM1*QC*1*VANWAGNER*COLLEEN****MI*W263288183~
NM1*82*2*BRONSON SOUTH HAVEN HOSPITAL*****XX*1346275856~
REF*1L*0144234-019-00711- B~
REF*CE*Aetna HealthFund  Open Choice  PPO NET 04632~
DTM*232*20210525~
DTM*233*20210525~
DTM*050*20220114~
PER*CX**TE*8886323862~
AMT*AU*9021.1~
SVC*HC>71045>59*260.4*234.36*0324*1~
DTM*472*20210525~
CAS*CO*45*26.04~
REF*6R*00000000001~
AMT*B6*234.36~
SVC*HC>71045>59>76*260.4*234.36*0324*1~
DTM*472*20210525~
CAS*CO*45*26.04~
REF*6R*00000000002~
AMT*B6*234.36~
SVC*HC>32556*2158.2*1942.38*0450*2~
DTM*472*20210525~
CAS*CO*45*215.82~
REF*6R*00000000004~
AMT*B6*1942.38~
SVC*HC>G0390*5788.17*5209.35*0684*1~
DTM*472*20210525~
CAS*CO*45*578.82~
REF*6R*00000000005~
AMT*B6*5209.35~
SVC*HC>31500*553.93*498.54*0761*1~
DTM*472*20210525~
CAS*CO*45*55.39~
REF*6R*00000000006~
AMT*B6*498.54~
SVC*HC>99291*3300.24*0*0450*0**1~
DTM*472*20210525~
CAS*OA*18*3300.24*1~
REF*6R*00000000003~
SE*926*0389~
ST*835*0390~
BPR*I*332.9*C*ACH*CCP*01*031100209*DA*0000009108*1066033492**01*072000326*DA*955236901*20220124~
TRN*1*822019000267013*1066033492~
REF*EV*XXXXXXXXXXXXXXXXXXXXXXXXXXXXXX~
DTM*405*20220119~
N1*PR*AETNA~
N3*151 FARMINGTON AVENUE~
N4*HARTFORD*CT*06156~
REF*2U*60054~
PER*BL*Provider Service~
N1*PE*BRONSON SOUTH HAVEN HOSPITAL*XX*1346275856~
N3*PO BOX 77000 DEPT 77933~
N4*DETROIT*MI*482772000~
REF*PQ*778300390~
REF*TJ*381676780~
LX*1~
TS3*1346275856*22*20221231*1*384.88~
CLP*H960100375300*1*384.88*332.9**13*ERFCW2LTB0000*13*1~
NM1*QC*1*EVANS*AMBER*MARIE~
NM1*IL*1*EVANS*JOSHUA****MI*W252993165~
NM1*82*2*BRONSON SOUTH HAVEN HOSPITAL*****XX*1346275856~
REF*1L*0733402-010-00711-GM~
REF*CE*Aetna Open Access  Managed Choice NET 04633~
DTM*232*20220113~
DTM*233*20220113~
DTM*050*20220117~
PER*CX**TE*8886323862~
AMT*AU*384.88~
SVC*HC>36415*15*0*0300*0**1~
DTM*472*20220113~
CAS*CO*97*15*1~
REF*6R*00000000001~
AMT*B6*13.5~
LQ*HE*N19~
SVC*HC>80061*50*45*0301*1~
DTM*472*20220113~
CAS*CO*45*5~
REF*6R*00000000002~
AMT*B6*45~
SVC*HC>80053*37.65*33.89*0301*1~
DTM*472*20220113~
CAS*CO*45*3.76~
REF*6R*00000000003~
AMT*B6*33.89~
SVC*HC>83036*35*31.5*0301*1~
DTM*472*20220113~
CAS*CO*45*3.5~
REF*6R*00000000004~
AMT*B6*31.5~
SVC*HC>86140*60.4*54.36*0302*1~
DTM*472*20220113~
CAS*CO*45*6.04~
REF*6R*00000000005~
AMT*B6*54.36~
SVC*HC>86803*47.31*42.58*0302*1~
DTM*472*20220113~
CAS*CO*45*4.73~
REF*6R*00000000006~
AMT*B6*42.58~
SVC*HC>85027*18*16.2*0305*1~
DTM*472*20220113~
CAS*CO*45*1.8~
REF*6R*00000000007~
AMT*B6*16.2~
SVC*HC>85652*15*13.5*0305*1~
DTM*472*20220113~
CAS*CO*45*1.5~
REF*6R*00000000008~
AMT*B6*13.5~
SVC*HC>87389*48*43.2*0306*1~
DTM*472*20220113~
CAS*CO*45*4.8~
REF*6R*00000000009~
AMT*B6*43.2~
SVC*HC>87086*38.52*34.67*0306*1~
DTM*472*20220113~
CAS*CO*45*3.85~
REF*6R*00000000010~
AMT*B6*34.67~
SVC*HC>81001*20*18*0307*1~
DTM*472*20220113~
CAS*CO*45*2~
REF*6R*00000000011~
AMT*B6*18~
SE*85*0390~
ST*835*0391~
BPR*H*0*C*NON************20220119~
TRN*1*922019000267014*1066033492~
REF*EV*XXXXXXXXXXXXXXXXXXXXXXXXXXXXXX~
DTM*405*20220119~
N1*PR*AETNA~
N3*151 FARMINGTON AVENUE~
N4*HARTFORD*CT*06156~
REF*2U*60054~
PER*BL*Provider Service~
N1*PE*BRONSON SOUTH HAVEN HOSPITAL*XX*1346275856~
N3*PO BOX 77000 DEPT 77933~
N4*DETROIT*MI*482772000~
REF*PQ*778300390~
REF*TJ*381676780~
LX*1~
TS3*1346275856*22*20221231*3*362.17~
CLP*P1108337091*2*23*0**13*E3JMVKW1T0000*14*1~
CAS*OA*23*9.71~
NM1*QC*1*BARTOSZEK*BEULAH****MI*4AV3R66AM03~
NM1*74*1******C*W238903992~
NM1*82*2*BRONSON SOUTH HAVEN HOSPITAL*****XX*1346275856~
REF*1L*0285629-012-00001-DB~
REF*CE*Aetna HealthFund  Aetna Choice  POS II NET 04633~
DTM*232*20211215~
DTM*233*20211215~
DTM*050*20220113~
PER*CX**TE*8004107778~
AMT*AU*23~
SVC*HC>83036>QW*23*9.71*0300*1~
DTM*472*20211215~
CAS*OA*23*13.29~
REF*6R*00000000001~
AMT*B6*9.71~
CLP*H960090125803*2*40*0**13*E3TXVJ6WD0000*13*1~
CAS*OA*23*39.05~
NM1*QC*1*HARRISHOLMES*JEAN*M***MI*1EU1R50GX02~
NM1*74*1*HARRIS HOLMES*****C*W238902503~
NM1*82*2*BRONSON SOUTH HAVEN HOSPITAL*****XX*1346275856~
REF*1L*0285629-022-00001-LB~
REF*CE*Aetna HealthFund  Aetna Choice  POS II NET 04633~
DTM*232*20210908~
DTM*233*20210908~
DTM*050*20220113~
PER*CX**TE*8004107778~
AMT*AU*40~
SVC*HC>0013A>PN*40*39.05*0771*1~
DTM*472*20210908~
CAS*OA*23*.95~
REF*6R*00000000001~
AMT*B6*39.05~
CLP*H960098348400*2*299.17*0**13*E4FCVJ6XG0000*13*1~
CAS*OA*23*72.62~
NM1*QC*1*BARTOSZEK*BEULAH****MI*4AV3R66AM03~
NM1*74*1******C*W238903992~
NM1*82*2*BRONSON SOUTH HAVEN HOSPITAL*****XX*1346275856~
REF*1L*0285629-012-00001-DB~
REF*CE*Aetna HealthFund  Aetna Choice  POS II NET 04633~
DTM*232*20211220~
DTM*233*20211220~
DTM*050*20220113~
PER*CX**TE*8004107778~
AMT*AU*15~
SVC*HC>36415*15*72.62*0300*1~
DTM*472*20211220~
CAS*OA*23*226.55**94*-284.17~
REF*6R*00000000001~
AMT*B6*72.62~
SVC*HC>80053*37.65*0*0301*1~
DTM*472*20211220~
CAS*CO*97*37.65~
REF*6R*00000000002~
LQ*HE*N20~
SVC*HC>80061*50*0*0301*1~
DTM*472*20211220~
CAS*CO*97*50~
REF*6R*00000000003~
LQ*HE*N20~
SVC*HC>83540*25*0*0301*1~
DTM*472*20211220~
CAS*CO*97*25~
REF*6R*00000000004~
LQ*HE*N20~
SVC*HC>84443*45*0*0301*1~
DTM*472*20211220~
CAS*CO*97*45~
REF*6R*00000000005~
LQ*HE*N20~
SVC*HC>84466*50*0*0301*1~
DTM*472*20211220~
CAS*CO*97*50~
REF*6R*00000000006~
LQ*HE*N20~
SVC*HC>85027*18*0*0305*1~
DTM*472*20211220~
CAS*CO*97*18~
REF*6R*00000000007~
LQ*HE*N20~
SVC*HC>87086*38.52*0*0306*1~
DTM*472*20211220~
CAS*CO*97*38.52~
REF*6R*00000000008~
LQ*HE*N20~
SVC*HC>81001*20*0*0307*1~
DTM*472*20211220~
CAS*CO*97*20~
REF*6R*00000000009~
LQ*HE*N20~
SE*109*0391~
ST*835*1320~
BPR*I*208.8*C*ACH*CCP*01*031100209*DA*0038865237*1066033492**01*072000326*DA*955236901*20220121~
TRN*1*160118220245356*1066033492~
REF*EV*XXXXXXXXXXXXXXXXXXXXXXXXXXXXXX~
DTM*405*20220119~
N1*PR*AETNA~
N3*151 FARMINGTON AVENUE~
N4*HARTFORD*CT*06156~
REF*2U*60054~
PER*BL*Provider Service~
N1*PE*BRONSON SOUTH HAVEN HOSPITAL*XX*1407072754~
N3*P.O. BOX 77000-DEPT.  77933~
N4*DETROIT*MI*48277~
REF*PQ*778300390~
REF*TJ*381676780~
LX*1~
TS3*1407072754*71*20221231*1*160~
CLP*P1108400401*1*160*208.8**13*211222E511380002*71*1~
NM1*QC*1*SLENTZ*MARIAN****MI*MEBTD1MC~
NM1*82*2*BRONSON SOUTH HAVEN HOSPITAL*****XX*1407072754~
REF*1L*467469-042~
REF*CE*RP ADV PLAN 400~
DTM*232*20211220~
DTM*233*20211220~
DTM*050*20211222~
PER*CX**TE*8006240756~
AMT*AU*160~
SVC*HC>99214>CG*160*208.8*0521*1~
DTM*472*20211220~
CAS*CO*45*-48.8~
REF*6R*00000000001~
AMT*B6*208.8~
LQ*HE*N6~
SE*34*1320~
GE*4*1~
IEA*1*100358959~
