ISA*00*          *00*          *ZZ*133052274      *ZZ*XXXXXXXXXXXXXXX*220119*0250*^*00501*100358959*0*P*>~
GS*HP*133052274*XX*20220119*0250*1*X*005010X221A1~
ST*835*0264~
BPR*I*4479.15*C*ACH*CCP*01*011900445*DA*0000009046*1066033492**01*044204370*DA*0522821*20220124~
TRN*1*822019000261019*1066033492~
REF*EV*XXXXXXXXXXXXXXXXXXXXXXXXXXXXXX~
DTM*405*20220119~
N1*PR*AETNA~
N3*151 FARMINGTON AVENUE~
N4*HARTFORD*CT*06156~
REF*2U*60054~
PER*BL*Provider Service~
N1*PE*PLEASANT VALLEY HOSPITAL*XX*1598975120~
N3*2520 VALLEY DR~
N4*PT PLEASANT*WV*255502031~
REF*PQ*386475530~
REF*TJ*550440086~
LX*1~
TS3*1598975120*11*20221231*12*17489.53~
CLP*VAA4246538*1*6179.19*4204.99*1251.24*15*EDPCWWRZT0000*13*1~
NM1*QC*1*JONES*CINDY*L***MI*W268174687~
NM1*82*2*PLEASANT VALLEY HOSPITAL*****XX*1598975120~
REF*1L*0698493-027-00007-RC~
REF*CE*Traditional Choice NET 02101~
DTM*232*20220106~
DTM*233*20220106~
DTM*050*20220112~
PER*CX**TE*8886323862~
AMT*AU*6179.19~
SVC*NU>0250*10.94*0**1~
DTM*472*20220106~
CAS*CO*45*1.28~
CAS*PR*1*9.66~
REF*6R*MT1.2527195.20220106.1.~
AMT*B6*9.66~
SVC*NU>0250*41.75*0**2~
DTM*472*20220106~
CAS*CO*45*4.88~
CAS*PR*1*36.87~
REF*6R*MT2.2519840.20220106.2.~
AMT*B6*36.87~
SVC*NU>0250*7.12*0**1~
DTM*472*20220106~
CAS*CO*45*.83~
CAS*PR*1*6.29~
REF*6R*MT3.2512840.20220106.3.~
AMT*B6*6.29~
SVC*NU>0250*106.38*0**1~
DTM*472*20220106~
CAS*CO*45*12.45~
CAS*PR*1*93.93~
REF*6R*MT4.2529940.20220106.4.~
AMT*B6*93.93~
SVC*NU>0250*10.94*0**1~
DTM*472*20220106~
CAS*CO*45*1.28~
CAS*PR*1*9.66~
REF*6R*MT5.2527195.20220106.5.~
AMT*B6*9.66~
SVC*NU>0250*30.45*0**1~
DTM*472*20220106~
CAS*CO*45*3.56~
CAS*PR*1*26.89~
REF*6R*MT6.1614335.20220106.6.~
AMT*B6*26.89~
SVC*NU>0258*48.3*20.76**1~
DTM*472*20220106~
CAS*CO*45*5.65~
CAS*PR*1*16.7**2*5.19~
REF*6R*MT7.1613243.20220106.7.~
AMT*B6*42.65~
SVC*HC>26055>F3*4711.35*3328.1*0360*1~
DTM*472*20220106~
CAS*CO*45*551.23~
CAS*PR*2*832.02~
REF*6R*MT8.3600045.20220106.8.~
AMT*B6*4160.12~
SVC*NU>0370*774.9*547.39**1~
DTM*472*20220106~
CAS*CO*45*90.66~
CAS*PR*2*136.85~
REF*6R*MT9.3700170.20220106.9.~
AMT*B6*684.24~
SVC*NU>0710*437.06*308.74**2~
DTM*472*20220106~
CAS*CO*45*51.14~
CAS*PR*2*77.18~
REF*6R*MT10.7100011.20220106.10.~
AMT*B6*385.92~
CLP*VAA4236298*1*1284.15*0*635.1*12*EDY1WWR0Q0000*13*1~
NM1*QC*1*SHANK*WANDA*F***MI*W255787856~
NM1*82*2*PLEASANT VALLEY HOSPITAL*****XX*1598975120~
REF*1L*0701401-031-00003-AA~
REF*CE*Open Choice NET 00238~
DTM*232*20220104~
DTM*233*20220104~
DTM*050*20220112~
PER*CX**TE*8886323862~
AMT*AU*1284.15~
SVC*HC>36415*19.95*0*0300*0**1~
DTM*472*20220104~
CAS*CO*97*19.95*1~
REF*6R*MT1.3000002.20220104.1.~
AMT*B6*17.62~
LQ*HE*N19~
SVC*HC>80053*318.15*0*0301*1~
DTM*472*20220104~
CAS*CO*45*303.48~
CAS*PR*1*14.67~
REF*6R*MT2.3002117.20220104.2.~
AMT*B6*14.67~
SVC*HC>83036*174.3*0*0301*1~
DTM*472*20220104~
CAS*CO*45*160.81~
CAS*PR*1*13.49~
REF*6R*MT3.3004920.20220104.3.~
AMT*B6*13.49~
SVC*HC>85025*96.6*0*0305*1~
DTM*472*20220104~
CAS*CO*45*85.81~
CAS*PR*1*10.79~
REF*6R*MT4.3002720.20220104.4.~
AMT*B6*10.79~
SVC*HC>71046*426.3*0*0324*1~
DTM*472*20220104~
CAS*CO*45*49.88~
CAS*PR*1*376.42~
REF*6R*MT5.3200650.20220104.5.~
AMT*B6*376.42~
SVC*HC>93005*248.85*0*0730*1~
DTM*472*20220104~
CAS*CO*45*29.12~
CAS*PR*1*219.73~
REF*6R*MT6.7300030.20220104.6.~
AMT*B6*219.73~
CLP*VAA4189364*1*1771.35*202.08*281.08*12*EFACWZ4CP0000*13*1~
NM1*QC*1*WARTH*MELISSA*S~
NM1*IL*1*WARTH*BRIAN*J***MI*W068132784~
NM1*82*2*PLEASANT VALLEY HOSPITAL*****XX*1598975120~
REF*1L*0701401-034-00001-AB~
REF*CE*Open Choice NET 00238~
DTM*232*20211230~
DTM*233*20211230~
DTM*050*20220112~
PER*CX**TE*8886323862~
AMT*AU*1771.35~
SVC*HC>36415*19.95*0*0300*0**1~
DTM*472*20211230~
CAS*CO*97*19.95*1~
REF*6R*MT1.3000002.20211230.1.~
AMT*B6*17.62~
LQ*HE*N19~
SVC*HC>80048*158.55*0*0301*1~
DTM*472*20211230~
CAS*CO*45*146.8~
CAS*PR*1*11.75~
REF*6R*MT2.3002070.20211230.2.~
AMT*B6*11.75~
SVC*HC>82607*216.3*0*0301*1~
DTM*472*20211230~
CAS*CO*45*195.36~
CAS*PR*1*20.94~
REF*6R*MT3.3008880.20211230.3.~
AMT*B6*20.94~
SVC*HC>82746*226.8*0*0301*1~
DTM*472*20211230~
CAS*CO*45*206.38~
CAS*PR*1*20.42~
REF*6R*MT4.3004360.20211230.4.~
AMT*B6*20.42~
SVC*HC>83540*111.3*0*0301*1~
DTM*472*20211230~
CAS*CO*45*102.31~
CAS*PR*1*8.99~
REF*6R*MT5.3005480.20211230.5.~
AMT*B6*8.99~
SVC*HC>86038*108.15*0*0302*1~
DTM*472*20211230~
CAS*CO*45*91.36~
CAS*PR*1*16.79~
REF*6R*MT6.3010621.20211230.6.~
AMT*B6*16.79~
SVC*HC>86431*82.95*0*0302*1~
DTM*472*20211230~
CAS*CO*45*78.04~
CAS*PR*1*4.91~
REF*6R*MT7.3016525.20211230.7.~
AMT*B6*4.91~
SVC*HC>85025*96.6*0*0305*1~
DTM*472*20211230~
CAS*CO*45*85.81~
CAS*PR*1*10.79~
REF*6R*MT8.3002720.20211230.8.~
AMT*B6*10.79~
SVC*HC>85379*267.75*0*0305*1~
DTM*472*20211230~
CAS*CO*45*258.93~
CAS*PR*1*8.82~
REF*6R*MT9.3000181.20211230.9.~
AMT*B6*8.82~
SVC*HC>85651*56.7*0*0305*1~
DTM*472*20211230~
CAS*CO*45*53.37~
CAS*PR*1*3.33~
REF*6R*MT10.3007340.20211230.10.~
AMT*B6*3.33~
SVC*HC>71046*426.3*202.08*0324*1~
DTM*472*20211230~
CAS*CO*45*49.88~
CAS*PR*1*138.68**2*35.66~
REF*6R*MT11.3200650.20211230.11.~
AMT*B6*376.42~
CLP*VAA4227050*1*1928.85*0*161.91*13*EFFCWZX5K0000*13*1~
NM1*QC*1*BLAKE*VICKIE*L~
NM1*IL*1*BLAKE*JOHN*W***MI*W226982769~
NM1*82*2*PLEASANT VALLEY HOSPITAL*****XX*1598975120~
REF*1L*0654228-031-00041-KB~
REF*CE*Aetna Choice  POS II NET 00578~
DTM*232*20220103~
DTM*233*20220103~
DTM*050*20220112~
PER*CX**TE*8886323862~
AMT*AU*1928.85~
SVC*HC>36415*19.95*0*0300*0**1~
DTM*472*20220103~
CAS*CO*97*19.95*1~
REF*6R*MT1.3000002.20220103.1.~
AMT*B6*17.62~
LQ*HE*N19~
SVC*HC>80053*318.15*0*0301*1~
DTM*472*20220103~
CAS*CO*45*303.48~
CAS*PR*1*14.67~
REF*6R*MT2.3002117.20220103.2.~
AMT*B6*14.67~
SVC*HC>80061*174.3*0*0301*1~
DTM*472*20220103~
CAS*CO*45*159.55~
CAS*PR*3*14.75~
REF*6R*MT3.3005850.20220103.3.~
AMT*B6*14.75~
SVC*HC>82306*454.65*0*0301*1~
DTM*472*20220103~
CAS*CO*45*413.53~
CAS*PR*1*41.12~
REF*6R*MT4.3012595.20220103.4.~
AMT*B6*41.12~
SVC*HC>82607*216.3*0*0301*1~
DTM*472*20220103~
CAS*CO*45*195.36~
CAS*PR*1*20.94~
REF*6R*MT5.3008880.20220103.5.~
AMT*B6*20.94~
SVC*HC>83036*174.3*0*0301*1~
DTM*472*20220103~
CAS*CO*45*160.81~
CAS*PR*1*13.49~
REF*6R*MT6.3004920.20220103.6.~
AMT*B6*13.49~
SVC*HC>84425*207.9*0*0301*1~
DTM*472*20220103~
CAS*CO*45*189.5~
CAS*PR*1*18.4~
REF*6R*MT7.3008874.20220103.7.~
AMT*B6*18.4~
SVC*HC>84443*191.1*0*0301*1~
DTM*472*20220103~
CAS*CO*45*167.76~
CAS*PR*1*23.34~
REF*6R*MT8.3008000.20220103.8.~
AMT*B6*23.34~
SVC*HC>85025*96.6*0*0305*1~
DTM*472*20220103~
CAS*CO*45*85.81~
CAS*PR*1*10.79~
REF*6R*MT9.3002720.20220103.9.~
AMT*B6*10.79~
SVC*HC>81001*75.6*0*0307*1~
DTM*472*20220103~
CAS*CO*45*71.19~
CAS*PR*1*4.41~
REF*6R*MT10.3008660.20220103.10.~
AMT*B6*4.41~
CLP*VAA3883750*1*868.66*0*767.03*12*EG36WXFH90000*13*1~
NM1*QC*1*DABNEY*JAMES*C~
NM1*IL*1*DABNEY*JAMES****MI*W268133192~
NM1*82*2*PLEASANT VALLEY HOSPITAL*****XX*1598975120~
REF*1L*0701401-034-00001-AA~
REF*CE*Open Choice NET 00238~
DTM*232*20211130~
DTM*233*20211130~
DTM*050*20220111~
PER*CX**TE*8886323862~
AMT*AU*868.66~
SVC*NU>0250*18.02*0**1~
DTM*472*20211130~
CAS*CO*45*2.11~
CAS*PR*1*15.91~
REF*6R*00000000001~
AMT*B6*15.91~
SVC*NU>0250*8.88*0**1~
DTM*472*20211130~
CAS*CO*45*1.04~
CAS*PR*1*7.84~
REF*6R*00000000002~
AMT*B6*7.84~
SVC*HC>99282>25*276.15*0*0450*1~
DTM*472*20211130~
CAS*CO*45*32.31~
CAS*PR*1*243.84~
REF*6R*00000000003~
AMT*B6*243.84~
SVC*HC>12004*369.6*0*0450*1~
DTM*472*20211130~
CAS*CO*45*43.24~
CAS*PR*1*326.36~
REF*6R*00000000004~
AMT*B6*326.36~
SVC*HC>90715*107.81*0*0636*1~
DTM*472*20211130~
CAS*CO*45*12.61~
CAS*PR*1*95.2~
REF*6R*00000000005~
AMT*B6*95.2~
SVC*HC>90471*88.2*0*0771*1~
DTM*472*20211130~
CAS*CO*45*10.32~
CAS*PR*1*77.88~
REF*6R*00000000006~
AMT*B6*77.88~
CLP*VAA3911232*2*226.01*20.77**15*EWFCVPGDW0000*13*1~
CAS*OA*23*83.09~
CAS*PR*2*-20.77~
NM1*QC*1*DIXON*KAREN*J***MI*W162603198~
NM1*82*2*PLEASANT VALLEY HOSPITAL*****XX*1598975120~
REF*1L*0061239-014-00001- T~
REF*CE*Major Medical~
DTM*232*20211203~
DTM*233*20211203~
DTM*050*20220115~
PER*CX**TE*8886323862~
AMT*AU*226.01~
SVC*HC>G0463*226.01*83.09*0510*1~
DTM*472*20211203~
CAS*OA*23*122.15~
CAS*PR*2*20.77~
REF*6R*MT1.G0463.20211203.1.~
AMT*B6*103.86~
CLP*VAA4279508*1*813.75*0*429.91*13*EZJMVMF790000*13*1~
NM1*QC*1*HODGE*VESTIE*M~
NM1*IL*1*HODGE*JERRY****MI*W248654407~
NM1*82*2*PLEASANT VALLEY HOSPITAL*****XX*1598975120~
REF*1L*0865425-010-00052-BB~
REF*CE*Aetna Choice  POS II NET 00578~
DTM*232*20220110~
DTM*233*20220110~
DTM*050*20220118~
PER*CX**TE*8886323862~
AMT*AU*813.75~
SVC*HC>36415*19.95*0*0300*1~
DTM*472*20220110~
CAS*CO*45*2.33~
CAS*PR*1*17.62~
REF*6R*MT1.3000002.20220110.1.~
AMT*B6*17.62~
SVC*HC>84439*176.4*0*0301*1~
DTM*472*20220110~
CAS*CO*45*163.87~
CAS*PR*1*12.53~
REF*6R*MT2.3004420.20220110.2.~
AMT*B6*12.53~
SVC*HC>84443*191.1*0*0301*1~
DTM*472*20220110~
CAS*CO*45*167.76~
CAS*PR*1*23.34~
REF*6R*MT3.3008000.20220110.3.~
AMT*B6*23.34~
SVC*HC>71046*426.3*0*0324*1~
DTM*472*20220110~
CAS*CO*45*49.88~
CAS*PR*1*376.42~
REF*6R*MT4.3200650.20220110.4.~
AMT*B6*376.42~
CLP*VAA4280456*1*183.75*51.31**15*EZ36VMGHQ0000*13*1~
NM1*QC*1*MOORE*DEBBIE*G***MI*W260858183~
NM1*74*1**DEBORAH~
NM1*82*2*PLEASANT VALLEY HOSPITAL*****XX*1598975120~
REF*1L*0698493-033-00007- A~
REF*CE*Traditional Choice NET 02101~
DTM*232*20220110~
DTM*233*20220110~
DTM*050*20220118~
PER*CX**TE*8886323862~
AMT*AU*183.75~
SVC*HC>U0002>CR*183.75*51.31*0301*1~
DTM*472*20220110~
CAS*CO*45*132.44~
REF*6R*MT1.3031002.20220110.1.~
AMT*B6*51.31~
CLP*VAA4032284*1*2248.13*0*2248.13*15*E0PCVMJ680000*13*1~
NM1*QC*1*HARDING*THELMA*H***MI*4CM5TT3MV54~
NM1*74*1******C*W155308468~
NM1*82*2*PLEASANT VALLEY HOSPITAL*****XX*1598975120~
REF*1L*0701224-014-00016-GA~
REF*CE*Traditional Choice~
DTM*232*20211214~
DTM*233*20211214~
DTM*036*20171231~
DTM*050*20220118~
PER*CX**TE*8886323862~
AMT*AU*2248.13~
SVC*HC>P9603*8.48*0*0300*0**8~
DTM*472*20211214~
CAS*PR*27*8.48*8~
REF*6R*MT1.OUTMILE.20211214.1.~
AMT*B6*4.24~
LQ*HE*N650~
SVC*HC>36415*19.95*0*0300*0**1~
DTM*472*20211214~
CAS*PR*27*19.95*1~
REF*6R*D6SQ0006873491-2~
AMT*B6*9.98~
LQ*HE*N650~
SVC*HC>80053*318.15*0*0301*0**1~
DTM*472*20211214~
CAS*PR*27*318.15*1~
REF*6R*MT2.3002117.20211214.2.~
AMT*B6*159.08~
LQ*HE*N650~
SVC*HC>80061*174.3*0*0301*0**1~
DTM*472*20211214~
CAS*PR*27*174.3*1~
REF*6R*MT3.3005850.20211214.3.~
AMT*B6*87.15~
LQ*HE*N650~
SVC*HC>82306*454.65*0*0301*0**1~
DTM*472*20211214~
CAS*PR*27*454.65*1~
REF*6R*MT4.3012595.20211214.4.~
AMT*B6*227.33~
LQ*HE*N650~
SVC*HC>82607*216.3*0*0301*0**1~
DTM*472*20211214~
CAS*PR*27*216.3*1~
REF*6R*MT5.3008880.20211214.5.~
AMT*B6*108.15~
LQ*HE*N650~
SVC*HC>82746*226.8*0*0301*0**1~
DTM*472*20211214~
CAS*PR*27*226.8*1~
REF*6R*MT6.3004360.20211214.6.~
AMT*B6*113.4~
LQ*HE*N650~
SVC*HC>83036*174.3*0*0301*0**1~
DTM*472*20211214~
CAS*PR*27*174.3*1~
REF*6R*MT7.3004920.20211214.7.~
AMT*B6*87.15~
LQ*HE*N650~
SVC*HC>83735*191.1*0*0301*0**1~
DTM*472*20211214~
CAS*PR*27*191.1*1~
REF*6R*MT8.3005960.20211214.8.~
AMT*B6*95.55~
LQ*HE*N650~
SVC*HC>84439*176.4*0*0301*0**1~
DTM*472*20211214~
CAS*PR*27*176.4*1~
REF*6R*MT9.3004420.20211214.9.~
AMT*B6*88.2~
LQ*HE*N650~
SVC*HC>84443*191.1*0*0301*0**1~
DTM*472*20211214~
CAS*PR*27*191.1*1~
REF*6R*MT10.3008000.20211214.10.~
AMT*B6*95.55~
LQ*HE*N650~
SVC*HC>85025*96.6*0*0305*0**1~
DTM*472*20211214~
CAS*PR*27*96.6*1~
REF*6R*MT11.3002720.20211214.11.~
AMT*B6*48.3~
LQ*HE*N650~
CLP*VAA3984462*2*280.4*0**15*E7JMVN8080000*13*1~
NM1*QC*1*MARTINO*JOSEPH*T***MI*5JX9EJ5EP47~
NM1*74*1******C*W205086185~
NM1*82*2*PLEASANT VALLEY HOSPITAL*****XX*1598975120~
REF*1L*0866302-012-00001-MR~
REF*CE*Medicare Integration~
DTM*232*20211210~
DTM*233*20211210~
DTM*050*20220115~
PER*CX**TE*8886323862~
AMT*AU*5.3~
SVC*HC>P9603*5.3*0*0300*0**5~
DTM*472*20211210~
CAS*OA*23*280.4*10*94*-275.1*5~
REF*6R*MT2.OUTMILE.20211210.2.~
AMT*B6*24.28~
SVC*HC>36415*19.95*0*0300*1~
DTM*472*20211210~
CAS*CO*45*19.95~
REF*6R*MT1.3000002.20211210.1.~
LQ*HE*N20~
SVC*HC>80048*158.55*0*0301*1~
DTM*472*20211210~
CAS*CO*45*158.55~
REF*6R*MT3.3002070.20211210.3.~
LQ*HE*N20~
SVC*HC>85025*96.6*0*0305*1~
DTM*472*20211210~
CAS*CO*45*96.6~
REF*6R*MT4.3002720.20211210.4.~
LQ*HE*N20~
CLP*VAA3950812*1*184.86*0*184.86*15*E8FCVPBB30000*13*1~
NM1*QC*1*VEACH*LADORA*J***MI*1EV9YK3EV21~
NM1*74*1**A*R***C*W197969748~
NM1*82*2*PLEASANT VALLEY HOSPITAL*****XX*1598975120~
REF*1L*0849805-039-00201-DN~
REF*CE*Traditional Choice~
DTM*232*20211027~
DTM*233*20211027~
DTM*036*20140930~
DTM*050*20220115~
PER*CX**TE*8886323862~
AMT*AU*184.86~
SVC*HC>P9603*6.36*0*0300*0**6~
DTM*472*20211027~
CAS*PR*27*6.36*6~
REF*6R*MT2.OUTMILE.20211027.2.~
AMT*B6*3.18~
LQ*HE*N650~
SVC*HC>36415*19.95*0*0300*0**1~
DTM*472*20211027~
CAS*PR*27*19.95*1~
REF*6R*MT1.3000002.20211027.1.~
AMT*B6*9.98~
LQ*HE*N650~
SVC*HC>80048*158.55*0*0301*0**1~
DTM*472*20211027~
CAS*PR*27*158.55*1~
REF*6R*MT3.3002070.20211027.3.~
AMT*B6*79.28~
LQ*HE*N650~
CLP*VAA3887402*2*1520.43*0**15*E8Y1VMMXP0000*13*1~
NM1*QC*1*WILSON*WILLIAM*A***MI*9HJ9HR6AQ10~
NM1*74*1******C*W197879198~
NM1*82*2*PLEASANT VALLEY HOSPITAL*****XX*1598975120~
REF*1L*0849805-039-00201-DN~
REF*CE*Traditional Choice~
DTM*232*20211130~
DTM*233*20211130~
DTM*050*20220115~
PER*CX**TE*8886323862~
AMT*AU*3.18~
SVC*HC>P9603*3.18*0*0300*0**3~
DTM*472*20211130~
CAS*OA*23*1520.43*6*94*-1517.25*3~
REF*6R*MT2.OUTMILE.20211130.2.~
AMT*B6*95.76~
SVC*HC>36415*19.95*0*0300*1~
DTM*472*20211130~
CAS*CO*45*19.95~
REF*6R*MT1.3000002.20211130.1.~
LQ*HE*N20~
SVC*HC>80053*318.15*0*0301*1~
DTM*472*20211130~
CAS*CO*45*318.15~
REF*6R*MT3.3002117.20211130.3.~
LQ*HE*N20~
SVC*HC>80061*174.3*0*0301*1~
DTM*472*20211130~
CAS*CO*45*174.3~
REF*6R*MT4.3005850.20211130.4.~
LQ*HE*N20~
SVC*HC>82607*216.3*0*0301*1~
DTM*472*20211130~
CAS*CO*45*216.3~
REF*6R*MT5.3008880.20211130.5.~
LQ*HE*N20~
SVC*HC>82746*226.8*0*0301*1~
DTM*472*20211130~
CAS*CO*45*226.8~
REF*6R*MT6.3004360.20211130.6.~
LQ*HE*N20~
SVC*HC>83540*111.3*0*0301*1~
DTM*472*20211130~
CAS*CO*45*111.3~
REF*6R*MT7.3005480.20211130.7.~
LQ*HE*N20~
SVC*HC>83550*182.7*0*0301*1~
DTM*472*20211130~
CAS*CO*45*182.7~
REF*6R*MT8.3005460.20211130.8.~
LQ*HE*N20~
SVC*HC>84443*191.1*0*0301*1~
DTM*472*20211130~
CAS*CO*45*191.1~
REF*6R*MT9.3008000.20211130.9.~
LQ*HE*N20~
SVC*HC>85045*76.65*0*0305*1~
DTM*472*20211130~
CAS*CO*45*76.65~
REF*6R*MT10.3007185.20211130.10.~
LQ*HE*N20~
SE*604*0264~
ST*835*0265~
BPR*H*0*C*NON************20220119~
TRN*1*922019000261017*1066033492~
REF*EV*XXXXXXXXXXXXXXXXXXXXXXXXXXXXXX~
DTM*405*20220119~
N1*PR*AETNA~
N3*151 FARMINGTON AVENUE~
N4*HARTFORD*CT*06156~
REF*2U*60054~
PER*BL*Provider Service~
N1*PE*PLEASANT VALLEY HOSPITAL*XX*1598975120~
N3*2520 VALLEY DR~
N4*PT PLEASANT*WV*255502031~
REF*PQ*386475530~
REF*TJ*550440086~
LX*1~
TS3*1598975120*22*20221231*3*1376.55~
CLP*VAA4058248*2*215.25*0**13*E0Y1VMKXC0000*13*1~
CAS*OA*23*12.73~
NM1*QC*1*SMITH*ESTHER*P***MI*8H68HC0HT39~
NM1*74*1**SCOTTIE*H***C*W239341186~
NM1*82*2*PLEASANT VALLEY HOSPITAL*****XX*1598975120~
REF*1L*0285631-014-00003-AI~
REF*CE*Aetna HealthFund  Aetna Choice  POS II NET 00578~
DTM*232*20211217~
DTM*233*20211217~
DTM*050*20220118~
PER*CX**TE*8006388432~
AMT*AU*158.55~
SVC*HC>80048*158.55*12.73*0301*1~
DTM*472*20211217~
CAS*OA*23*202.52**94*-56.7~
REF*6R*MT1.3002070.20211217.1.~
AMT*B6*12.73~
SVC*HC>85651*56.7*0*0305*1~
DTM*472*20211217~
CAS*CO*97*56.7~
REF*6R*MT2.3007340.20211217.2.~
LQ*HE*N20~
CLP*VAA3983500*2*158.55*0**13*E9ACVGCJT0000*13*1~
CAS*OA*23*8.46~
NM1*QC*1*SMITH*ESTHER*P***MI*8H68HC0HT39~
NM1*74*1**SCOTTIE*H***C*W239341186~
NM1*82*2*PLEASANT VALLEY HOSPITAL*****XX*1598975120~
REF*1L*0285631-014-00003-AI~
REF*CE*Aetna HealthFund  Aetna Choice  POS II NET 00578~
DTM*232*20211210~
DTM*233*20211210~
DTM*050*20220115~
PER*CX**TE*8006388432~
AMT*AU*158.55~
SVC*HC>80048*158.55*8.46*0301*1~
DTM*472*20211210~
CAS*OA*23*150.09~
REF*6R*MT1.3002070.20211210.1.~
AMT*B6*8.46~
CLP*VAA3943828*2*1002.75*0**13*E903VF5Q30000*13*1~
CAS*OA*23*47.05~
NM1*QC*1*SMITH*ESTHER*P***MI*8H68HC0HT39~
NM1*74*1**SCOTTIE*H***C*W239341186~
NM1*82*2*PLEASANT VALLEY HOSPITAL*****XX*1598975120~
REF*1L*0285631-014-00003-AI~
REF*CE*Aetna HealthFund  Aetna Choice  POS II NET 00578~
DTM*232*20211206~
DTM*233*20211206~
DTM*050*20220115~
PER*CX**TE*8006388432~
AMT*AU*318.15~
SVC*HC>80053*318.15*47.05*0301*1~
DTM*472*20211206~
CAS*OA*23*955.7**94*-684.6~
REF*6R*MT1.3002117.20211206.1.~
AMT*B6*47.05~
SVC*HC>82550*142.8*0*0301*1~
DTM*472*20211206~
CAS*CO*97*142.8~
REF*6R*MT2.3002780.20211206.2.~
LQ*HE*N20~
SVC*HC>83735*191.1*0*0301*1~
DTM*472*20211206~
CAS*CO*97*191.1~
REF*6R*MT3.3005960.20211206.3.~
LQ*HE*N20~
SVC*HC>85025*96.6*0*0305*1~
DTM*472*20211206~
CAS*CO*97*96.6~
REF*6R*MT4.3002720.20211206.4.~
LQ*HE*N20~
SVC*HC>85651*56.7*0*0305*1~
DTM*472*20211206~
CAS*CO*97*56.7~
REF*6R*MT5.3007340.20211206.5.~
LQ*HE*N20~
SVC*HC>87086*121.8*0*0306*1~
DTM*472*20211206~
CAS*CO*97*121.8~
REF*6R*MT6.3003540.20211206.6.~
LQ*HE*N20~
SVC*HC>81001*75.6*0*0307*1~
DTM*472*20211206~
CAS*CO*97*75.6~
REF*6R*MT7.3008660.20211206.7.~
LQ*HE*N20~
SE*104*0265~
ST*835*1406~
BPR*I*2292.08*C*ACH*CCP*01*031100209*DA*0038865237*1066033492**01*044204370*DA*0522821*20220121~
TRN*1*160118220238089*1066033492~
REF*EV*XXXXXXXXXXXXXXXXXXXXXXXXXXXXXX~
DTM*405*20220119~
N1*PR*AETNA~
N3*151 FARMINGTON AVENUE~
N4*HARTFORD*CT*06156~
REF*2U*60054~
PER*BL*Provider Service~
N1*PE*PLEASANT VALLEY HOSPITAL*XX*1598975120~
N3*2520 VALLEY DR~
N4*POINT PLEASANT*WV*25550~
REF*PQ*386475530~
REF*TJ*550440086~
LX*1~
TS3*1598975120*13*20221231*7*14313.61~
CLP*VAA3944034*22*-1798.91*0**13*220101E063350002~
NM1*QC*1*DAVIS*TRINA*E***MI*MEBTLZZQ~
NM1*82*2*PLEASANT VALLEY HOSPITAL*****XX*1598975120~
REF*1L*466638-276~
REF*CE*MEDICARE (C01) ESA PPO PLAN NET 02101~
DTM*232*20211206~
DTM*233*20211206~
DTM*050*20220101~
PER*CX**TE*8006240756~
SVC*HC>G0463*-226.01*0*0510*0**1~
DTM*472*20211206~
CAS*PI*16*-226.01*1~
LQ*HE*MA30~
LQ*HE*N694~
SVC*HC>80053*-318.15*0*0301*0**1~
DTM*472*20211206~
CAS*CO*97*-318.15*1~
LQ*HE*N130~
LQ*HE*N694~
SVC*HC>82088*-303.45*0*0301*0**1~
DTM*472*20211206~
CAS*CO*97*-303.45*1~
LQ*HE*N130~
LQ*HE*N694~
SVC*HC>83735*-191.1*0*0301*0**1~
DTM*472*20211206~
CAS*CO*97*-191.1*1~
LQ*HE*N130~
LQ*HE*N694~
SVC*HC>84100*-73.5*0*0301*0**1~
DTM*472*20211206~
CAS*CO*97*-73.5*1~
LQ*HE*N130~
LQ*HE*N694~
SVC*HC>84244*-222.6*0*0301*0**1~
DTM*472*20211206~
CAS*CO*97*-222.6*1~
LQ*HE*N130~
LQ*HE*N694~
SVC*HC>84439*-176.4*0*0301*0**1~
DTM*472*20211206~
CAS*CO*97*-176.4*1~
LQ*HE*N130~
LQ*HE*N694~
SVC*HC>84443*-191.1*0*0301*0**1~
DTM*472*20211206~
CAS*CO*97*-191.1*1~
LQ*HE*N130~
LQ*HE*N694~
SVC*HC>85025*-96.6*0*0305*0**1~
DTM*472*20211206~
CAS*CO*97*-96.6*1~
LQ*HE*N130~
LQ*HE*N694~
CLP*VAA4177808*1*8685.35*1650.75*86.88*13*220111E017370000*13*1~
NM1*QC*1*LOGAN*RAY*H***MI*MEBPN9XG~
NM1*82*2*PLEASANT VALLEY HOSPITAL*****XX*1598975120~
REF*G1*2876983~
REF*1L*467113-070~
REF*CE*GROUP MEDICARE SELECT PLAN NET 04227~
DTM*232*20211230~
DTM*233*20211230~
DTM*050*20220111~
PER*CX**TE*8006240756~
AMT*AU*6489~
SVC*NU>0250*682.96*0**0**1~
DTM*472*20211230~
CAS*CO*97*682.96*1~
REF*6R*MT1.2531251.20211230.1.~
LQ*HE*N130~
SVC*NU>0250*1.42*0**0**1~
DTM*472*20211230~
CAS*CO*97*1.42*1~
REF*6R*MT2.2525240.20211230.2.~
LQ*HE*N130~
SVC*NU>0250*10.05*0**0**1~
DTM*472*20211230~
CAS*CO*97*10.05*1~
REF*6R*MT3.2530995.20211230.3.~
LQ*HE*N130~
SVC*NU>0250*30.15*0**0**1~
DTM*472*20211230~
CAS*CO*97*30.15*1~
REF*6R*MT4.2525320.20211230.4.~
LQ*HE*N130~
SVC*NU>0250*59.26*0**0**2~
DTM*472*20211230~
CAS*CO*97*59.26*2~
REF*6R*MT5.2530850.20211230.5.~
LQ*HE*N130~
SVC*HC>V2632*299.25*0*0276*0**1~
DTM*472*20211230~
CAS*CO*97*299.25*1~
REF*6R*MT6.3635145.20211230.6.~
LQ*HE*M51~
LQ*HE*N130~
SVC*HC>66984>RT*6489*1650.75*0360*1~
DTM*472*20211230~
CAS*CO*B13*80.93**45*4670.44~
CAS*PR*2*86.88~
REF*6R*MT7.3600045.20211230.7.~
AMT*B6*1737.63~
LQ*HE*N59~
SVC*NU>0370*676.2*0**0**1~
DTM*472*20211230~
CAS*CO*97*676.2*1~
REF*6R*MT8.3700160.20211230.8.~
LQ*HE*N130~
SVC*NU>0710*437.06*0**0**2~
DTM*472*20211230~
CAS*CO*97*437.06*2~
REF*6R*MT9.7100011.20211230.9.~
LQ*HE*N130~
CLP*VAA3819934*1*129.07*51.17**13*220114E008760000*13*1~
NM1*QC*1*DEWEESE*WARREN*V***MI*MEBPN9FK~
NM1*82*2*PLEASANT VALLEY HOSPITAL*****XX*1598975120~
REF*1L*467114-118~
REF*CE*GROUP MEDICARE STANDARD PLAN NET 04227~
DTM*232*20211104~
DTM*233*20211104~
DTM*050*20220114~
PER*CX**TE*8006240756~
AMT*AU*129.07~
SVC*HC>90685*40.87*16.18*0636*1~
DTM*472*20211104~
CAS*CO*45*24.69~
REF*6R*MT1.2540140.20211104.1.~
AMT*B6*16.18~
LQ*HE*N59~
SVC*HC>G0008*88.2*34.99*0771*1~
DTM*472*20211104~
CAS*CO*45*53.21~
REF*6R*MT3.7100405.20211104.2.~
AMT*B6*34.99~
LQ*HE*N59~
CLP*VAA4163528*1*5082*321.98**13*220114E058940000*13*1~
NM1*QC*1*CARPENTER JR*RONALD*B***MI*MEBQBN9N~
NM1*82*2*PLEASANT VALLEY HOSPITAL*****XX*1598975120~
REF*1L*467114-344~
REF*CE*GROUP MEDICARE STANDARD PLAN NET 04227~
DTM*232*20211227~
DTM*233*20211227~
DTM*050*20220114~
PER*CX**TE*8006240756~
AMT*AU*3496.5~
SVC*HC>80053*318.15*0*0301*0**1~
DTM*472*20211227~
CAS*CO*97*318.15*1~
REF*6R*MT2.3002117.20211227.2.~
LQ*HE*N130~
SVC*HC>84153*224.7*0*0301*0**1~
DTM*472*20211227~
CAS*CO*97*224.7*1~
REF*6R*MT3.3006860.20211227.3.~
LQ*HE*N130~
SVC*HC>84403*359.1*0*0301*0**1~
DTM*472*20211227~
CAS*CO*97*359.1*1~
REF*6R*MT4.3007820.20211227.4.~
LQ*HE*N130~
SVC*HC>85025*96.6*0*0305*0**1~
DTM*472*20211227~
CAS*CO*97*96.6*1~
REF*6R*MT5.3002720.20211227.5.~
LQ*HE*N130~
SVC*HC>36415*19.95*0*0300*0**1~
DTM*472*20211227~
CAS*CO*97*19.95*1~
REF*6R*MT1.3000002.20211227.1.~
LQ*HE*N130~
SVC*HC>70553*3496.5*321.98*0611*1~
DTM*472*20211227~
CAS*CO*45*3174.52~
REF*6R*MT6.6100190.20211227.6.~
AMT*B6*321.98~
LQ*HE*N59~
SVC*HC>A9579*567*0*0636*0**20~
DTM*472*20211227~
CAS*CO*97*567*20~
REF*6R*MT7.1616549.20211227.7.~
LQ*HE*N130~
CLP*VAA3944034*1*1798.91*0**13*220114E084150000*13*7~
NM1*QC*1*DAVIS*TRINA*E***MI*MEBTLZZQ~
NM1*82*2*PLEASANT VALLEY HOSPITAL*****XX*1598975120~
REF*1L*466638-276~
REF*CE*MEDICARE (C01) ESA PPO PLAN NET 04227~
DTM*232*20211206~
DTM*233*20211206~
DTM*050*20220114~
PER*CX**TE*8006240756~
SVC*HC>G0463>25*226.01*0*0510*0**1~
DTM*472*20211206~
CAS*PI*16*226.01*1~
REF*6R*MT9.G0463.20211206.9.~
LQ*HE*MA30~
LQ*HE*MA67~
SVC*HC>80053*318.15*0*0301*0**1~
DTM*472*20211206~
CAS*CO*97*318.15*1~
REF*6R*MT1.3002117.20211206.1.~
LQ*HE*MA67~
LQ*HE*N130~
SVC*HC>82088*303.45*0*0301*0**1~
DTM*472*20211206~
CAS*CO*97*303.45*1~
REF*6R*MT2.3000460.20211206.2.~
LQ*HE*MA67~
LQ*HE*N130~
SVC*HC>83735*191.1*0*0301*0**1~
DTM*472*20211206~
CAS*CO*97*191.1*1~
REF*6R*MT3.3005960.20211206.3.~
LQ*HE*MA67~
LQ*HE*N130~
SVC*HC>84100*73.5*0*0301*0**1~
DTM*472*20211206~
CAS*CO*97*73.5*1~
REF*6R*MT4.3006600.20211206.4.~
LQ*HE*MA67~
LQ*HE*N130~
SVC*HC>84244*222.6*0*0301*0**1~
DTM*472*20211206~
CAS*CO*97*222.6*1~
REF*6R*MT5.3011605.20211206.5.~
LQ*HE*MA67~
LQ*HE*N130~
SVC*HC>84439*176.4*0*0301*0**1~
DTM*472*20211206~
CAS*CO*97*176.4*1~
REF*6R*MT6.3004420.20211206.6.~
LQ*HE*MA67~
LQ*HE*N130~
SVC*HC>84443*191.1*0*0301*0**1~
DTM*472*20211206~
CAS*CO*97*191.1*1~
REF*6R*MT7.3008000.20211206.7.~
LQ*HE*MA67~
LQ*HE*N130~
SVC*HC>85025*96.6*0*0305*0**1~
DTM*472*20211206~
CAS*CO*97*96.6*1~
REF*6R*MT8.3002720.20211206.8.~
LQ*HE*MA67~
LQ*HE*N130~
CLP*VAA4164136*1*288.12*217.01*11.42*13*220114E109300000*13*1~
NM1*QC*1*CREMEENS*KENNETH*E***MI*MEBPNRGG~
NM1*82*2*PLEASANT VALLEY HOSPITAL*****XX*1598975120~
REF*1L*467113-142~
REF*CE*GROUP MEDICARE SELECT PLAN NET 04227~
DTM*232*20211227~
DTM*233*20211227~
DTM*050*20220114~
PER*CX**TE*8006240756~
AMT*AU*191.84~
SVC*HC>J0702*96.28*0*0636*0**2~
DTM*472*20211227~
CAS*CO*97*96.28*2~
REF*6R*MT2.J0702TC.20211227.2.~
LQ*HE*N130~
SVC*HC>20610*191.84*217.01*0510*1~
DTM*472*20211227~
CAS*CO*45*-36.59~
CAS*PR*2*11.42~
REF*6R*MT1.20610TC.20211227.1.~
AMT*B6*228.43~
LQ*HE*N59~
CLP*VAA3819940*1*129.07*51.17**13*220114E109310000*13*1~
NM1*QC*1*LUCAS*ELFRIEDE****MI*MEBRWW5Q~
NM1*82*2*PLEASANT VALLEY HOSPITAL*****XX*1598975120~
REF*1L*467383-010~
REF*CE*MEDICARE (P01) ESA PPO PLAN NET 04227~
DTM*232*20211104~
DTM*233*20211104~
DTM*050*20220114~
PER*CX**TE*8006240756~
AMT*AU*129.07~
SVC*HC>90685*40.87*16.18*0636*1~
DTM*472*20211104~
CAS*CO*45*24.69~
REF*6R*MT1.2540140.20211104.1.~
AMT*B6*16.18~
LQ*HE*N59~
SVC*HC>G0008*88.2*34.99*0771*1~
DTM*472*20211104~
CAS*CO*45*53.21~
REF*6R*MT3.7100405.20211104.2.~
AMT*B6*34.99~
LQ*HE*N59~
SE*306*1406~
GE*3*1~
IEA*1*100358959~
