ISA*00*          *00*          *ZZ*133052274      *ZZ*XXXXXXXXXXXXXXX*220119*0250*^*00501*100358959*0*P*>~GS*HP*133052274*XX*20220119*0250*1*X*005010X221A1~ST*835*0782~BPR*I*2851.86*C*ACH*CCP*01*011900445*DA*0000009046*1066033492**01*041000124*DA*4007801474*20220124~TRN*1*822019000348102*1066033492~REF*EV*XXXXXXXXXXXXXXXXXXXXXXXXXXXXXX~DTM*405*20220119~N1*PR*AETNA~N3*151 FARMINGTON AVENUE~N4*HARTFORD*CT*06156~REF*2U*60054~PER*BL*Provider Service~N1*PE*MIAMI VALLEY HOSPITAL*XX*1073688354~N3*PO BOX 932699~N4*CLEVELAND*OH*441930014~REF*PQ*120980020~REF*TJ*310537504~LX*1~TS3*1073688354*11*20221231*3*123025.9~CLP*10793682500*1*4301*0*4301*13*E8Y1TS3V40000*13*1~NM1*QC*1*WILDER*ASHLEY*D***MI*W268208899~NM1*74*1*MCCLAIN~NM1*82*2*MIAMI VALLEY HOSPITAL*****XX*1073688354~REF*G1*060680177~REF*1L*0835276-023-00024-UA~REF*CE*Aetna HealthFund  Aetna Choice  POS II NET 01559~DTM*232*20211123~DTM*233*20211123~DTM*050*20211127~PER*CX**TE*8886323862~AMT*AU*4301~SVC*HC>73721>50*4301*0*0614*0**1~DTM*472*20211123~CAS*PR*227*4301*1~REF*6R*MIXP0034628006-1~AMT*B6*4301~LQ*HE*MA04~LQ*HE*N179~CLP*10687497900*1*32979.12*0**13*PDFCVW9BD0000*11*1~NM1*QC*1*KNAPKE*MILA*M~NM1*IL*1*KNAPKE*EMILY****MI*W262373391~NM1*82*2*MIAMI VALLEY HOSPITAL*****XX*1073688354~MIA*0****MA15~REF*G1*059168602~REF*1L*0167531-010-00700- A~REF*CE*Aetna HealthFund  Aetna Choice  POS II NET 08622~DTM*232*20210312~DTM*233*20210316~DTM*050*20210601~PER*CX**TE*8886323862~AMT*AU*32979.12~SVC*NU>0173*26540*0**0**18~DTM*150*20210312~DTM*151*20210316~CAS*PI*226*26540*5~REF*6R*MIXP0032963537-1~AMT*B6*26540~LQ*HE*N26~LQ*HE*N517~SVC*NU>0250*114.69*0**0**19~DTM*150*20210312~DTM*151*20210316~CAS*PI*226*114.69*5~REF*6R*MIXP0032963537-2~AMT*B6*114.69~LQ*HE*N26~LQ*HE*N517~SVC*NU>0270*6.94*0**0**1~DTM*150*20210312~DTM*151*20210316~CAS*PI*226*6.94*1~REF*6R*MIXP0032963537-3~AMT*B6*6.94~LQ*HE*N26~LQ*HE*N517~SVC*NU>0300*20.83*0**0**4~DTM*150*20210312~DTM*151*20210316~CAS*PI*226*20.83*1~REF*6R*MIXP0032963537-4~AMT*B6*20.83~LQ*HE*N26~LQ*HE*N517~SVC*NU>0301*138.33*0**0**13~DTM*150*20210312~DTM*151*20210316~CAS*PI*226*138.33*4~REF*6R*MIXP0032963537-5~AMT*B6*138.33~LQ*HE*N26~LQ*HE*N517~SVC*NU>0305*23.89*0**0**1~DTM*150*20210312~DTM*151*20210316~CAS*PI*226*23.89*1~REF*6R*MIXP0032963537-6~AMT*B6*23.89~LQ*HE*N26~LQ*HE*N517~SVC*NU>0306*19.72*0**0**1~DTM*150*20210312~DTM*151*20210316~CAS*PI*226*19.72*1~REF*6R*MIXP0032963537-7~AMT*B6*19.72~LQ*HE*N26~LQ*HE*N517~SVC*NU>0324*154.44*0**0**1~DTM*150*20210312~DTM*151*20210316~CAS*PI*226*154.44*1~REF*6R*MIXP0032963537-8~AMT*B6*154.44~LQ*HE*N26~LQ*HE*N517~SVC*NU>0410*4213.06*0**0**2~DTM*150*20210312~DTM*151*20210316~CAS*PI*226*4213.06*1~REF*6R*MIXP0032963537-9~AMT*B6*4213.06~LQ*HE*N26~LQ*HE*N517~SVC*NU>0430*166.11*0**0**4~DTM*150*20210312~DTM*151*20210316~CAS*PI*226*166.11*1~REF*6R*MIXP0032963537-10~AMT*B6*166.11~LQ*HE*N26~LQ*HE*N517~SVC*NU>0434*125.28*0**0**1~DTM*150*20210312~DTM*151*20210316~CAS*PI*226*125.28*1~REF*6R*MIXP0032963537-11~AMT*B6*125.28~LQ*HE*N26~LQ*HE*N517~SVC*NU>0720*1432.5*0**0**3~DTM*150*20210312~DTM*151*20210316~CAS*PI*226*1432.5*1~REF*6R*MIXP0032963537-12~AMT*B6*1432.5~LQ*HE*N26~LQ*HE*N517~SVC*NU>0771*23.33*0**0**1~DTM*150*20210312~DTM*151*20210316~CAS*PI*226*23.33*1~REF*6R*MIXP0032963537-13~AMT*B6*23.33~LQ*HE*N26~LQ*HE*N517~CLP*10687497900*1*85745.78*0**13*PDFCVW9BD0001*11*1~NM1*QC*1*KNAPKE*MILA*M~NM1*IL*1*KNAPKE*EMILY****MI*W262373391~NM1*82*2*MIAMI VALLEY HOSPITAL*****XX*1073688354~MIA*0****MA15~REF*G1*059168602~REF*1L*0167531-010-00700- A~REF*CE*Aetna HealthFund  Aetna Choice  POS II NET 08622~DTM*232*20210317~DTM*233*20210330~DTM*050*20210601~PER*CX**TE*8886323862~AMT*AU*85745.78~SVC*NU>0173*69004*0**0**18~DTM*150*20210317~DTM*151*20210329~CAS*PI*226*69004*13~REF*6R*MIXP0032963537-1~AMT*B6*69004~LQ*HE*N26~LQ*HE*N517~SVC*NU>0250*298.21*0**0**19~DTM*150*20210317~DTM*151*20210330~CAS*PI*226*298.21*14~REF*6R*MIXP0032963537-2~AMT*B6*298.21~LQ*HE*N26~LQ*HE*N517~SVC*NU>0270*18.06*0**0**1~DTM*150*20210317~DTM*151*20210330~CAS*PI*226*18.06*1~REF*6R*MIXP0032963537-3~AMT*B6*18.06~LQ*HE*N26~LQ*HE*N517~SVC*NU>0300*54.17*0**0**4~DTM*150*20210317~DTM*151*20210330~CAS*PI*226*54.17*3~REF*6R*MIXP0032963537-4~AMT*B6*54.17~LQ*HE*N26~LQ*HE*N517~SVC*NU>0301*359.67*0**0**13~DTM*150*20210317~DTM*151*20210330~CAS*PI*226*359.67*9~REF*6R*MIXP0032963537-5~AMT*B6*359.67~LQ*HE*N26~LQ*HE*N517~SVC*NU>0305*62.11*0**0**1~DTM*150*20210317~DTM*151*20210330~CAS*PI*226*62.11*1~REF*6R*MIXP0032963537-6~AMT*B6*62.11~LQ*HE*N26~LQ*HE*N517~SVC*NU>0306*51.28*0**0**1~DTM*150*20210317~DTM*151*20210330~CAS*PI*226*51.28*1~REF*6R*MIXP0032963537-7~AMT*B6*51.28~LQ*HE*N26~LQ*HE*N517~SVC*NU>0324*401.56*0**0**1~DTM*150*20210317~DTM*151*20210330~CAS*PI*226*401.56*1~REF*6R*MIXP0032963537-8~AMT*B6*401.56~LQ*HE*N26~LQ*HE*N517~SVC*NU>0410*10953.94*0**0**2~DTM*150*20210317~DTM*151*20210330~CAS*PI*226*10953.94*1~REF*6R*MIXP0032963537-9~AMT*B6*10953.94~LQ*HE*N26~LQ*HE*N517~SVC*NU>0430*431.89*0**0**4~DTM*150*20210317~DTM*151*20210330~CAS*PI*226*431.89*3~REF*6R*MIXP0032963537-10~AMT*B6*431.89~LQ*HE*N26~LQ*HE*N517~SVC*NU>0434*325.72*0**0**1~DTM*150*20210317~DTM*151*20210330~CAS*PI*226*325.72*1~REF*6R*MIXP0032963537-11~AMT*B6*325.72~LQ*HE*N26~LQ*HE*N517~SVC*NU>0720*3724.5*0**0**3~DTM*150*20210317~DTM*151*20210330~CAS*PI*226*3724.5*2~REF*6R*MIXP0032963537-12~AMT*B6*3724.5~LQ*HE*N26~LQ*HE*N517~SVC*NU>0771*60.67*0**0**1~DTM*150*20210317~DTM*151*20210330~CAS*PI*226*60.67*1~REF*6R*MIXP0032963537-13~AMT*B6*60.67~LQ*HE*N26~LQ*HE*N517~LX*2~TS3*1073688354*22*20221231*3*5392.5~CLP*10650258600*22*-32673.45*-10610.67**13*E5TXN2BZ00000*13*1~NM1*QC*1*HILKER*NAOMI*J***MI*W263721100~NM1*82*2*MIAMI VALLEY SOUTH HEALTH CENTER*****XX*1073688354~MOA***MA15~REF*1L*0699924-013-00016-FA~REF*CE*Aetna Choice  POS II NET 05082~DTM*232*20210304~DTM*233*20210304~DTM*050*20210309~PER*CX**TE*8886323862~SVC*HC>28120>LT>52*-12126.5*-3938.08*0360*1*HC>28120>LT~DTM*472*20210304~CAS*CO*45*-6875.73~CAS*PR*2*-1312.69~REF*6R*MIXP0032815053-18~SVC*HC>27650>LT*-12126.5*-3938.08*0360*1~DTM*472*20210304~CAS*CO*45*-6875.73~CAS*PR*2*-1312.69~REF*6R*MIXP0032815053-17~SVC*NU>0250*-10.82*-3.52**20~DTM*472*20210304~CAS*CO*45*-6.13~CAS*PR*2*-1.17~REF*6R*MIXP0032815053-13~SVC*NU>0250*-13.26*-4.3**3~DTM*472*20210304~CAS*CO*45*-7.52~CAS*PR*2*-1.44~REF*6R*MIXP0032815053-12~SVC*NU>0250*-1.15*-.37**2~DTM*472*20210304~CAS*CO*45*-.65~CAS*PR*2*-.13~REF*6R*MIXP0032815053-11~SVC*NU>0250*-10.3*-3.34**30~DTM*472*20210304~CAS*CO*45*-5.84~CAS*PR*2*-1.12~REF*6R*MIXP0032815053-10~SVC*NU>0250*-20.31*-6.59**1~DTM*472*20210304~CAS*CO*45*-11.52~CAS*PR*2*-2.2~REF*6R*MIXP0032815053-9~SVC*NU>0250*-60.64*-19.69**1~DTM*472*20210304~CAS*CO*45*-34.38~CAS*PR*2*-6.57~REF*6R*MIXP0032815053-8~SVC*NU>0250*-314.47*-102.13**8~DTM*472*20210304~CAS*CO*45*-178.3~CAS*PR*2*-34.04~REF*6R*MIXP0032815053-7~SVC*NU>0250*-7.47*-2.42**1~DTM*472*20210304~CAS*CO*45*-4.24~CAS*PR*2*-.81~REF*6R*MIXP0032815053-6~SVC*NU>0250*-7*-2.27**1~DTM*472*20210304~CAS*CO*45*-3.97~CAS*PR*2*-.76~REF*6R*MIXP0032815053-5~SVC*NU>0250*-11.29*-3.67**1~DTM*472*20210304~CAS*CO*45*-6.4~CAS*PR*2*-1.22~REF*6R*MIXP0032815053-4~SVC*NU>0250*-7*-2.27**2~DTM*472*20210304~CAS*CO*45*-3.97~CAS*PR*2*-.76~REF*6R*MIXP0032815053-3~SVC*NU>0250*-20.18*-6.55**6~DTM*472*20210304~CAS*CO*45*-11.44~CAS*PR*2*-2.19~REF*6R*MIXP0032815053-1~SVC*NU>0258*-29.75*-9.66**1~DTM*472*20210304~CAS*CO*45*-16.87~CAS*PR*2*-3.22~REF*6R*MIXP0032815053-14~SVC*NU>0272*-3084.75*-1001.77**2~DTM*472*20210304~CAS*CO*45*-1749.05~CAS*PR*2*-333.93~REF*6R*MIXP0032815053-15~SVC*HC>01472*-4809*-1561.72*0370*1~DTM*472*20210304~CAS*CO*45*-2726.7~CAS*PR*2*-520.58~REF*6R*MIXP0032815053-19~SVC*NU>0250*-13.06*-4.24**1~DTM*472*20210304~CAS*CO*45*-7.41~CAS*PR*2*-1.41~REF*6R*MIXP0032815053-2~CLP*10650258600*1*32673.45*8641.62*2880.59*13*E5TXN2BZ00002*13*1~NM1*QC*1*HILKER*NAOMI*J***MI*W263721100~NM1*82*2*MIAMI VALLEY SOUTH HEALTH CENTER*****XX*1073688354~MOA***MA15~REF*1L*0699924-013-00016-FA~REF*CE*Aetna Choice  POS II NET 05082~REF*F8*E5TXN2BZ00000~DTM*232*20210304~DTM*233*20210304~DTM*050*20210309~PER*CX**TE*8886323862~AMT*AU*32673.45~SVC*HC>28120>LT>52*12126.5*1969.03*0360*1*HC>28120>LT~DTM*472*20210304~CAS*CO*45*9501.12~CAS*PR*2*656.35~REF*6R*MIXP0032815053-18~AMT*B6*2625.38~SVC*HC>27650>LT*12126.5*3938.08*0360*1~DTM*472*20210304~CAS*CO*45*6875.73~CAS*PR*2*1312.69~REF*6R*MIXP0032815053-17~AMT*B6*5250.77~SVC*NU>0250*10.82*3.52**20~DTM*472*20210304~CAS*CO*45*6.13~CAS*PR*2*1.17~REF*6R*MIXP0032815053-13~AMT*B6*4.69~SVC*NU>0250*13.26*4.3**3~DTM*472*20210304~CAS*CO*45*7.52~CAS*PR*2*1.44~REF*6R*MIXP0032815053-12~AMT*B6*5.74~SVC*NU>0250*1.15*.37**2~DTM*472*20210304~CAS*CO*45*.65~CAS*PR*2*.13~REF*6R*MIXP0032815053-11~AMT*B6*.5~SVC*NU>0250*10.3*3.34**30~DTM*472*20210304~CAS*CO*45*5.84~CAS*PR*2*1.12~REF*6R*MIXP0032815053-10~AMT*B6*4.46~SVC*NU>0250*20.31*6.59**1~DTM*472*20210304~CAS*CO*45*11.52~CAS*PR*2*2.2~REF*6R*MIXP0032815053-9~AMT*B6*8.79~SVC*NU>0250*60.64*19.69**1~DTM*472*20210304~CAS*CO*45*34.38~CAS*PR*2*6.57~REF*6R*MIXP0032815053-8~AMT*B6*26.26~SVC*NU>0250*314.47*102.13**8~DTM*472*20210304~CAS*CO*45*178.3~CAS*PR*2*34.04~REF*6R*MIXP0032815053-7~AMT*B6*136.17~SVC*NU>0250*7.47*2.42**1~DTM*472*20210304~CAS*CO*45*4.24~CAS*PR*2*.81~REF*6R*MIXP0032815053-6~AMT*B6*3.23~SVC*NU>0250*7*2.27**1~DTM*472*20210304~CAS*CO*45*3.97~CAS*PR*2*.76~REF*6R*MIXP0032815053-5~AMT*B6*3.03~SVC*NU>0250*11.29*3.67**1~DTM*472*20210304~CAS*CO*45*6.4~CAS*PR*2*1.22~REF*6R*MIXP0032815053-4~AMT*B6*4.89~SVC*NU>0250*7*2.27**2~DTM*472*20210304~CAS*CO*45*3.97~CAS*PR*2*.76~REF*6R*MIXP0032815053-3~AMT*B6*3.03~SVC*NU>0250*20.18*6.55**6~DTM*472*20210304~CAS*CO*45*11.44~CAS*PR*2*2.19~REF*6R*MIXP0032815053-1~AMT*B6*8.74~SVC*NU>0258*29.75*9.66**1~DTM*472*20210304~CAS*CO*45*16.87~CAS*PR*2*3.22~REF*6R*MIXP0032815053-14~AMT*B6*12.88~SVC*NU>0272*3084.75*1001.77**2~DTM*472*20210304~CAS*CO*45*1749.05~CAS*PR*2*333.93~REF*6R*MIXP0032815053-15~AMT*B6*1335.7~SVC*HC>01472*4809*1561.72*0370*1~DTM*472*20210304~CAS*CO*45*2726.7~CAS*PR*2*520.58~REF*6R*MIXP0032815053-19~AMT*B6*2082.3~SVC*NU>0250*13.06*4.24**1~DTM*472*20210304~CAS*CO*45*7.41~CAS*PR*2*1.41~REF*6R*MIXP0032815053-2~AMT*B6*5.65~CLP*10765487201*1*5392.5*4820.9**13*E7JMT650Z0001*13*1~NM1*QC*1*MCINTURF*KRISTIE*L***MI*W247608839~NM1*82*2*MIAMI VALLEY SOUTH HEALTH CENTER*****XX*1073688354~MOA***MA15~REF*1L*0868975-010-00002- A~REF*CE*Aetna Choice  POS II NET 01559~DTM*232*20210924~DTM*233*20210924~DTM*050*20211218~PER*CX**TE*8886323862~AMT*AU*5392.5~SVC*NU>0258*76.5*68.39**3~DTM*472*20210924~CAS*CO*45*8.11~REF*6R*MIXP0034775481-18~AMT*B6*68.39~SVC*NU>0270*252*225.29**2~DTM*472*20210924~CAS*CO*45*26.71~REF*6R*MIXP0034775481-19~AMT*B6*225.29~SVC*HC>01400*3119*2788.39*0370*1~DTM*472*20210924~CAS*CO*45*330.61~REF*6R*MIXP0034775481-21~AMT*B6*2788.39~SVC*NU>0710*1945*1738.83**1~DTM*472*20210924~CAS*CO*45*206.17~REF*6R*MIXP0034775481-22~AMT*B6*1738.83~PLB*1073688354*20221231*CS>E5TXN2BZ00000-10650258600-2021-03-04*-.01*WO>E5TXN2BZ00000-10650258600-2021-03-04*1969.04*CS>E5TXN2BZ00000-10650258600-2021-03-04*-1969.04~SE*525*0782~ST*835*0783~BPR*H*0*C*NON************20220119~TRN*1*922019000348096*1066033492~REF*EV*XXXXXXXXXXXXXXXXXXXXXXXXXXXXXX~DTM*405*20220119~N1*PR*AETNA~N3*151 FARMINGTON AVENUE~N4*HARTFORD*CT*06156~REF*2U*60054~PER*BL*Provider Service~N1*PE*MIAMI VALLEY HOSPITAL*XX*1073688354~N3*PO BOX 932699~N4*CLEVELAND*OH*441930014~REF*PQ*120980020~REF*TJ*310537504~LX*1~TS3*1073688354*23*20221231*2*27280.6~CLP*10760507501*1*24110.6*0**12*E0FCT2D1G0000*13*7~NM1*QC*1*KOPECKY*ANDREW*C~NM1*IL*1*KOPECKY*CASEY*L***MI*W256337760~NM1*82*2*MIAMI VALLEY HOSPITAL*****XX*1073688354~MOA***MA15~REF*1L*0143725-010-00250-CT~REF*CE*Open Choice NET 00156~DTM*232*20210828~DTM*233*20210828~DTM*050*20211215~PER*CX**TE*8886323862~AMT*AU*418.85~SVC*HC>90715*184.38*0*0636*0**1~DTM*472*20210828~CAS*CO*151*184.38*1~REF*6R*MIXP0034751689-28~AMT*B6*184.38~LQ*HE*N362~SVC*NU>0250*234.47*0**0**104~DTM*472*20210828~CAS*CO*151*234.47*104~REF*6R*MIXP0034751689-1~AMT*B6*234.47~LQ*HE*N362~SVC*HC>12052*1621*0*0450*0**1~DTM*472*20210828~CAS*CO*151*1621*1~REF*6R*MIXP0034751689-26~LQ*HE*N362~SVC*HC>99285>25*5145*0*0450*0**1~DTM*472*20210828~CAS*CO*151*5145*1~REF*6R*MIXP0034751689-27~LQ*HE*N362~SVC*NU>0681*5753*0**0**1~DTM*472*20210828~CAS*CO*151*5753*1~REF*6R*MIXP0034751689-29~LQ*HE*N362~SVC*HC>70450*1109*0*0351*0**1~DTM*472*20210828~CAS*CO*151*1109*1~REF*6R*MIXP0034751689-20~LQ*HE*N362~SVC*HC>70486*1109*0*0351*0**1~DTM*472*20210828~CAS*CO*151*1109*1~REF*6R*MIXP0034751689-21~LQ*HE*N362~SVC*HC>71260*1835*0*0352*0**1~DTM*472*20210828~CAS*CO*151*1835*1~REF*6R*MIXP0034751689-22~LQ*HE*N362~SVC*HC>72125*1109*0*0352*0**1~DTM*472*20210828~CAS*CO*151*1109*1~REF*6R*MIXP0034751689-23~LQ*HE*N362~SVC*HC>74177*2695*0*0352*0**1~DTM*472*20210828~CAS*CO*151*2695*1~REF*6R*MIXP0034751689-24~LQ*HE*N362~SVC*HC>76705*1353*0*0402*0**1~DTM*472*20210828~CAS*CO*151*1353*1~REF*6R*MIXP0034751689-25~LQ*HE*N362~SVC*NU>0258*29.75*0**0**1~DTM*472*20210828~CAS*CO*151*29.75*1~REF*6R*MIXP0034751689-2~LQ*HE*N362~SVC*NU>0272*7*0**0**1~DTM*472*20210828~CAS*CO*151*7*1~REF*6R*MIXP0034751689-6~LQ*HE*N362~SVC*NU>0270*28*0**0**1~DTM*472*20210828~CAS*CO*151*28*1~REF*6R*MIXP0034751689-5~LQ*HE*N362~SVC*HC>96360>XU*535*0*0260*0**1~DTM*472*20210828~CAS*CO*151*535*1~REF*6R*MIXP0034751689-3~LQ*HE*N362~SVC*HC>96361>XU*880*0*0260*0**2~DTM*472*20210828~CAS*CO*151*880*2~REF*6R*MIXP0034751689-4~LQ*HE*N362~SVC*HC>36415*21*0*0300*0**1~DTM*472*20210828~CAS*CO*151*21*1~REF*6R*MIXP0034751689-7~LQ*HE*N362~SVC*HC>86850*462*0*0300*0**1~DTM*472*20210828~CAS*CO*151*462*1~REF*6R*MIXP0034751689-8~LQ*HE*N362~CLP*10760507501*1*3170*0**12*E0FCT2D1G0001*13*7~NM1*QC*1*KOPECKY*ANDREW*C~NM1*IL*1*KOPECKY*CASEY*L***MI*W256337760~NM1*82*2*MIAMI VALLEY HOSPITAL*****XX*1073688354~MOA***MA15~REF*1L*0143725-010-00250-CT~REF*CE*Open Choice NET 00156~DTM*232*20210828~DTM*233*20210828~DTM*050*20211215~PER*CX**TE*8886323862~SVC*HC>86900*462*0*0300*0**1~DTM*472*20210828~CAS*CO*151*462*1~REF*6R*MIXP0034751689-9~LQ*HE*N362~SVC*HC>86901*462*0*0300*0**1~DTM*472*20210828~CAS*CO*151*462*1~REF*6R*MIXP0034751689-10~LQ*HE*N362~SVC*HC>71045*556*0*0324*0**1~DTM*472*20210828~CAS*CO*151*556*1~REF*6R*MIXP0034751689-19~LQ*HE*N362~SVC*HC>72170*903*0*0320*0**1~DTM*472*20210828~CAS*CO*151*903*1~REF*6R*MIXP0034751689-18~LQ*HE*N362~SVC*HC>G0480*176*0*0301*0**1~DTM*472*20210828~CAS*CO*231*176*1~REF*6R*MIXP0034751689-11~SVC*HC>80048*66*0*0301*0**1~DTM*472*20210828~CAS*CO*151*66*1~REF*6R*MIXP0034751689-12~LQ*HE*N362~SVC*HC>82803*170*0*0301*0**1~DTM*472*20210828~CAS*CO*151*170*1~REF*6R*MIXP0034751689-13~LQ*HE*N362~SVC*HC>83605*94*0*0301*0**1~DTM*472*20210828~CAS*CO*151*94*1~REF*6R*MIXP0034751689-14~LQ*HE*N362~SVC*HC>85025*86*0*0305*0**1~DTM*472*20210828~CAS*CO*151*86*1~REF*6R*MIXP0034751689-15~LQ*HE*N362~SVC*HC>85610*44*0*0305*0**1~DTM*472*20210828~CAS*CO*151*44*1~REF*6R*MIXP0034751689-16~LQ*HE*N362~SVC*HC>85730*67*0*0305*0**1~DTM*472*20210828~CAS*CO*151*67*1~REF*6R*MIXP0034751689-17~LQ*HE*N362~SVC*HC>90471*84*0*0771*0**1~DTM*472*20210828~CAS*CO*151*84*1~REF*6R*MIXP0034751689-30~LQ*HE*N362~SE*192*0783~ST*835*0784~BPR*I*2576.43*C*ACH*CCP*01*011900445*DA*0000009046*1066033492**01*041000124*DA*4007801474*20220124~TRN*1*822019000348094*1066033492~REF*EV*XXXXXXXXXXXXXXXXXXXXXXXXXXXXXX~DTM*405*20220119~N1*PR*AETNA~N3*151 FARMINGTON AVENUE~N4*HARTFORD*CT*06156~REF*2U*60054~PER*BL*Provider Service~N1*PE*MIAMI VALLEY HOSPITAL*XX*1154502847~N3*PO BOX 932699~N4*CLEVELAND*OH*441930014~REF*PQ*120980020~REF*TJ*310537504~LX*1~TS3*1073688354*23*20221231*1*6642.99~CLP*214-53-49-96*1*6642.99*2576.43*300*13*PFFCWRT3R0000~NM1*QC*1*HUPMAN*RONALD***II*MI*265838797~NM1*82*2*MIAMI VALLEY HOSPITAL*****XX*1073688354~REF*1L*0149223-010-00002- B~REF*CE*Aetna Choice  POS II NET 08622~DTM*232*20210810~DTM*233*20210810~DTM*050*20211223~PER*CX**TE*8886323862~AMT*AU*6642.99~SVC*NU>0250*12.7*0**1~DTM*472*20210810~CAS*CO*45*7.2~CAS*PR*3*5.5~AMT*B6*5.5~SVC*NU>0250*4.29*0**1~DTM*472*20210810~CAS*CO*45*2.43~CAS*PR*3*1.86~AMT*B6*1.86~SVC*HC>36415*21*0*0300*1~DTM*472*20210810~CAS*CO*45*11.91~CAS*PR*3*9.09~AMT*B6*9.09~SVC*HC>80048*66*0*0301*1~DTM*472*20210810~CAS*CO*45*37.42~CAS*PR*3*28.58~AMT*B6*28.58~SVC*HC>80076*43*0*0301*1~DTM*472*20210810~CAS*CO*45*24.38~CAS*PR*3*18.62~AMT*B6*18.62~SVC*HC>83690*60*0*0301*1~DTM*472*20210810~CAS*CO*45*34.02~CAS*PR*3*25.98~AMT*B6*25.98~SVC*HC>84484*86*0*0301*1~DTM*472*20210810~CAS*CO*45*48.76~CAS*PR*3*37.24~AMT*B6*37.24~SVC*HC>84484>91*86*0*0301*1~DTM*472*20210810~CAS*CO*45*48.76~CAS*PR*3*37.24~AMT*B6*37.24~SVC*HC>85025*86*0*0305*1~DTM*472*20210810~CAS*CO*45*48.76~CAS*PR*3*37.24~AMT*B6*37.24~SVC*HC>85379*113*0*0305*1~DTM*472*20210810~CAS*CO*45*64.07~CAS*PR*3*48.93~AMT*B6*48.93~SVC*HC>71045*556*191.03*0324*1~DTM*472*20210810~CAS*CO*45*315.25~CAS*PR*3*49.72~AMT*B6*240.75~SVC*HC>99285>25*5145*2227.79*0450*1~DTM*472*20210810~CAS*CO*45*2917.21~AMT*B6*2227.79~SVC*HC>93005*364*157.61*0730*1~DTM*472*20210810~CAS*CO*45*206.39~AMT*B6*157.61~SE*91*0784~ST*835*1072~BPR*I*68886.47*C*ACH*CCP*01*031100209*DA*0038865237*1066033492**01*041000124*DA*4007801474*20220121~TRN*1*160118220237242*1066033492~REF*EV*XXXXXXXXXXXXXXXXXXXXXXXXXXXXXX~DTM*405*20220119~N1*PR*AETNA~N3*151 FARMINGTON AVENUE~N4*HARTFORD*CT*06156~REF*2U*60054~PER*BL*Provider Service~N1*PE*MIAMI VALLEY HOSPITAL*XX*1073688354~N3*PO BOX 932699~N4*CLEVELAND*OH*44193~REF*PQ*120980020~REF*TJ*310537504~LX*1~TS3*1073688354*11*20221231*15*375772.68~CLP*10655801200*1*15897.06*6270.59**13*220104E285830000*11*7**177*1.8453~NM1*QC*1*ROBERTS*LINDA*L***MI*MEBTTJVK~NM1*82*2*MIAMI VALLEY HOSPITAL*****XX*1073688354~REF*G1*0331863~REF*1L*467514-287~REF*CE*US REPRESENTED RETIREES PLAN NET 03418~DTM*232*20210102~DTM*233*20210105~DTM*050*20220104~PER*CX**TE*8006240756~AMT*AU*7118~SVC*NU>0111*7118*6270.59**2~DTM*150*20210102~DTM*151*20210104~CAS*CO*45*847.41~REF*6R*MIXP0034870509-1~AMT*B6*6270.59~SVC*NU>0450*5145*0**0**1~DTM*150*20210102~DTM*151*20210105~CAS*OA*18*5145*1~REF*6R*MIXP0034870509-14~LQ*HE*MA67~LQ*HE*N522~SVC*NU>0250*637.56*0**0**104~DTM*150*20210102~DTM*151*20210105~CAS*OA*18*637.56*104~REF*6R*MIXP0034870509-2~LQ*HE*MA67~LQ*HE*N522~SVC*NU>0258*59.5*0**0**2~DTM*150*20210102~DTM*151*20210105~CAS*OA*18*59.5*2~REF*6R*MIXP0034870509-3~LQ*HE*MA67~LQ*HE*N522~SVC*NU>0300*63*0**0**3~DTM*150*20210102~DTM*151*20210105~CAS*OA*18*63*3~REF*6R*MIXP0034870509-4~LQ*HE*MA67~LQ*HE*N522~SVC*NU>0301*608*0**0**6~DTM*150*20210102~DTM*151*20210105~CAS*OA*18*608*6~REF*6R*MIXP0034870509-5~LQ*HE*MA67~LQ*HE*N522~SVC*NU>0302*57*0**0**1~DTM*150*20210102~DTM*151*20210105~CAS*OA*18*57*1~REF*6R*MIXP0034870509-6~LQ*HE*MA67~LQ*HE*N522~SVC*NU>0305*243*0**0**3~DTM*150*20210102~DTM*151*20210105~CAS*OA*18*243*3~REF*6R*MIXP0034870509-7~LQ*HE*MA67~LQ*HE*N522~SVC*NU>0306*83*0**0**1~DTM*150*20210102~DTM*151*20210105~CAS*OA*18*83*1~REF*6R*MIXP0034870509-8~LQ*HE*MA67~LQ*HE*N522~SVC*NU>0324*556*0**0**1~DTM*150*20210102~DTM*151*20210105~CAS*OA*18*556*1~REF*6R*MIXP0034870509-9~LQ*HE*MA67~LQ*HE*N522~SVC*NU>0420*211*0**0**1~DTM*150*20210102~DTM*151*20210105~CAS*OA*18*211*1~REF*6R*MIXP0034870509-10~LQ*HE*MA67~LQ*HE*N522~SVC*NU>0424*301*0**0**1~DTM*150*20210102~DTM*151*20210105~CAS*OA*18*301*1~REF*6R*MIXP0034870509-11~LQ*HE*MA67~LQ*HE*N522~SVC*NU>0430*211*0**0**1~DTM*150*20210102~DTM*151*20210105~CAS*OA*18*211*1~REF*6R*MIXP0034870509-12~LQ*HE*MA67~LQ*HE*N522~SVC*NU>0434*240*0**0**1~DTM*150*20210102~DTM*151*20210105~CAS*OA*18*240*1~REF*6R*MIXP0034870509-13~LQ*HE*MA67~LQ*HE*N522~SVC*NU>0730*364*0**0**1~DTM*150*20210102~DTM*151*20210105~CAS*OA*18*364*1~REF*6R*MIXP0034870509-15~LQ*HE*MA67~LQ*HE*N522~CLP*10727571906*1*14.48*0*14.48*13*220104E608140000*13*0~NM1*QC*1*CURTIS*JOE*L***MI*MEBNSH1M~NM1*82*2*MIAMI VALLEY HOSPITAL*****XX*1073688354~REF*G1*1364924~REF*1L*441297-004~REF*CE*MEDICARE (S02) PPO PLAN NET 03418~DTM*232*20210608~DTM*233*20210609~DTM*050*20220104~PER*CX**TE*8006240756~SVC*HC>A9270>GZ*9.27*0*0637*0**5~DTM*472*20210608~CAS*PR*96*9.27*5~REF*6R*MIXP0034845952-1~LQ*HE*N130~SVC*HC>A9270>GZ*5.21*0*0637*0**3~DTM*472*20210609~CAS*PR*96*5.21*3~REF*6R*MIXP0034845952-2~LQ*HE*N130~CLP*10806288100*22*-9288.91*-1208.78**13*220105E182940004~NM1*QC*1*GILLISPIE*ROGER*A***MI*MEBNZ4KB~NM1*82*2*MIAMI VALLEY HOSPITAL*****XX*1073688354~REF*1L*441297-004~REF*CE*MEDICARE (S02) PPO PLAN NET 02101~DTM*232*20211227~DTM*233*20211227~DTM*050*20220105~PER*CX**TE*8006240756~SVC*NU>0250*-9.36*0**0**1~DTM*472*20211227~CAS*CO*97*-9.36*1~LQ*HE*N130~LQ*HE*N694~SVC*NU>0258*-29.75*0**0**1~DTM*472*20211227~CAS*CO*97*-29.75*1~LQ*HE*N130~LQ*HE*N694~SVC*NU>0270*-131*0**0**1~DTM*472*20211227~CAS*CO*97*-131*1~LQ*HE*N130~LQ*HE*N694~SVC*HC>U0002*-61*0*0300*0**1~DTM*472*20211227~CAS*CO*97*-61*1~LQ*HE*N130~LQ*HE*N694~SVC*HC>36415*-21*0*0300*0**1~DTM*472*20211227~CAS*CO*97*-21*1~LQ*HE*N130~LQ*HE*N694~SVC*HC>87070*-59*0*0300*0**1~DTM*472*20211227~CAS*CO*97*-59*1~LQ*HE*N130~LQ*HE*N694~SVC*HC>85049*-50*0*0305*0**1~DTM*472*20211227~CAS*CO*97*-50*1~LQ*HE*N130~LQ*HE*N694~SVC*HC>85610*-44*0*0305*0**1~DTM*472*20211227~CAS*CO*97*-44*1~LQ*HE*N130~LQ*HE*N694~SVC*HC>85730*-67*0*0305*0**1~DTM*472*20211227~CAS*CO*97*-67*1~LQ*HE*N130~LQ*HE*N694~SVC*HC>87075*-65*0*0306*0**1~DTM*472*20211227~CAS*CO*97*-65*1~LQ*HE*N130~LQ*HE*N694~SVC*HC>87205*-29*0*0306*0**1~DTM*472*20211227~CAS*CO*97*-29*1~LQ*HE*N130~LQ*HE*N694~SVC*HC>88305>TC*-329*0*0310*0**1~DTM*472*20211227~CAS*CO*97*-329*1~LQ*HE*N130~LQ*HE*N694~SVC*HC>88312>TC*-329*0*0310*0**1~DTM*472*20211227~CAS*CO*97*-329*1~LQ*HE*N130~LQ*HE*N694~SVC*HC>88312>XS>TC*-658*0*0310*0**1~DTM*472*20211227~CAS*CO*97*-658*2~LQ*HE*N130~LQ*HE*N694~SVC*HC>71045*-556*0*0324*0**1~DTM*472*20211227~CAS*CO*97*-556*1~LQ*HE*N130~LQ*HE*N694~SVC*HC>J2250*-7*0*0636*0**1~DTM*472*20211227~CAS*CO*97*-7*1~LQ*HE*N130~LQ*HE*N694~SVC*HC>J3010*-33.8*0*0636*0**1~DTM*472*20211227~CAS*CO*97*-33.8*1~LQ*HE*N130~LQ*HE*N694~SVC*HC>32408*-6810*-1208.78*0761*1~DTM*472*20211227~CAS*CO*45*-5466.91~CAS*PR*3*-134.31~LQ*HE*N59~LQ*HE*N694~CLP*10812477900*1*89588.35*13897.38*579.06*13*220111E104460000*11*1**286*2.1363~NM1*QC*1*BYRD*MELODIE*A***MI*MEBT5QDS~NM1*82*2*MIAMI VALLEY HOSPITAL*****XX*1073688354~REF*G1*3045317~REF*1L*455716-132~REF*CE*STRS PPO PLAN NET 03418~DTM*232*20211226~DTM*233*20211231~DTM*050*20220111~PER*CX**TE*8006240756~AMT*AU*27775~SVC*NU>0206*27775*13897.38**5~DTM*150*20211226~DTM*151*20211231~CAS*CO*45*13298.56~CAS*PR*2*579.06~REF*6R*MIXP0034914375-1~AMT*B6*14476.44~SVC*HC>93454*3606*0*0480*0**1~DTM*150*20211226~DTM*151*20211231~CAS*CO*97*3606*1~REF*6R*MIXP0034914375-17~LQ*HE*M2~SVC*HC>93454*20824*0*0481*0**1~DTM*150*20211226~DTM*151*20211231~CAS*CO*97*20824*1~REF*6R*MIXP0034914375-18~LQ*HE*M2~SVC*NU>0270*481.18*0**0**5~DTM*150*20211226~DTM*151*20211231~CAS*CO*97*481.18*5~REF*6R*MIXP0034914375-4~LQ*HE*M2~SVC*NU>0272*255.98*0**0**11~DTM*150*20211226~DTM*151*20211231~CAS*CO*97*255.98*11~REF*6R*MIXP0034914375-5~LQ*HE*M2~SVC*NU>0410*10061*0**0**39~DTM*150*20211226~DTM*151*20211231~CAS*CO*97*10061*39~REF*6R*MIXP0034914375-15~LQ*HE*M2~SVC*NU>0450*5145*0**0**1~DTM*150*20211226~DTM*151*20211231~CAS*CO*97*5145*1~REF*6R*MIXP0034914375-16~LQ*HE*M2~SVC*NU>0250*2589.09*0**0**378~DTM*150*20211226~DTM*151*20211231~CAS*CO*97*2589.09*378~REF*6R*MIXP0034914375-2~LQ*HE*M2~SVC*NU>0255*82.1*0**0**220~DTM*150*20211226~DTM*151*20211231~CAS*CO*97*82.1*220~REF*6R*MIXP0034914375-3~LQ*HE*M2~SVC*NU>0300*1036*0**0**7~DTM*150*20211226~DTM*151*20211231~CAS*CO*97*1036*7~REF*6R*MIXP0034914375-6~LQ*HE*M2~SVC*NU>0301*1935*0**0**20~DTM*150*20211226~DTM*151*20211231~CAS*CO*97*1935*20~REF*6R*MIXP0034914375-7~LQ*HE*M2~SVC*NU>0305*230*0**0**3~DTM*150*20211226~DTM*151*20211231~CAS*CO*97*230*3~REF*6R*MIXP0034914375-8~LQ*HE*M2~SVC*NU>0306*3636*0**0**7~DTM*150*20211226~DTM*151*20211231~CAS*CO*97*3636*7~REF*6R*MIXP0034914375-9~LQ*HE*M2~SVC*NU>0307*20*0**0**1~DTM*150*20211226~DTM*151*20211231~CAS*CO*97*20*1~REF*6R*MIXP0034914375-10~LQ*HE*M2~SVC*NU>0324*556*0**0**1~DTM*150*20211226~DTM*151*20211231~CAS*CO*97*556*1~REF*6R*MIXP0034914375-11~LQ*HE*M2~SVC*NU>0341*6749*0**0**1~DTM*150*20211226~DTM*151*20211231~CAS*CO*97*6749*1~REF*6R*MIXP0034914375-12~LQ*HE*M2~SVC*NU>0343*392*0**0**2~DTM*150*20211226~DTM*151*20211231~CAS*CO*97*392*2~REF*6R*MIXP0034914375-13~LQ*HE*M2~SVC*NU>0352*1835*0**0**1~DTM*150*20211226~DTM*151*20211231~CAS*CO*97*1835*1~REF*6R*MIXP0034914375-14~LQ*HE*M2~SVC*NU>0482*1652*0**0**1~DTM*150*20211226~DTM*151*20211231~CAS*CO*97*1652*1~REF*6R*MIXP0034914375-19~LQ*HE*M2~SVC*NU>0730*728*0**0**2~DTM*150*20211226~DTM*151*20211231~CAS*CO*97*728*2~REF*6R*MIXP0034914375-20~LQ*HE*M2~CLP*10809812700*1*106413.39*12631.65*526.32*13*220111E149640000*11*1**657*1.9347~NM1*QC*1*AHERN*STEPHEN*F***MI*MEBKHXYY~NM1*82*2*MIAMI VALLEY HOSPITAL*****XX*1073688354~REF*G1*2981399~REF*1L*455716-132~REF*CE*STRS PPO PLAN NET 03418~DTM*232*20211230~DTM*233*20211231~DTM*050*20220111~PER*CX**TE*8006240756~AMT*AU*3559~SVC*NU>0111*3559*12631.65**1~DTM*150*20211230~DTM*151*20211231~CAS*CO*45*-9598.97~CAS*PR*2*526.32~REF*6R*MIXP0034913288-1~AMT*B6*13157.97~SVC*HC>50546*85702*0*0360*0**1~DTM*150*20211230~DTM*151*20211231~CAS*CO*97*85702*1~REF*6R*MIXP0034913288-11~LQ*HE*M2~SVC*NU>0270*7557.62*0**0**18~DTM*150*20211230~DTM*151*20211231~CAS*CO*97*7557.62*18~REF*6R*MIXP0034913288-4~LQ*HE*M2~SVC*NU>0272*201*0**0**1~DTM*150*20211230~DTM*151*20211231~CAS*CO*97*201*1~REF*6R*MIXP0034913288-5~LQ*HE*M2~SVC*NU>0710*1945*0**0**1~DTM*150*20211230~DTM*151*20211231~CAS*CO*97*1945*1~REF*6R*MIXP0034913288-13~LQ*HE*M2~SVC*NU>0278*233.98*0**0**2~DTM*150*20211230~DTM*151*20211231~CAS*CO*97*233.98*2~REF*6R*MIXP0034913288-6~LQ*HE*M2~SVC*NU>0250*1121.04*0**0**178~DTM*150*20211230~DTM*151*20211231~CAS*CO*97*1121.04*178~REF*6R*MIXP0034913288-2~LQ*HE*M2~SVC*NU>0258*29.75*0**0**1~DTM*150*20211230~DTM*151*20211231~CAS*CO*97*29.75*1~REF*6R*MIXP0034913288-3~LQ*HE*M2~SVC*NU>0300*42*0**0**2~DTM*150*20211230~DTM*151*20211231~CAS*CO*97*42*2~REF*6R*MIXP0034913288-7~LQ*HE*M2~SVC*NU>0301*132*0**0**2~DTM*150*20211230~DTM*151*20211231~CAS*CO*97*132*2~REF*6R*MIXP0034913288-8~LQ*HE*M2~SVC*NU>0305*108*0**0**4~DTM*150*20211230~DTM*151*20211231~CAS*CO*97*108*4~REF*6R*MIXP0034913288-9~LQ*HE*M2~SVC*NU>0310*2230*0**0**2~DTM*150*20211230~DTM*151*20211231~CAS*CO*97*2230*2~REF*6R*MIXP0034913288-10~LQ*HE*M2~SVC*NU>0370*3552*0**0**1~DTM*150*20211230~DTM*151*20211231~CAS*CO*97*3552*1~REF*6R*MIXP0034913288-12~LQ*HE*M2~CLP*10718047708*1*169.06*0**13*220111E254900000*13*0~NM1*QC*1*RINER*JANET*L***MI*MEBSFRBP~NM1*82*2*MIAMI VALLEY HOSPITAL*****XX*1073688354~REF*1L*455716-132~REF*CE*STRS PPO PLAN NET 03418~DTM*232*20210514~DTM*233*20210518~DTM*050*20220111~PER*CX**TE*8006240756~SVC*HC>J9999>GZ*23.32*0*0637*0*HC>A9270>GZ*22~DTM*472*20210514~CAS*CO*97*23.32*22~REF*6R*MIXP0034918780-1~LQ*HE*N19~SVC*HC>J9999>GZ*26.95*0*0637*0*HC>A9270>GZ*24~DTM*472*20210515~CAS*CO*97*26.95*24~REF*6R*MIXP0034918780-2~LQ*HE*N19~SVC*HC>J9999>GZ*40.45*0*0637*0*HC>A9270>GZ*32~DTM*472*20210516~CAS*CO*97*40.45*32~REF*6R*MIXP0034918780-3~LQ*HE*N19~SVC*HC>J9999>GZ*36.12*0*0637*0*HC>A9270>GZ*31~DTM*472*20210517~CAS*CO*97*36.12*31~REF*6R*MIXP0034918780-4~LQ*HE*N19~SVC*HC>J9999>GZ*42.22*0*0637*0*HC>A9270>GZ*20~DTM*472*20210518~CAS*CO*97*42.22*20~REF*6R*MIXP0034918780-5~LQ*HE*N19~CLP*10793611100*22*-392*-23.26**13*211120E168980000*13*1~NM1*QC*1*BROWN*JANICE*M***MI*MEBSFH6D~NM1*82*2*MIAMI VALLEY HOSPITAL*****XX*1073688354~REF*1L*467096-008~REF*CE*VALUE PPO NET 03418~DTM*232*20211116~DTM*233*20211116~DTM*050*20211120~PER*CX**TE*8006240756~SVC*HC>77063*-87*-23.26*0403*1~DTM*472*20211116~CAS*CO*45*-63.74~REF*6R*MIXP0034573875-1~LQ*HE*N59~SVC*HC>77067*-305*0*0403*0**1~DTM*472*20211116~CAS*PR*119*-305*1~REF*6R*MIXP0034573875-2~LQ*HE*N130~CLP*10793611100*1*392*111.57**13*220113C168980000*13*1~NM1*QC*1*BROWN*JANICE*M***MI*MEBSFH6D~NM1*82*2*MIAMI VALLEY HOSPITAL*****XX*1073688354~REF*1L*467096-008~REF*CE*VALUE PPO NET 03418~REF*F8*211120E168980000~DTM*232*20211116~DTM*233*20211116~DTM*050*20220113~PER*CX**TE*8006240756~AMT*AU*392~SVC*HC>77063*87*23.26*0403*1~DTM*472*20211116~CAS*CO*45*63.74~REF*6R*MIXP0034573875-1~AMT*B6*23.26~LQ*HE*N59~SVC*HC>77067*305*88.31*0403*1~DTM*472*20211116~CAS*CO*45*216.69~REF*6R*MIXP0034573875-2~AMT*B6*88.31~LQ*HE*N59~CLP*10809405800*1*21030.57*2227.47*50*13*220113E007460000*13*1~NM1*QC*1*BUNCH*CYNTHIA*L***MI*MEBHSYTF~NM1*82*2*MIAMI VALLEY HOSPITAL*****XX*1073688354~REF*1L*441297-004~REF*CE*MEDICARE (S02) PPO PLAN NET 03418~DTM*232*20211219~DTM*233*20211223~DTM*050*20220113~PER*CX**TE*8006240756~AMT*AU*5446~SVC*NU>0250*18.2*0**0**2~DTM*150*20211219~DTM*151*20211221~CAS*CO*97*18.2*2~REF*6R*MIXP0034928813-1~LQ*HE*N130~SVC*HC>96365*630*0*0260*0**1~DTM*472*20211221~CAS*CO*97*630*1~REF*6R*MIXP0034928813-2~LQ*HE*N130~SVC*NU>0272*7*0**0**1~DTM*472*20211222~CAS*CO*97*7*1~REF*6R*MIXP0034928813-3~LQ*HE*N130~SVC*NU>0272*7*0**0**1~DTM*472*20211223~CAS*CO*97*7*1~REF*6R*MIXP0034928813-4~LQ*HE*N130~SVC*HC>36415*63*0*0300*0**1~DTM*472*20211220~CAS*CO*97*63*1~REF*6R*MIXP0034928813-5~LQ*HE*N130~SVC*HC>80048*66*0*0301*0**1~DTM*472*20211220~CAS*CO*97*66*1~REF*6R*MIXP0034928813-6~LQ*HE*N130~SVC*HC>80048*66*0*0301*0**1~DTM*472*20211221~CAS*CO*97*66*1~REF*6R*MIXP0034928813-7~LQ*HE*N130~SVC*HC>80069*69*0*0301*0**1~DTM*472*20211222~CAS*CO*97*69*1~REF*6R*MIXP0034928813-8~LQ*HE*N130~SVC*HC>83735*50*0*0301*0**1~DTM*472*20211220~CAS*CO*97*50*1~REF*6R*MIXP0034928813-9~LQ*HE*N130~SVC*HC>83735*50*0*0301*0**1~DTM*472*20211221~CAS*CO*97*50*1~REF*6R*MIXP0034928813-10~LQ*HE*N130~SVC*HC>83880*299*0*0301*0**1~DTM*472*20211220~CAS*CO*97*299*1~REF*6R*MIXP0034928813-11~LQ*HE*N130~SVC*HC>84484*86*0*0301*0**1~DTM*472*20211220~CAS*CO*97*86*1~REF*6R*MIXP0034928813-12~LQ*HE*N130~SVC*HC>84484>91*172*0*0301*0**2~DTM*472*20211220~CAS*CO*97*172*2~REF*6R*MIXP0034928813-13~LQ*HE*N130~SVC*HC>85025*86*0*0305*0**1~DTM*472*20211220~CAS*CO*97*86*1~REF*6R*MIXP0034928813-14~LQ*HE*N130~SVC*HC>71045*556*0*0324*0**1~DTM*472*20211220~CAS*CO*97*556*1~REF*6R*MIXP0034928813-15~LQ*HE*N130~SVC*HC>97162>GP*301*48.01*0424*1~DTM*472*20211222~CAS*CO*45*202.99~CAS*PR*3*50~REF*6R*MIXP0034928813-16~AMT*B6*98.01~LQ*HE*N59~SVC*HC>96376*191*0*0450*0**1~DTM*472*20211220~CAS*CO*97*191*1~REF*6R*MIXP0034928813-17~LQ*HE*N130~SVC*HC>96375*711*0*0450*0**3~DTM*472*20211220~CAS*CO*97*711*3~REF*6R*MIXP0034928813-18~LQ*HE*N130~SVC*HC>99285*5145*2179.46*0450*1~DTM*472*20211219~CAS*CO*45*2965.54~REF*6R*MIXP0034928813-19~AMT*B6*2179.46~LQ*HE*N59~SVC*HC>J1815*17.88*0*0636*0**8~DTM*472*20211220~CAS*CO*97*17.88*8~REF*6R*MIXP0034928813-20~LQ*HE*N130~SVC*HC>J1815*14*0*0636*0**2~DTM*472*20211221~CAS*CO*97*14*2~REF*6R*MIXP0034928813-21~LQ*HE*N130~SVC*HC>J1815*21*0*0636*0**3~DTM*472*20211222~CAS*CO*97*21*3~REF*6R*MIXP0034928813-22~LQ*HE*N130~SVC*HC>J1815*7*0*0636*0**2~DTM*472*20211222~CAS*CO*97*7*2~REF*6R*MIXP0034928813-23~LQ*HE*N130~SVC*HC>J1815*7*0*0636*0**1~DTM*472*20211223~CAS*CO*97*7*1~REF*6R*MIXP0034928813-24~LQ*HE*N130~SVC*HC>J1940*21*0*0636*0**6~DTM*472*20211220~CAS*CO*97*21*6~REF*6R*MIXP0034928813-25~LQ*HE*N130~SVC*HC>J1940*14*0*0636*0**4~DTM*472*20211221~CAS*CO*97*14*4~REF*6R*MIXP0034928813-26~LQ*HE*N130~SVC*HC>J1940*21*0*0636*0**5~DTM*472*20211222~CAS*CO*97*21*5~REF*6R*MIXP0034928813-27~LQ*HE*N130~SVC*HC>J1940*7*0*0636*0**2~DTM*472*20211223~CAS*CO*97*7*2~REF*6R*MIXP0034928813-28~LQ*HE*N130~SVC*HC>J2270*10.49*0*0636*0**1~DTM*472*20211220~CAS*CO*97*10.49*1~REF*6R*MIXP0034928813-29~LQ*HE*N130~SVC*HC>J2405*7*0*0636*0**4~DTM*472*20211220~CAS*CO*97*7*4~REF*6R*MIXP0034928813-30~LQ*HE*N130~SVC*HC>93005*364*0*0730*0**1~DTM*472*20211219~CAS*CO*97*364*1~REF*6R*MIXP0034928813-31~LQ*HE*N130~SVC*HC>93005*364*0*0730*0**1~DTM*472*20211220~CAS*CO*97*364*1~REF*6R*MIXP0034928813-32~LQ*HE*N130~SVC*HC>G0378*10154*0*0762*0**82~DTM*472*20211220~CAS*CO*97*10154*82~REF*6R*MIXP0034928813-33~LQ*HE*N130~SVC*HC>96376*204*0*0940*0**1~DTM*472*20211220~CAS*CO*97*204*1~REF*6R*MIXP0034928813-34~LQ*HE*N130~SVC*HC>96376*408*0*0940*0**2~DTM*472*20211221~CAS*CO*97*408*2~REF*6R*MIXP0034928813-35~LQ*HE*N130~SVC*HC>96376*612*0*0940*0**3~DTM*472*20211222~CAS*CO*97*612*3~REF*6R*MIXP0034928813-36~LQ*HE*N130~SVC*HC>96376*204*0*0940*0**1~DTM*472*20211223~CAS*CO*97*204*1~REF*6R*MIXP0034928813-37~LQ*HE*N130~CLP*10813064100*1*99487*29918.21**13*220113E091290000*11*1**025*4.4974~NM1*QC*1*LEE*DAVID*N***MI*MEBTRV3Q~NM1*82*2*MIAMI VALLEY HOSPITAL*****XX*1073688354~REF*G1*3055168~REF*1L*467514-287~REF*CE*US REPRESENTED RETIREES PLAN NET 03418~DTM*232*20211227~DTM*233*20220103~DTM*050*20220113~PER*CX**TE*8006240756~AMT*AU*39329~SVC*NU>0206*39329*29918.21**7~DTM*150*20211227~DTM*151*20220103~CAS*CO*45*9410.79~REF*6R*MIXP0034928533-1~AMT*B6*29918.21~SVC*HC>21344*30553*0*0360*0**1~DTM*150*20211227~DTM*151*20220103~CAS*CO*97*30553*1~REF*6R*MIXP0034928533-13~LQ*HE*M2~SVC*NU>0270*1569*0**0**6~DTM*150*20211227~DTM*151*20220103~CAS*CO*97*1569*6~REF*6R*MIXP0034928533-4~LQ*HE*M2~SVC*NU>0272*2728.25*0**0**16~DTM*150*20211227~DTM*151*20220103~CAS*CO*97*2728.25*16~REF*6R*MIXP0034928533-5~LQ*HE*M2~SVC*NU>0410*2014*0**0**1~DTM*150*20211227~DTM*151*20220103~CAS*CO*97*2014*1~REF*6R*MIXP0034928533-15~LQ*HE*M2~SVC*NU>0450*3146*0**0**1~DTM*150*20211227~DTM*151*20220103~CAS*CO*97*3146*1~REF*6R*MIXP0034928533-20~LQ*HE*M2~SVC*NU>0710*1945*0**0**1~DTM*150*20211227~DTM*151*20220103~CAS*CO*97*1945*1~REF*6R*MIXP0034928533-22~LQ*HE*M2~SVC*NU>0278*1044*0**0**1~DTM*150*20211227~DTM*151*20220103~CAS*CO*97*1044*1~REF*6R*MIXP0034928533-6~LQ*HE*M2~SVC*NU>0250*1082.75*0**0**120~DTM*150*20211227~DTM*151*20220103~CAS*CO*97*1082.75*120~REF*6R*MIXP0034928533-2~LQ*HE*M2~SVC*NU>0258*119*0**0**4~DTM*150*20211227~DTM*151*20220103~CAS*CO*97*119*4~REF*6R*MIXP0034928533-3~LQ*HE*M2~SVC*NU>0300*190*0**0**7~DTM*150*20211227~DTM*151*20220103~CAS*CO*97*190*7~REF*6R*MIXP0034928533-7~LQ*HE*M2~SVC*NU>0301*906*0**0**11~DTM*150*20211227~DTM*151*20220103~CAS*CO*97*906*11~REF*6R*MIXP0034928533-8~LQ*HE*M2~SVC*NU>0305*526*0**0**6~DTM*150*20211227~DTM*151*20220103~CAS*CO*97*526*6~REF*6R*MIXP0034928533-9~LQ*HE*M2~SVC*NU>0324*1668*0**0**3~DTM*150*20211227~DTM*151*20220103~CAS*CO*97*1668*3~REF*6R*MIXP0034928533-10~LQ*HE*M2~SVC*NU>0351*2218*0**0**2~DTM*150*20211227~DTM*151*20220103~CAS*CO*97*2218*2~REF*6R*MIXP0034928533-11~LQ*HE*M2~SVC*NU>0352*1109*0**0**1~DTM*150*20211227~DTM*151*20220103~CAS*CO*97*1109*1~REF*6R*MIXP0034928533-12~LQ*HE*M2~SVC*NU>0370*3119*0**0**1~DTM*150*20211227~DTM*151*20220103~CAS*CO*97*3119*1~REF*6R*MIXP0034928533-14~LQ*HE*M2~SVC*NU>0420*1080*0**0**5~DTM*150*20211227~DTM*151*20220103~CAS*CO*97*1080*5~REF*6R*MIXP0034928533-16~LQ*HE*M2~SVC*NU>0424*480*0**0**1~DTM*150*20211227~DTM*151*20220103~CAS*CO*97*480*1~REF*6R*MIXP0034928533-17~LQ*HE*M2~SVC*NU>0430*211*0**0**1~DTM*150*20211227~DTM*151*20220103~CAS*CO*97*211*1~REF*6R*MIXP0034928533-18~LQ*HE*M2~SVC*NU>0434*451*0**0**1~DTM*150*20211227~DTM*151*20220103~CAS*CO*97*451*1~REF*6R*MIXP0034928533-19~LQ*HE*M2~SVC*NU>0681*674*0**0**1~DTM*150*20211227~DTM*151*20220103~CAS*CO*97*674*1~REF*6R*MIXP0034928533-21~LQ*HE*M2~SVC*NU>0730*728*0**0**2~DTM*150*20211227~DTM*151*20220103~CAS*CO*97*728*2~REF*6R*MIXP0034928533-23~LQ*HE*M2~SVC*NU>0921*2597*0**0**1~DTM*150*20211227~DTM*151*20220103~CAS*CO*97*2597*1~REF*6R*MIXP0034928533-24~LQ*HE*M2~CLP*10806288102*1*10604.91*1208.78*134.31*13*220113E091320000*13*7~NM1*QC*1*GILLISPIE*ROGER*A***MI*MEBNZ4KB~NM1*82*2*MIAMI VALLEY HOSPITAL*****XX*1073688354~REF*1L*441297-004~REF*CE*MEDICARE (S02) PPO PLAN NET 03418~DTM*232*20211227~DTM*233*20211227~DTM*050*20220113~PER*CX**TE*8006240756~AMT*AU*6810~SVC*NU>0250*9.36*0**0**1~DTM*472*20211227~CAS*CO*97*9.36*1~REF*6R*MIXP0034931689-1~LQ*HE*MA67~LQ*HE*N130~SVC*NU>0258*29.75*0**0**1~DTM*472*20211227~CAS*CO*97*29.75*1~REF*6R*MIXP0034931689-2~LQ*HE*MA67~LQ*HE*N130~SVC*NU>0270*131*0**0**1~DTM*472*20211227~CAS*CO*97*131*1~REF*6R*MIXP0034931689-3~LQ*HE*MA67~LQ*HE*N130~SVC*HC>U0002*61*0*0300*0**1~DTM*472*20211227~CAS*CO*97*61*1~REF*6R*MIXP0034931689-4~LQ*HE*MA67~LQ*HE*N130~SVC*HC>36415*21*0*0300*0**1~DTM*472*20211227~CAS*CO*97*21*1~REF*6R*MIXP0034931689-5~LQ*HE*MA67~LQ*HE*N130~SVC*HC>87070*59*0*0300*0**1~DTM*472*20211227~CAS*CO*97*59*1~REF*6R*MIXP0034931689-6~LQ*HE*MA67~LQ*HE*N130~SVC*HC>85049*50*0*0305*0**1~DTM*472*20211227~CAS*CO*97*50*1~REF*6R*MIXP0034931689-7~LQ*HE*MA67~LQ*HE*N130~SVC*HC>85610*44*0*0305*0**1~DTM*472*20211227~CAS*CO*97*44*1~REF*6R*MIXP0034931689-8~LQ*HE*MA67~LQ*HE*N130~SVC*HC>85730*67*0*0305*0**1~DTM*472*20211227~CAS*CO*97*67*1~REF*6R*MIXP0034931689-9~LQ*HE*MA67~LQ*HE*N130~SVC*HC>87075*65*0*0306*0**1~DTM*472*20211227~CAS*CO*97*65*1~REF*6R*MIXP0034931689-10~LQ*HE*MA67~LQ*HE*N130~SVC*HC>87205*29*0*0306*0**1~DTM*472*20211227~CAS*CO*97*29*1~REF*6R*MIXP0034931689-11~LQ*HE*MA67~LQ*HE*N130~SVC*HC>88305>TC*658*0*0310*0**2~DTM*472*20211227~CAS*CO*97*658*2~REF*6R*MIXP0034931689-12~LQ*HE*MA67~LQ*HE*N130~SVC*HC>88312>TC*987*0*0310*0**3~DTM*472*20211227~CAS*CO*97*987*3~REF*6R*MIXP0034931689-13~LQ*HE*MA67~LQ*HE*N130~SVC*HC>88312>XS>TC*658*0*0310*0**2~DTM*472*20211227~CAS*CO*97*658*2~REF*6R*MIXP0034931689-14~LQ*HE*MA67~LQ*HE*N130~SVC*HC>88112>TC*329*0*0311*0**1~DTM*472*20211227~CAS*CO*97*329*1~REF*6R*MIXP0034931689-15~LQ*HE*MA67~LQ*HE*N130~SVC*HC>71045*556*0*0324*0**1~DTM*472*20211227~CAS*CO*97*556*1~REF*6R*MIXP0034931689-16~LQ*HE*MA67~LQ*HE*N130~SVC*HC>J2250*7*0*0636*0**1~DTM*472*20211227~CAS*CO*97*7*1~REF*6R*MIXP0034931689-17~LQ*HE*MA67~LQ*HE*N130~SVC*HC>J3010*33.8*0*0636*0**1~DTM*472*20211227~CAS*CO*97*33.8*1~REF*6R*MIXP0034931689-18~LQ*HE*MA67~LQ*HE*N130~SVC*HC>32408*6810*1208.78*0761*1~DTM*472*20211227~CAS*CO*45*5466.91~CAS*PR*2*134.31~REF*6R*MIXP0034931689-19~AMT*B6*1343.09~LQ*HE*N59~CLP*10811714700*1*337*113.35**13*220114E032670000*13*1~NM1*QC*1*RAMSEY*JAMES*L***MI*MEBD5TRW~NM1*82*2*MIAMI VALLEY HOSPITAL*****XX*1073688354~REF*1L*455716-132~REF*CE*STRS PPO PLAN NET 03418~DTM*232*20211229~DTM*233*20211229~DTM*050*20220114~PER*CX**TE*8006240756~AMT*AU*337~SVC*HC>G0463*337*113.35*0510*1~DTM*472*20211229~CAS*CO*45*223.65~REF*6R*MIXP0034935271-1~AMT*B6*113.35~LQ*HE*N59~CLP*10796700501*1*5772.07*448.41*50*13*220114E058040000*13*1~NM1*QC*1*WILLIAMS*JOSEPHINE*P***MI*MEBN179C~NM1*82*2*MIAMI VALLEY HOSPITAL*****XX*1073688354~REF*1L*467486-040~REF*CE*MEDICARE (S02) PPO PLAN NET 03418~DTM*232*20211122~DTM*233*20211123~DTM*050*20220114~PER*CX**TE*8006240756~AMT*AU*5145~SVC*HC>36415*21*0*0300*0**1~DTM*472*20211123~CAS*CO*97*21*1~REF*6R*MIXP0034936095-1~LQ*HE*N130~SVC*HC>80048*66*0*0301*0**1~DTM*472*20211123~CAS*CO*97*66*1~REF*6R*MIXP0034936095-2~LQ*HE*N130~SVC*HC>84443*148*0*0301*0**1~DTM*472*20211123~CAS*CO*97*148*1~REF*6R*MIXP0034936095-3~LQ*HE*N130~SVC*HC>85025*86*0*0305*0**1~DTM*472*20211123~CAS*CO*97*86*1~REF*6R*MIXP0034936095-4~LQ*HE*N130~SVC*HC>96372*238*0*0450*0**1~DTM*472*20211122~CAS*CO*97*238*1~REF*6R*MIXP0034936095-5~LQ*HE*N130~SVC*HC>99285>25*5145*448.41*0450*1~DTM*472*20211122~CAS*CO*45*4646.59~CAS*PR*3*50~REF*6R*MIXP0034936095-6~AMT*B6*498.41~LQ*HE*N59~SVC*HC>J3486*68.07*0*0636*0**1~DTM*472*20211122~CAS*CO*97*68.07*1~REF*6R*MIXP0034936095-7~LQ*HE*N130~CLP*10811788500*1*5500*938.22**13*220114E108360000*13*1~NM1*QC*1*BRICHACEK*CAROLYN*K***MI*MEBFCQ1B~NM1*82*2*MIAMI VALLEY HOSPITAL*****XX*1073688354~REF*1L*455716-132~REF*CE*STRS PPO PLAN NET 03418~DTM*232*20211223~DTM*233*20211223~DTM*050*20220114~PER*CX**TE*8006240756~AMT*AU*5500~SVC*HC>A0425>QN>HH*2024*207.51*0540*18**0~DTM*472*20211223~CAS*CO*45*1816.49~REF*6R*MIXP0034931858-1~AMT*B6*207.51~LQ*HE*N59~SVC*HC>A0434>QN>HH*3476*730.71*0540*1~DTM*472*20211223~CAS*CO*45*2745.29~REF*6R*MIXP0034931858-2~AMT*B6*730.71~LQ*HE*N59~CLP*10810964401*1*30247.7*2352.88**13*220114E108400000*13*1~NM1*QC*1*HARRIS*ANDREW*J***MI*MEBTRP3Q~NM1*82*2*MIAMI VALLEY HOSPITAL*****XX*1073688354~REF*1L*467514-287~REF*CE*US REPRESENTED RETIREES PLAN NET 03418~DTM*232*20211222~DTM*233*20211223~DTM*050*20220114~PER*CX**TE*8006240756~AMT*AU*5897~SVC*HC>96360>XU*535*0*0260*0**1~DTM*472*20211222~CAS*CO*97*535*1~REF*6R*MIXP0034939221-1~LQ*HE*N130~SVC*HC>96361*3960*0*0260*0**9~DTM*472*20211222~CAS*CO*97*3960*9~REF*6R*MIXP0034939221-2~LQ*HE*N130~SVC*HC>96361*5280*0*0260*0**12~DTM*472*20211223~CAS*CO*97*5280*12~REF*6R*MIXP0034939221-3~LQ*HE*N130~SVC*NU>0270*28*0**0**1~DTM*472*20211222~CAS*CO*97*28*1~REF*6R*MIXP0034939221-4~LQ*HE*N130~SVC*HC>36415*21*0*0300*0**1~DTM*472*20211222~CAS*CO*97*21*1~REF*6R*MIXP0034939221-5~LQ*HE*N19~SVC*HC>G0480*176*0*0301*0**1~DTM*472*20211222~CAS*CO*97*176*1~REF*6R*MIXP0034939221-6~LQ*HE*N130~SVC*HC>80053*95*0*0301*0**1~DTM*472*20211222~CAS*CO*97*95*1~REF*6R*MIXP0034939221-7~LQ*HE*N130~SVC*HC>80307*253*0*0301*0**1~DTM*472*20211222~CAS*CO*97*253*1~REF*6R*MIXP0034939221-8~LQ*HE*N130~SVC*HC>82248*36*0*0301*0**1~DTM*472*20211222~CAS*CO*97*36*1~REF*6R*MIXP0034939221-9~LQ*HE*N130~SVC*HC>82550*57*0*0301*0**1~DTM*472*20211222~CAS*CO*97*57*1~REF*6R*MIXP0034939221-10~LQ*HE*N130~SVC*HC>82803*170*0*0301*0**1~DTM*472*20211222~CAS*CO*97*170*1~REF*6R*MIXP0034939221-11~LQ*HE*N130~SVC*HC>83605*94*0*0301*0**1~DTM*472*20211222~CAS*CO*97*94*1~REF*6R*MIXP0034939221-12~LQ*HE*N130~SVC*HC>84484*86*0*0301*0**1~DTM*472*20211222~CAS*CO*97*86*1~REF*6R*MIXP0034939221-13~LQ*HE*N130~SVC*HC>84484>91*172*0*0301*0**2~DTM*472*20211222~CAS*CO*97*172*2~REF*6R*MIXP0034939221-14~LQ*HE*N130~SVC*HC>85025*86*0*0305*0**1~DTM*472*20211222~CAS*CO*97*86*1~REF*6R*MIXP0034939221-15~LQ*HE*N130~SVC*HC>85025>91*86*0*0305*0**1~DTM*472*20211222~CAS*CO*97*86*1~REF*6R*MIXP0034939221-16~LQ*HE*N130~SVC*HC>85610*44*0*0305*0**1~DTM*472*20211222~CAS*CO*97*44*1~REF*6R*MIXP0034939221-17~LQ*HE*N130~SVC*HC>85610>91*44*0*0305*0**1~DTM*472*20211222~CAS*CO*97*44*1~REF*6R*MIXP0034939221-18~LQ*HE*N130~SVC*HC>85730>91*67*0*0305*0**1~DTM*472*20211222~CAS*CO*97*67*1~REF*6R*MIXP0034939221-19~LQ*HE*N130~SVC*HC>85730*67*0*0305*0**1~DTM*472*20211222~CAS*CO*97*67*1~REF*6R*MIXP0034939221-20~LQ*HE*N130~SVC*HC>81001>XU*28*0*0307*0**1~DTM*472*20211222~CAS*CO*231*28*1~REF*6R*MIXP0034939221-21~SVC*HC>71045*556*0*0324*0**1~DTM*472*20211222~CAS*CO*97*556*1~REF*6R*MIXP0034939221-22~LQ*HE*N130~SVC*HC>70450>XU*1109*0*0351*0**1~DTM*472*20211222~CAS*CO*97*1109*1~REF*6R*MIXP0034939221-23~LQ*HE*N130~SVC*HC>70496*2335*0*0351*0**1~DTM*472*20211222~CAS*CO*97*2335*1~REF*6R*MIXP0034939221-24~LQ*HE*N130~SVC*HC>70498*2335*0*0351*0**1~DTM*472*20211222~CAS*CO*97*2335*1~REF*6R*MIXP0034939221-25~LQ*HE*N130~SVC*HC>97530>GP*204*0*0420*0**1~DTM*472*20211223~CAS*CO*97*204*1~REF*6R*MIXP0034939221-26~LQ*HE*N130~SVC*HC>97162>GP*301*98.02*0424*1~DTM*472*20211223~CAS*CO*45*202.98~REF*6R*MIXP0034939221-27~AMT*B6*98.02~LQ*HE*N59~SVC*HC>97535>GO>XU*264*0*0430*0**1~DTM*472*20211223~CAS*CO*97*264*1~REF*6R*MIXP0034939221-28~LQ*HE*N130~SVC*HC>97166>GO*451*75.4*0434*1~DTM*472*20211223~CAS*CO*45*375.6~REF*6R*MIXP0034939221-29~AMT*B6*75.4~LQ*HE*N59~SVC*HC>99285>25*5145*2179.46*0450*1~DTM*472*20211222~CAS*CO*45*2965.54~REF*6R*MIXP0034939221-30~AMT*B6*2179.46~LQ*HE*N59~SVC*HC>70551*2151*0*0611*0**1~DTM*472*20211222~CAS*CO*97*2151*1~REF*6R*MIXP0034939221-31~LQ*HE*N130~SVC*HC>J1815*7*0*0636*0**1~DTM*472*20211223~CAS*CO*97*7*1~REF*6R*MIXP0034939221-32~LQ*HE*N130~SVC*HC>J7030*29.75*0*0636*0**1~DTM*472*20211222~CAS*CO*97*29.75*1~REF*6R*MIXP0034939221-33~LQ*HE*N130~SVC*HC>J7030*29.75*0*0636*0**1~DTM*472*20211223~CAS*CO*97*29.75*1~REF*6R*MIXP0034939221-34~LQ*HE*N130~SVC*HC>Q9967*39.2*0*0636*0**100~DTM*472*20211222~CAS*CO*97*39.2*100~REF*6R*MIXP0034939221-35~LQ*HE*N130~SVC*HC>93005*364*0*0730*0**1~DTM*472*20211222~CAS*CO*97*364*1~REF*6R*MIXP0034939221-36~LQ*HE*N130~SVC*HC>G0378*3542*0*0762*0**24~DTM*472*20211222~CAS*CO*97*3542*24~REF*6R*MIXP0034939221-37~LQ*HE*N130~SE*1312*1072~ST*835*1073~BPR*I*521.84*C*ACH*CCP*01*031100209*DA*0038865237*1066033492**01*041000124*DA*4007801474*20220121~TRN*1*160118220238783*1066033492~REF*EV*XXXXXXXXXXXXXXXXXXXXXXXXXXXXXX~DTM*405*20220119~N1*PR*AETNA~N3*151 FARMINGTON AVENUE~N4*HARTFORD*CT*06156~REF*2U*60054~PER*BL*Provider Service~N1*PE*MIAMI VALLEY HOSPITAL*XX*1073688354~N3*PO BOX 932699~N4*CLEVELAND*OH*44193~REF*PQ*120980020~REF*TJ*310537504~LX*1~TS3*1073688354*13*20221231*1*6943.18~CLP*10809837903*1*6943.18*521.84**13*220114E108380000*13*1~NM1*QC*1*MATZ*JAMES*F***MI*MEBD48JX~NM1*82*2*MIAMI VALLEY HOSPITAL*****XX*1073688354~REF*1L*455716-132~REF*CE*STRS PPO PLAN NET 03418~DTM*232*20211231~DTM*233*20211231~DTM*050*20220114~PER*CX**TE*8006240756~AMT*AU*5907~SVC*HC>82565*45*0*0301*0**1~DTM*472*20211231~CAS*CO*97*45*1~REF*6R*MIXP0034939198-2~LQ*HE*N130~SVC*NU>0272*26*0**0**2~DTM*472*20211231~CAS*CO*97*26*2~REF*6R*MIXP0034939198-1~LQ*HE*N130~SVC*HC>70260*903*0*0320*0**1~DTM*472*20211231~CAS*CO*97*903*1~REF*6R*MIXP0034939198-3~LQ*HE*N130~SVC*HC>70470*2335*170.44*0351*1~DTM*472*20211231~CAS*CO*45*2164.56~REF*6R*MIXP0034939198-4~AMT*B6*170.44~LQ*HE*N59~SVC*HC>70553*3572*351.4*0611*1~DTM*472*20211231~CAS*CO*45*3220.6~REF*6R*MIXP0034939198-5~AMT*B6*351.4~LQ*HE*N59~SVC*HC>A9575*21.48*0*0636*0**200~DTM*472*20211231~CAS*CO*97*21.48*200~REF*6R*MIXP0034939198-6~LQ*HE*N130~SVC*HC>Q9967*40.7*0*0636*0**100~DTM*472*20211231~CAS*CO*97*40.7*100~REF*6R*MIXP0034939198-7~LQ*HE*N130~SE*65*1073~ST*835*1692~BPR*I*52788.72*C*ACH*CCP*01*031100209*DA*0038865237*1066033492**01*041000124*DA*4007801474*20220121~TRN*1*160118220262605*1066033492~REF*EV*XXXXXXXXXXXXXXXXXXXXXXXXXXXXXX~DTM*405*20220119~N1*PR*AETNA~N3*151 FARMINGTON AVENUE~N4*HARTFORD*CT*06156~REF*2U*60054~PER*BL*Provider Service~N1*PE*MIAMI VALLEY HOSPITAL*XX*1073688354~N3*PO BOX 932699~N4*CLEVELAND*OH*44193~REF*PQ*120980020~REF*TJ*310537504~LX*1~TS3*1073688354*11*20221231*30*326736.56~CLP*10789820200*22*-103409.66*-6383.75**13*211130E544200003~NM1*QC*1*COMBS*EDNA*E***MI*MEBTTJTK~NM1*82*2*MIAMI VALLEY HOSPITAL*****XX*1073688354~REF*G1*2645523~REF*1L*467514-287~REF*CE*US REPRESENTED RETIREES PLAN NET 02101~DTM*232*20211116~DTM*233*20211118~DTM*050*20211130~PER*CX**TE*8006240756~SVC*NU>0111*-7118*-6383.75**2**1~DTM*150*20211116~DTM*151*20211118~CAS*CO*45*-734.25~LQ*HE*N694~SVC*HC>44322*-75029*0*0360*0**1~DTM*150*20211116~DTM*151*20211118~CAS*CO*97*-75029*1~LQ*HE*M2~LQ*HE*N694~SVC*NU>0270*-3221.57*0**0**1~DTM*150*20211116~DTM*151*20211118~CAS*CO*97*-3221.57*7~LQ*HE*M2~LQ*HE*N694~SVC*NU>0272*-2246.6*0**0**1~DTM*150*20211116~DTM*151*20211118~CAS*CO*97*-2246.6*8~LQ*HE*M2~LQ*HE*N694~SVC*NU>0710*-1945*0**0**1~DTM*150*20211116~DTM*151*20211118~CAS*CO*97*-1945*1~LQ*HE*M2~LQ*HE*N694~SVC*NU>0250*-1979.48*0**0**1~DTM*150*20211116~DTM*151*20211118~CAS*CO*97*-1979.48*97~LQ*HE*M2~LQ*HE*N694~SVC*NU>0258*-119.01*0**0**1~DTM*150*20211116~DTM*151*20211118~CAS*CO*97*-119.01*5~LQ*HE*M2~LQ*HE*N694~SVC*NU>0300*-42*0**0**1~DTM*150*20211116~DTM*151*20211118~CAS*CO*97*-42*2~LQ*HE*M2~LQ*HE*N694~SVC*NU>0301*-132*0**0**1~DTM*150*20211116~DTM*151*20211118~CAS*CO*97*-132*2~LQ*HE*M2~LQ*HE*N694~SVC*NU>0305*-86*0**0**1~DTM*150*20211116~DTM*151*20211118~CAS*CO*97*-86*1~LQ*HE*M2~LQ*HE*N694~SVC*NU>0310*-8137*0**0**1~DTM*150*20211116~DTM*151*20211118~CAS*CO*97*-8137*6~LQ*HE*M2~LQ*HE*N694~SVC*NU>0370*-3354*0**0**1~DTM*150*20211116~DTM*151*20211118~CAS*CO*97*-3354*1~LQ*HE*M2~LQ*HE*N694~CLP*10793155700*22*-9722*-221.08**13*211207E318060005~NM1*QC*1*HARTLEY*WILMA****MI*MEBF310Z~NM1*82*2*MIAMI VALLEY HOSPITAL*****XX*1073688354~REF*1L*455717-057~REF*CE*STRS PPO PLAN NET 02101~DTM*232*20211115~DTM*233*20211115~DTM*050*20211207~PER*CX**TE*8006240756~SVC*HC>12001*-823*0*0450*0**1~DTM*472*20211115~CAS*CO*97*-823*1~LQ*HE*N130~LQ*HE*N694~SVC*NU>0681*-5753*0**0**1~DTM*472*20211115~CAS*CO*97*-5753*1~LQ*HE*N130~LQ*HE*N694~SVC*HC>99283*-3146*-221.08*0450*1~DTM*472*20211115~CAS*CO*45*-2924.92~LQ*HE*N59~LQ*HE*N694~CLP*10812831700*22*-5428.96*-1372.9**13*220101E221010001~NM1*QC*1*MCKEE*SHIRLEY*J***MI*MEBGBQLK~NM1*82*2*MIAMI VALLEY HOSPITAL*****XX*1073688354~REF*1L*455716-132~REF*CE*STRS PPO PLAN NET 02101~DTM*232*20211228~DTM*233*20211228~DTM*050*20220101~PER*CX**TE*8006240756~SVC*NU>0250*-9.36*0**0**1~DTM*472*20211228~CAS*CO*97*-9.36*1~LQ*HE*N130~LQ*HE*N694~SVC*NU>0250*-1.6*0**0**1~DTM*472*20211228~CAS*CO*97*-1.6*3~LQ*HE*N130~LQ*HE*N694~SVC*NU>0272*-494*0**0**1~DTM*472*20211228~CAS*CO*97*-494*2~LQ*HE*N130~LQ*HE*N694~SVC*HC>A4648*-184*0*0278*0**1~DTM*472*20211228~CAS*CO*97*-184*1~LQ*HE*M51~LQ*HE*N130~LQ*HE*N694~SVC*HC>77065*-340*-83.53*0401*1~DTM*472*20211228~CAS*CO*45*-256.47~LQ*HE*N59~LQ*HE*N694~SVC*HC>19081>RT*-4400*-1289.37*0761*1~DTM*472*20211228~CAS*CO*45*-3056.91~CAS*PR*3*-53.72~LQ*HE*N59~LQ*HE*N694~CLP*10804111300*1*11276.78*66.81*365*13*2201031821950000*13*1~NM1*QC*1*RINGHISER*DAVID*L~NM1*IL*1*RINGHISER*DAVID****MI*MEBTHYBH~NM1*82*2*MIAMI VALLEY HOSPITAL*****XX*1073688354~REF*1L*467096-008~REF*CE*VALUE PPO NET 03418~DTM*232*20211215~DTM*233*20211215~DTM*050*20220103~PER*CX**TE*8006240756~AMT*AU*3393~SVC*NU>0250*22.16*0**0**2~DTM*472*20211215~CAS*CO*97*22.16*2~REF*6R*00000000001~LQ*HE*N130~SVC*NU>0258*29.75*0**0**1~DTM*472*20211215~CAS*CO*97*29.75*1~REF*6R*00000000002~LQ*HE*N130~SVC*HC>A4649*538.2*0*0272*0**1~DTM*472*20211215~CAS*CO*97*538.2*1~REF*6R*00000000003~LQ*HE*N130~SVC*HC>92511*3393*0*0360*0**1~DTM*472*20211215~CAS*CO*97*3393*1~REF*6R*00000000004~LQ*HE*M15~LQ*HE*N19~SVC*HC>92502*3393*66.81*0360*1~DTM*472*20211215~CAS*CO*45*2961.19~CAS*PR*3*365~REF*6R*00000000005~AMT*B6*431.81~LQ*HE*N59~SVC*HC>00120*2872*0*0370*0**1~DTM*472*20211215~CAS*CO*97*2872*1~REF*6R*00000000006~LQ*HE*N130~SVC*HC>J2704*20.8*0*0636*0**16~DTM*472*20211215~CAS*CO*97*20.8*16~REF*6R*00000000007~LQ*HE*N130~SVC*HC>J2704*10.82*0*0636*0**2~DTM*472*20211215~CAS*CO*97*10.82*2~REF*6R*00000000008~LQ*HE*N130~SVC*HC>J3490*9.05*0*0636*0**1~DTM*472*20211215~CAS*CO*97*9.05*1~REF*6R*00000000009~LQ*HE*N130~SVC*NU>0710*988*0**0**1~DTM*472*20211215~CAS*CO*97*988*1~REF*6R*00000000010~LQ*HE*N130~CLP*10803498800*1*1266*136.86*15.2*13*220104E375130000*13*3~NM1*QC*1*GARDNER*ROBERT*W***MI*MEBNY8HJ~NM1*82*2*MIAMI VALLEY HOSPITAL*****XX*1073688354~REF*1L*441297-004~REF*CE*MEDICARE (S02) PPO PLAN NET 03418~DTM*232*20211217~DTM*233*20211230~DTM*050*20220104~PER*CX**TE*8006240756~AMT*AU*1266~SVC*HC>97110>GP*422*41.09*0420*2~DTM*472*20211217~CAS*CO*45*376.34~CAS*PR*2*4.57~REF*6R*MIXP0034868223-1~AMT*B6*45.66~LQ*HE*N59~SVC*HC>97750>GP*211*29.73*0420*1~DTM*472*20211217~CAS*CO*45*177.97~CAS*PR*2*3.3~REF*6R*MIXP0034868223-4~AMT*B6*33.03~LQ*HE*N59~SVC*HC>97110>GP*422*46.83*0420*2~DTM*472*20211230~CAS*CO*45*369.97~CAS*PR*2*5.2~REF*6R*MIXP0034868223-2~AMT*B6*52.03~LQ*HE*N59~SVC*HC>97140>GP*211*19.21*0420*1~DTM*472*20211230~CAS*CO*45*189.66~CAS*PR*2*2.13~REF*6R*MIXP0034868223-3~AMT*B6*21.34~LQ*HE*N59~CLP*10793155702*1*9722*221.08**13*220108E161630000*13*7~NM1*QC*1*HARTLEY*WILMA*E***MI*MEBF310Z~NM1*82*2*MIAMI VALLEY HOSPITAL*****XX*1073688354~REF*1L*455717-057~REF*CE*STRS PPO PLAN NET 03418~DTM*232*20211115~DTM*233*20211115~DTM*050*20220108~PER*CX**TE*8006240756~AMT*AU*3146~SVC*HC>12001*823*0*0450*0**1~DTM*472*20211115~CAS*CO*97*823*1~REF*6R*MIXP0034888119-1~LQ*HE*MA67~LQ*HE*N130~SVC*NU>0681*5753*0**0**1~DTM*472*20211115~CAS*CO*97*5753*1~REF*6R*MIXP0034888119-3~LQ*HE*MA67~LQ*HE*N130~SVC*HC>99283*3146*221.08*0450*1*HC>99284~DTM*472*20211115~CAS*CO*45*2924.92~REF*6R*MIXP0034888119-2~AMT*B6*221.08~LQ*HE*N59~CLP*10789820206*1*104686.66*11691.68**13*220111E059030000*11*7**331*1.7105~NM1*QC*1*COMBS*EDNA*E***MI*MEBTTJTK~NM1*82*2*MIAMI VALLEY HOSPITAL*****XX*1073688354~REF*G1*2645523~REF*1L*467514-287~REF*CE*US REPRESENTED RETIREES PLAN NET 03418~DTM*232*20211116~DTM*233*20211118~DTM*050*20220111~PER*CX**TE*8006240756~AMT*AU*7118~SVC*NU>0111*7118*11691.68**2~DTM*150*20211116~DTM*151*20211118~CAS*CO*45*-4573.68~REF*6R*MIXP0034918858-1~AMT*B6*11691.68~SVC*HC>44204*75029*0*0360*0**1~DTM*150*20211116~DTM*151*20211118~CAS*CO*97*75029*1~REF*6R*MIXP0034918858-10~LQ*HE*MA67~LQ*HE*M2~SVC*NU>0270*3221.57*0**0**7~DTM*150*20211116~DTM*151*20211118~CAS*CO*97*3221.57*7~REF*6R*MIXP0034918858-4~LQ*HE*MA67~LQ*HE*M2~SVC*NU>0272*2246.6*0**0**8~DTM*150*20211116~DTM*151*20211118~CAS*CO*97*2246.6*8~REF*6R*MIXP0034918858-5~LQ*HE*MA67~LQ*HE*M2~SVC*NU>0710*1945*0**0**1~DTM*150*20211116~DTM*151*20211118~CAS*CO*97*1945*1~REF*6R*MIXP0034918858-12~LQ*HE*MA67~LQ*HE*M2~SVC*NU>0250*1979.48*0**0**97~DTM*150*20211116~DTM*151*20211118~CAS*CO*97*1979.48*97~REF*6R*MIXP0034918858-2~LQ*HE*MA67~LQ*HE*M2~SVC*NU>0258*119.01*0**0**5~DTM*150*20211116~DTM*151*20211118~CAS*CO*97*119.01*5~REF*6R*MIXP0034918858-3~LQ*HE*MA67~LQ*HE*M2~SVC*NU>0300*42*0**0**2~DTM*150*20211116~DTM*151*20211118~CAS*CO*97*42*2~REF*6R*MIXP0034918858-6~LQ*HE*MA67~LQ*HE*M2~SVC*NU>0301*132*0**0**2~DTM*150*20211116~DTM*151*20211118~CAS*CO*97*132*2~REF*6R*MIXP0034918858-7~LQ*HE*MA67~LQ*HE*M2~SVC*NU>0305*86*0**0**1~DTM*150*20211116~DTM*151*20211118~CAS*CO*97*86*1~REF*6R*MIXP0034918858-8~LQ*HE*MA67~LQ*HE*M2~SVC*NU>0310*9414*0**0**10~DTM*150*20211116~DTM*151*20211118~CAS*CO*97*9414*10~REF*6R*MIXP0034918858-9~LQ*HE*MA67~LQ*HE*M2~SVC*NU>0370*3354*0**0**1~DTM*150*20211116~DTM*151*20211118~CAS*CO*97*3354*1~REF*6R*MIXP0034918858-11~LQ*HE*MA67~LQ*HE*M2~CLP*10813968900*1*29628.34*2104.46*75*13*220112E133910000*13*1~NM1*QC*1*COTTON*MARY*E***MI*MEBVCXKB~NM1*82*2*MIAMI VALLEY HOSPITAL*****XX*1073688354~REF*1L*455716-132~REF*CE*STRS PPO PLAN NET 03418~DTM*232*20211229~DTM*233*20220101~DTM*050*20220112~PER*CX**TE*8006240756~AMT*AU*3146~SVC*HC>96361*440*0*0260*0**1~DTM*472*20211229~CAS*CO*97*440*1~REF*6R*MIXP0034921483-1~LQ*HE*N130~SVC*HC>96361*6160*0*0260*0**14~DTM*472*20211230~CAS*CO*97*6160*14~REF*6R*MIXP0034921483-2~LQ*HE*N130~SVC*HC>96365>XU*630*0*0260*0**1~DTM*472*20211229~CAS*CO*97*630*1~REF*6R*MIXP0034921483-3~LQ*HE*N130~SVC*HC>96366*465*0*0260*0**1~DTM*472*20211230~CAS*CO*97*465*1~REF*6R*MIXP0034921483-4~LQ*HE*N130~SVC*HC>96367*415*0*0260*0**1~DTM*472*20211230~CAS*CO*97*415*1~REF*6R*MIXP0034921483-5~LQ*HE*N130~SVC*NU>0272*19*0**0**1~DTM*472*20211229~CAS*CO*97*19*1~REF*6R*MIXP0034921483-6~LQ*HE*N130~SVC*NU>0272*21*0**0**3~DTM*472*20211230~CAS*CO*97*21*3~REF*6R*MIXP0034921483-7~LQ*HE*N130~SVC*NU>0272*14*0**0**2~DTM*472*20211231~CAS*CO*97*14*2~REF*6R*MIXP0034921483-8~LQ*HE*N130~SVC*NU>0272*7*0**0**1~DTM*472*20220101~CAS*CO*97*7*1~REF*6R*MIXP0034921483-9~LQ*HE*N130~SVC*HC>0241U*870*0*0300*0**1~DTM*472*20211229~CAS*CO*97*870*1~REF*6R*MIXP0034921483-10~LQ*HE*N130~SVC*HC>36415*87*0*0300*0**1~DTM*472*20211229~CAS*CO*97*87*1~REF*6R*MIXP0034921483-11~LQ*HE*N130~SVC*HC>80048*66*0*0301*0**1~DTM*472*20211230~CAS*CO*97*66*1~REF*6R*MIXP0034921483-12~LQ*HE*N130~SVC*HC>80048*66*0*0301*0**1~DTM*472*20211231~CAS*CO*97*66*1~REF*6R*MIXP0034921483-13~LQ*HE*N130~SVC*HC>80048*74*0*0301*0**1~DTM*472*20220101~CAS*CO*97*74*1~REF*6R*MIXP0034921483-14~LQ*HE*N130~SVC*HC>80053*95*0*0301*0**1~DTM*472*20211229~CAS*CO*97*95*1~REF*6R*MIXP0034921483-15~LQ*HE*N130~SVC*HC>82248*36*0*0301*0**1~DTM*472*20211229~CAS*CO*97*36*1~REF*6R*MIXP0034921483-16~LQ*HE*N130~SVC*HC>82803*170*0*0301*0**1~DTM*472*20211229~CAS*CO*97*170*1~REF*6R*MIXP0034921483-17~LQ*HE*N130~SVC*HC>83605*94*0*0301*0**1~DTM*472*20211229~CAS*CO*97*94*1~REF*6R*MIXP0034921483-18~LQ*HE*N130~SVC*HC>83735*50*0*0301*0**1~DTM*472*20211229~CAS*CO*97*50*1~REF*6R*MIXP0034921483-19~LQ*HE*N130~SVC*HC>84484*86*0*0301*0**1~DTM*472*20211229~CAS*CO*97*86*1~REF*6R*MIXP0034921483-20~LQ*HE*N130~SVC*HC>84484>91*86*0*0301*0**1~DTM*472*20211229~CAS*CO*97*86*1~REF*6R*MIXP0034921483-21~LQ*HE*N130~SVC*HC>86160*133*0*0302*0**1~DTM*472*20211230~CAS*CO*97*133*1~REF*6R*MIXP0034921483-22~LQ*HE*N130~SVC*HC>86160>91*133*0*0302*0**1~DTM*472*20211230~CAS*CO*97*133*1~REF*6R*MIXP0034921483-23~LQ*HE*N130~SVC*HC>85025*86*0*0305*0**1~DTM*472*20211229~CAS*CO*97*86*1~REF*6R*MIXP0034921483-24~LQ*HE*N130~SVC*HC>85027*72*0*0305*0**1~DTM*472*20211230~CAS*CO*97*72*1~REF*6R*MIXP0034921483-25~LQ*HE*N130~SVC*HC>85027*72*0*0305*0**1~DTM*472*20211231~CAS*CO*97*72*1~REF*6R*MIXP0034921483-26~LQ*HE*N130~SVC*HC>85027*81*0*0305*0**1~DTM*472*20220101~CAS*CO*97*81*1~REF*6R*MIXP0034921483-27~LQ*HE*N130~SVC*HC>85610*44*0*0305*0**1~DTM*472*20211229~CAS*CO*97*44*1~REF*6R*MIXP0034921483-28~LQ*HE*N130~SVC*HC>85730*67*0*0305*0**1~DTM*472*20211229~CAS*CO*97*67*1~REF*6R*MIXP0034921483-29~LQ*HE*N130~SVC*HC>87040*71*0*0306*0**1~DTM*472*20211229~CAS*CO*97*71*1~REF*6R*MIXP0034921483-30~LQ*HE*N130~SVC*HC>87040>91*71*0*0306*0**1~DTM*472*20211229~CAS*CO*97*71*1~REF*6R*MIXP0034921483-31~LQ*HE*N130~SVC*HC>81001*28*0*0307*0**1~DTM*472*20211229~CAS*CO*97*28*1~REF*6R*MIXP0034921483-32~LQ*HE*N130~SVC*HC>71045*556*0*0324*0**1~DTM*472*20211229~CAS*CO*97*556*1~REF*6R*MIXP0034921483-33~LQ*HE*N130~SVC*HC>70491*2335*0*0351*0**1~DTM*472*20211229~CAS*CO*97*2335*1~REF*6R*MIXP0034921483-34~LQ*HE*N130~SVC*HC>94640*269*0*0410*0**1~DTM*472*20211229~CAS*CO*97*269*1~REF*6R*MIXP0034921483-35~LQ*HE*N130~SVC*HC>94640>76*269*0*0410*0**1~DTM*472*20211230~CAS*CO*97*269*1~REF*6R*MIXP0034921483-36~LQ*HE*N130~SVC*HC>94640>76*269*0*0410*0**1~DTM*472*20211231~CAS*CO*97*269*1~REF*6R*MIXP0034921483-37~LQ*HE*N130~SVC*HC>94640>76*301*0*0410*0**1~DTM*472*20220101~CAS*CO*97*301*1~REF*6R*MIXP0034921483-38~LQ*HE*N130~SVC*HC>96375>XU*237*0*0450*0**1~DTM*472*20211229~CAS*CO*97*237*1~REF*6R*MIXP0034921483-39~LQ*HE*N130~SVC*HC>99284>25*3146*2104.46*0450*1~DTM*472*20211229~CAS*CO*45*966.54~CAS*PR*3*75~REF*6R*MIXP0034921483-40~AMT*B6*2179.46~LQ*HE*N59~SVC*HC>J1100*7*0*0636*0**10~DTM*472*20211229~CAS*CO*97*7*10~REF*6R*MIXP0034921483-41~LQ*HE*N130~SVC*HC>J1100*14*0*0636*0**16~DTM*472*20211230~CAS*CO*97*14*16~REF*6R*MIXP0034921483-42~LQ*HE*N130~SVC*HC>J1100*21*0*0636*0**24~DTM*472*20211231~CAS*CO*97*21*24~REF*6R*MIXP0034921483-43~LQ*HE*N130~SVC*HC>J1100*7*0*0636*0**8~DTM*472*20220101~CAS*CO*97*7*8~REF*6R*MIXP0034921483-44~LQ*HE*N130~SVC*HC>J1650*17.92*0*0636*0**4~DTM*472*20211230~CAS*CO*97*17.92*4~REF*6R*MIXP0034921483-45~LQ*HE*N130~SVC*HC>J1650*17.92*0*0636*0**4~DTM*472*20211231~CAS*CO*97*17.92*4~REF*6R*MIXP0034921483-46~LQ*HE*N130~SVC*HC>J1650*17.79*0*0636*0**4~DTM*472*20220101~CAS*CO*97*17.79*4~REF*6R*MIXP0034921483-47~LQ*HE*N130~SVC*HC>J1815*21*0*0636*0**3~DTM*472*20211230~CAS*CO*97*21*3~REF*6R*MIXP0034921483-48~LQ*HE*N130~SVC*HC>J1815*28*0*0636*0**4~DTM*472*20211231~CAS*CO*97*28*4~REF*6R*MIXP0034921483-49~LQ*HE*N130~SVC*HC>J2920*23.42*0*0636*0**1~DTM*472*20211230~CAS*CO*97*23.42*1~REF*6R*MIXP0034921483-50~LQ*HE*N130~SVC*HC>J3480*17.16*0*0636*0**10~DTM*472*20211230~CAS*CO*97*17.16*10~REF*6R*MIXP0034921483-51~LQ*HE*N130~SVC*HC>J3490*27.3*0*0636*0**4~DTM*472*20211229~CAS*CO*97*27.3*4~REF*6R*MIXP0034921483-52~LQ*HE*N130~SVC*HC>J3490*155.22*0*0636*0**12~DTM*472*20211230~CAS*CO*97*155.22*12~REF*6R*MIXP0034921483-53~LQ*HE*N130~SVC*HC>J3490*51.74*0*0636*0**4~DTM*472*20211231~CAS*CO*97*51.74*4~REF*6R*MIXP0034921483-54~LQ*HE*N130~SVC*HC>J3535*1.72*0*0636*0**2~DTM*472*20211229~CAS*PI*96*1.72*2~REF*6R*MIXP0034921483-55~LQ*HE*N130~SVC*HC>J3535*9.25*0*0636*0**1~DTM*472*20211230~CAS*PI*96*9.25*1~REF*6R*MIXP0034921483-56~LQ*HE*N130~SVC*HC>J3535*9.25*0*0636*0**1~DTM*472*20211231~CAS*PI*96*9.25*1~REF*6R*MIXP0034921483-57~LQ*HE*N130~SVC*HC>J3535*9.45*0*0636*0**1~DTM*472*20220101~CAS*PI*96*9.45*1~REF*6R*MIXP0034921483-58~LQ*HE*N130~SVC*HC>J7030*29.75*0*0636*0**1~DTM*472*20211229~CAS*CO*97*29.75*1~REF*6R*MIXP0034921483-59~LQ*HE*N130~SVC*HC>J7030*59.5*0*0636*0**2~DTM*472*20211230~CAS*CO*97*59.5*2~REF*6R*MIXP0034921483-60~LQ*HE*N130~SVC*HC>J7040*29.75*0*0636*0**1~DTM*472*20211229~CAS*CO*97*29.75*1~REF*6R*MIXP0034921483-61~LQ*HE*N130~SVC*HC>Q9967*39.2*0*0636*0**100~DTM*472*20211229~CAS*CO*97*39.2*100~REF*6R*MIXP0034921483-62~LQ*HE*N130~SVC*HC>93005*364*0*0730*0**1~DTM*472*20211229~CAS*CO*97*364*1~REF*6R*MIXP0034921483-63~LQ*HE*N130~SVC*HC>G0378*8504*0*0762*0**67~DTM*472*20211229~CAS*CO*97*8504*67~REF*6R*MIXP0034921483-64~LQ*HE*N130~SVC*HC>96372*153*0*0940*0**1~DTM*472*20211230~CAS*CO*97*153*1~REF*6R*MIXP0034921483-65~LQ*HE*N130~SVC*HC>96372*153*0*0940*0**1~DTM*472*20211231~CAS*CO*97*153*1~REF*6R*MIXP0034921483-66~LQ*HE*N130~SVC*HC>96372*225*0*0940*0**1~DTM*472*20220101~CAS*CO*97*225*1~REF*6R*MIXP0034921483-67~LQ*HE*N130~SVC*HC>96375*204*0*0940*0**1~DTM*472*20211230~CAS*CO*97*204*1~REF*6R*MIXP0034921483-68~LQ*HE*N130~SVC*HC>96376*408*0*0940*0**2~DTM*472*20211230~CAS*CO*97*408*2~REF*6R*MIXP0034921483-69~LQ*HE*N130~SVC*HC>96376*612*0*0940*0**3~DTM*472*20211231~CAS*CO*97*612*3~REF*6R*MIXP0034921483-70~LQ*HE*N130~SVC*HC>96376*200*0*0940*0**1~DTM*472*20220101~CAS*CO*97*200*1~REF*6R*MIXP0034921483-71~LQ*HE*N130~CLP*10660238614*1*21049.44*2177.48*100*13*220113E132930000*13*7~NM1*QC*1*TAYLOR*DORIS*J***MI*MEBD51GN~NM1*82*2*MIAMI VALLEY HOSPITAL*****XX*1073688354~REF*1L*466235-005~REF*CE*SERS PPO PLAN NET 03418~DTM*232*20210114~DTM*233*20210116~DTM*050*20220113~PER*CX**TE*8006240756~AMT*AU*5446~SVC*HC>A9575*272.38*0*0255*0**150~DTM*472*20210114~CAS*CO*97*272.38*150~REF*6R*MIXP0034929595-1~LQ*HE*MA67~LQ*HE*N130~SVC*HC>Q9967*100*0*0255*0**100~DTM*472*20210114~CAS*CO*97*100*100~REF*6R*MIXP0034929595-2~LQ*HE*MA67~LQ*HE*N130~SVC*NU>0258*43.75*0**0**3~DTM*472*20210114~CAS*CO*97*43.75*3~REF*6R*MIXP0034929595-3~LQ*HE*MA67~LQ*HE*N130~SVC*NU>0258*14*0**0**2~DTM*472*20210115~CAS*CO*97*14*2~REF*6R*MIXP0034929595-4~LQ*HE*MA67~LQ*HE*N130~SVC*NU>0258*7*0**0**1~DTM*472*20210116~CAS*CO*97*7*1~REF*6R*MIXP0034929595-5~LQ*HE*MA67~LQ*HE*N130~SVC*NU>0272*19*0**0**1~DTM*472*20210114~CAS*CO*97*19*1~REF*6R*MIXP0034929595-6~LQ*HE*MA67~LQ*HE*N130~SVC*HC>U0003*88*0*0300*0**1~DTM*472*20210114~CAS*CO*97*88*1~REF*6R*MIXP0034929595-7~LQ*HE*MA67~LQ*HE*N130~SVC*HC>36415*63*0*0300*0**1~DTM*472*20210114~CAS*CO*97*63*1~REF*6R*MIXP0034929595-8~LQ*HE*MA67~LQ*HE*N130~SVC*HC>80048*66*0*0301*0**1~DTM*472*20210114~CAS*CO*97*66*1~REF*6R*MIXP0034929595-9~LQ*HE*MA67~LQ*HE*N130~SVC*HC>80048*66*0*0301*0**1~DTM*472*20210115~CAS*CO*97*66*1~REF*6R*MIXP0034929595-10~LQ*HE*MA67~LQ*HE*N130~SVC*HC>80048*66*0*0301*0**1~DTM*472*20210116~CAS*CO*97*66*1~REF*6R*MIXP0034929595-11~LQ*HE*MA67~LQ*HE*N130~SVC*HC>84484*86*0*0301*0**1~DTM*472*20210114~CAS*CO*97*86*1~REF*6R*MIXP0034929595-12~LQ*HE*MA67~LQ*HE*N130~SVC*HC>84484>91*86*0*0301*0**1~DTM*472*20210114~CAS*CO*97*86*1~REF*6R*MIXP0034929595-13~LQ*HE*MA67~LQ*HE*N130~SVC*HC>85025*86*0*0305*0**1~DTM*472*20210114~CAS*CO*97*86*1~REF*6R*MIXP0034929595-14~LQ*HE*MA67~LQ*HE*N130~SVC*HC>85027*72*0*0305*0**1~DTM*472*20210115~CAS*CO*97*72*1~REF*6R*MIXP0034929595-15~LQ*HE*MA67~LQ*HE*N130~SVC*HC>85027*72*0*0305*0**1~DTM*472*20210116~CAS*CO*97*72*1~REF*6R*MIXP0034929595-16~LQ*HE*MA67~LQ*HE*N130~SVC*HC>85610*44*0*0305*0**1~DTM*472*20210115~CAS*CO*97*44*1~REF*6R*MIXP0034929595-17~LQ*HE*MA67~LQ*HE*N130~SVC*HC>71045*556*0*0324*0**1~DTM*472*20210114~CAS*CO*97*556*1~REF*6R*MIXP0034929595-18~LQ*HE*MA67~LQ*HE*N130~SVC*HC>70450*1109*0*0351*0**1~DTM*472*20210114~CAS*CO*97*1109*1~REF*6R*MIXP0034929595-19~LQ*HE*MA67~LQ*HE*N130~SVC*HC>71260*1835*0*0352*0**1~DTM*472*20210114~CAS*CO*97*1835*1~REF*6R*MIXP0034929595-20~LQ*HE*MA67~LQ*HE*N130~SVC*HC>94667*183*0*0410*0**1~DTM*472*20210114~CAS*CO*97*183*1~REF*6R*MIXP0034929595-21~LQ*HE*MA67~LQ*HE*N130~SVC*HC>94668*549*0*0410*0**3~DTM*472*20210115~CAS*CO*97*549*3~REF*6R*MIXP0034929595-22~LQ*HE*MA67~LQ*HE*N130~SVC*HC>94668*366*0*0410*0**2~DTM*472*20210116~CAS*CO*97*366*2~REF*6R*MIXP0034929595-23~LQ*HE*MA67~LQ*HE*N130~SVC*HC>97116>GP*211*0*0420*0**1~DTM*472*20210115~CAS*CO*97*211*1~REF*6R*MIXP0034929595-24~LQ*HE*MA67~LQ*HE*N130~SVC*HC>97162>GP*301*0*0424*1~DTM*472*20210115~CAS*CO*45*202.98~CAS*PR*3*98.02~REF*6R*MIXP0034929595-25~AMT*B6*98.02~LQ*HE*MA67~SVC*HC>99285>25*5145*2177.48*0450*1~DTM*472*20210114~CAS*CO*45*2965.54~CAS*PR*3*1.98~REF*6R*MIXP0034929595-26~AMT*B6*2179.46~LQ*HE*N59~SVC*HC>70553*3572*0*0611*0**1~DTM*472*20210114~CAS*CO*97*3572*1~REF*6R*MIXP0034929595-27~LQ*HE*MA67~LQ*HE*N130~SVC*HC>J1650*13.31*0*0636*0**3~DTM*472*20210115~CAS*CO*97*13.31*3~REF*6R*MIXP0034929595-28~LQ*HE*MA67~LQ*HE*N130~SVC*HC>93005*364*0*0730*0**1~DTM*472*20210114~CAS*CO*97*364*1~REF*6R*MIXP0034929595-29~LQ*HE*MA67~LQ*HE*N130~SVC*HC>G0378*5594*0*0762*0**42~DTM*472*20210114~CAS*CO*97*5594*42~REF*6R*MIXP0034929595-30~LQ*HE*MA67~LQ*HE*N130~CLP*10807017000*1*40899.63*4755.59*75*13*220114E032680000*13*1~NM1*QC*1*MUST*RAYMOND*L***MI*101286818500~NM1*74*1******C*MEBD71JX~NM1*82*2*MIAMI VALLEY HOSPITAL*****XX*1073688354~REF*1L*455716-132~REF*CE*STRS PPO PLAN NET 03418~DTM*232*20211214~DTM*233*20211217~DTM*050*20220114~PER*CX**TE*8006240756~AMT*AU*19078~SVC*NU>0250*508.53*0**0**1~DTM*472*20211214~CAS*CO*97*508.53*1~REF*6R*MIXP0034935122-1~LQ*HE*N130~SVC*NU>0250*35.74*0**0**1~DTM*472*20211216~CAS*CO*97*35.74*1~REF*6R*MIXP0034935122-2~LQ*HE*N130~SVC*NU>0250*13.26*0**0**3~DTM*472*20211216~CAS*CO*97*13.26*3~REF*6R*MIXP0034935122-3~LQ*HE*N130~SVC*HC>A4649*598.41*0*0270*0**3~DTM*472*20211216~CAS*CO*97*598.41*3~REF*6R*MIXP0034935122-4~LQ*HE*N130~SVC*HC>C1727*340.64*0*0270*0**1~DTM*472*20211216~CAS*CO*97*340.64*1~REF*6R*MIXP0034935122-5~LQ*HE*N130~SVC*NU>0272*7*0**0**1~DTM*472*20211215~CAS*CO*97*7*1~REF*6R*MIXP0034935122-6~LQ*HE*N130~SVC*NU>0272*14*0**0**2~DTM*472*20211216~CAS*CO*97*14*2~REF*6R*MIXP0034935122-7~LQ*HE*N130~SVC*NU>0272*7*0**0**1~DTM*472*20211217~CAS*CO*97*7*1~REF*6R*MIXP0034935122-8~LQ*HE*N130~SVC*HC>A4649*434.7*0*0278*0**1~DTM*472*20211216~CAS*CO*97*434.7*1~REF*6R*MIXP0034935122-9~LQ*HE*N130~SVC*HC>C1781*358.15*0*0278*0**1~DTM*472*20211216~CAS*CO*97*358.15*1~REF*6R*MIXP0034935122-10~LQ*HE*N130~SVC*HC>U0002*61*0*0300*0**1~DTM*472*20211214~CAS*CO*97*61*1~REF*6R*MIXP0034935122-11~LQ*HE*N130~SVC*HC>U0002*61*0*0300*0**1~DTM*472*20211217~CAS*CO*97*61*1~REF*6R*MIXP0034935122-12~LQ*HE*N130~SVC*HC>36415*84*0*0300*0**1~DTM*472*20211214~CAS*CO*97*84*1~REF*6R*MIXP0034935122-13~LQ*HE*N130~SVC*HC>86850*462*0*0300*0**1~DTM*472*20211215~CAS*CO*97*462*1~REF*6R*MIXP0034935122-14~LQ*HE*N130~SVC*HC>86900*462*0*0300*0**1~DTM*472*20211215~CAS*CO*97*462*1~REF*6R*MIXP0034935122-15~LQ*HE*N130~SVC*HC>86901*462*0*0300*0**1~DTM*472*20211215~CAS*CO*97*462*1~REF*6R*MIXP0034935122-16~LQ*HE*N130~SVC*HC>80048*66*0*0301*0**1~DTM*472*20211215~CAS*CO*97*66*1~REF*6R*MIXP0034935122-17~LQ*HE*N130~SVC*HC>80048*66*0*0301*0**1~DTM*472*20211216~CAS*CO*97*66*1~REF*6R*MIXP0034935122-18~LQ*HE*N130~SVC*HC>80048*66*0*0301*0**1~DTM*472*20211217~CAS*CO*97*66*1~REF*6R*MIXP0034935122-19~LQ*HE*N130~SVC*HC>80053*95*0*0301*0**1~DTM*472*20211214~CAS*CO*97*95*1~REF*6R*MIXP0034935122-20~LQ*HE*N130~SVC*HC>82248*36*0*0301*0**1~DTM*472*20211214~CAS*CO*97*36*1~REF*6R*MIXP0034935122-21~LQ*HE*N130~SVC*HC>83735*50*0*0301*0**1~DTM*472*20211215~CAS*CO*97*50*1~REF*6R*MIXP0034935122-22~LQ*HE*N130~SVC*HC>83880*299*0*0301*0**1~DTM*472*20211215~CAS*CO*97*299*1~REF*6R*MIXP0034935122-23~LQ*HE*N130~SVC*HC>85025*86*0*0305*0**1~DTM*472*20211214~CAS*CO*97*86*1~REF*6R*MIXP0034935122-24~LQ*HE*N130~SVC*HC>85025*86*0*0305*0**1~DTM*472*20211216~CAS*CO*97*86*1~REF*6R*MIXP0034935122-25~LQ*HE*N130~SVC*HC>85025*86*0*0305*0**1~DTM*472*20211217~CAS*CO*97*86*1~REF*6R*MIXP0034935122-26~LQ*HE*N130~SVC*HC>85027*72*0*0305*0**1~DTM*472*20211215~CAS*CO*97*72*1~REF*6R*MIXP0034935122-27~LQ*HE*N130~SVC*HC>85610*44*0*0305*0**1~DTM*472*20211214~CAS*CO*97*44*1~REF*6R*MIXP0034935122-28~LQ*HE*N130~SVC*HC>85610*44*0*0305*0**1~DTM*472*20211215~CAS*CO*97*44*1~REF*6R*MIXP0034935122-29~LQ*HE*N130~SVC*HC>85730*67*0*0305*0**1~DTM*472*20211214~CAS*CO*97*67*1~REF*6R*MIXP0034935122-30~LQ*HE*N130~SVC*HC>71045*556*0*0324*0**1~DTM*472*20211214~CAS*CO*97*556*1~REF*6R*MIXP0034935122-31~LQ*HE*N130~SVC*HC>49650>RT*19078*4755.59*0360*1~DTM*472*20211216~CAS*CO*45*14247.41~CAS*PR*3*75~REF*6R*MIXP0034935122-32~AMT*B6*4830.59~LQ*HE*N59~SVC*HC>00840*3119*0*0370*0**1~DTM*472*20211216~CAS*CO*97*3119*1~REF*6R*MIXP0034935122-33~LQ*HE*N130~SVC*HC>99284>25*3146*0*0450*0**1~DTM*472*20211214~CAS*CO*97*3146*1~REF*6R*MIXP0034935122-34~LQ*HE*N130~SVC*HC>J1100*12.73*0*0636*0**4~DTM*472*20211216~CAS*CO*97*12.73*4~REF*6R*MIXP0034935122-35~LQ*HE*N130~SVC*HC>J1170*9.73*0*0636*0**1~DTM*472*20211216~CAS*CO*97*9.73*1~REF*6R*MIXP0034935122-36~LQ*HE*N130~SVC*HC>J2405*7*0*0636*0**4~DTM*472*20211216~CAS*CO*97*7*4~REF*6R*MIXP0034935122-37~LQ*HE*N130~SVC*HC>J2704*10.82*0*0636*0**12~DTM*472*20211216~CAS*CO*97*10.82*12~REF*6R*MIXP0034935122-38~LQ*HE*N130~SVC*HC>J3010*7*0*0636*0**1~DTM*472*20211216~CAS*CO*97*7*1~REF*6R*MIXP0034935122-39~LQ*HE*N130~SVC*HC>J3490*21.63*0*0636*0**2~DTM*472*20211216~CAS*CO*97*21.63*2~REF*6R*MIXP0034935122-40~LQ*HE*N130~SVC*HC>J3490*7*0*0636*0**10~DTM*472*20211216~CAS*CO*97*7*10~REF*6R*MIXP0034935122-41~LQ*HE*N130~SVC*HC>J3490*11.29*0*0636*0**1~DTM*472*20211216~CAS*CO*97*11.29*1~REF*6R*MIXP0034935122-42~LQ*HE*N130~SVC*NU>0710*1945*0**0**1~DTM*472*20211216~CAS*CO*97*1945*1~REF*6R*MIXP0034935122-43~LQ*HE*N130~SVC*HC>93005>XU*364*0*0730*0**1~DTM*472*20211214~CAS*CO*97*364*1~REF*6R*MIXP0034935122-44~LQ*HE*N130~SVC*HC>G0378*7532*0*0762*0**59~DTM*472*20211214~CAS*CO*97*7532*59~REF*6R*MIXP0034935122-45~LQ*HE*N130~CLP*10814504700*1*57084.33*9936.43*200*13*220114E058030000*11*1**682*1.4727~NM1*QC*1*CAREY*WILMA*C***MI*MEBG4FFX~NM1*82*2*MIAMI VALLEY HOSPITAL*****XX*1073688354~REF*G1*3068912~REF*1L*455667-011~REF*CE*HPRS PPO PLAN NET 03418~DTM*232*20211230~DTM*233*20220104~DTM*050*20220114~PER*CX**TE*8006240756~AMT*AU*28441~SVC*NU>0206*28441*9936.43**5~DTM*150*20211230~DTM*151*20220104~CAS*CO*45*18304.57~CAS*PR*3*200~REF*6R*MIXP0034935980-1~AMT*B6*10136.43~SVC*NU>0480*4039*0**0**1~DTM*150*20211230~DTM*151*20220104~CAS*CO*97*4039*1~REF*6R*MIXP0034935980-23~LQ*HE*M2~SVC*NU>0272*56*0**0**8~DTM*150*20211230~DTM*151*20220104~CAS*CO*97*56*8~REF*6R*MIXP0034935980-5~LQ*HE*M2~SVC*NU>0410*3663*0**0**8~DTM*150*20211230~DTM*151*20220104~CAS*CO*97*3663*8~REF*6R*MIXP0034935980-16~LQ*HE*M2~SVC*NU>0450*5145*0**0**1~DTM*150*20211230~DTM*151*20220104~CAS*CO*97*5145*1~REF*6R*MIXP0034935980-22~LQ*HE*M2~SVC*NU>0250*430.58*0**0**47~DTM*150*20211230~DTM*151*20220104~CAS*CO*97*430.58*47~REF*6R*MIXP0034935980-2~LQ*HE*M2~SVC*NU>0255*82*0**0**3~DTM*150*20211230~DTM*151*20220104~CAS*CO*97*82*3~REF*6R*MIXP0034935980-3~LQ*HE*M2~SVC*NU>0258*29.75*0**0**1~DTM*150*20211230~DTM*151*20220104~CAS*CO*97*29.75*1~REF*6R*MIXP0034935980-4~LQ*HE*M2~SVC*NU>0300*175*0**0**6~DTM*150*20211230~DTM*151*20220104~CAS*CO*97*175*6~REF*6R*MIXP0034935980-6~LQ*HE*M2~SVC*NU>0301*2871*0**0**23~DTM*150*20211230~DTM*151*20220104~CAS*CO*97*2871*23~REF*6R*MIXP0034935980-7~LQ*HE*M2~SVC*NU>0302*57*0**0**1~DTM*150*20211230~DTM*151*20220104~CAS*CO*97*57*1~REF*6R*MIXP0034935980-8~LQ*HE*M2~SVC*NU>0305*582*0**0**7~DTM*150*20211230~DTM*151*20220104~CAS*CO*97*582*7~REF*6R*MIXP0034935980-9~LQ*HE*M2~SVC*NU>0306*237*0**0**3~DTM*150*20211230~DTM*151*20220104~CAS*CO*97*237*3~REF*6R*MIXP0034935980-10~LQ*HE*M2~SVC*NU>0307*28*0**0**1~DTM*150*20211230~DTM*151*20220104~CAS*CO*97*28*1~REF*6R*MIXP0034935980-11~LQ*HE*M2~SVC*NU>0320*992*0**0**2~DTM*150*20211230~DTM*151*20220104~CAS*CO*97*992*2~REF*6R*MIXP0034935980-12~LQ*HE*M2~SVC*NU>0324*1802*0**0**3~DTM*150*20211230~DTM*151*20220104~CAS*CO*97*1802*3~REF*6R*MIXP0034935980-13~LQ*HE*M2~SVC*NU>0351*1109*0**0**1~DTM*150*20211230~DTM*151*20220104~CAS*CO*97*1109*1~REF*6R*MIXP0034935980-14~LQ*HE*M2~SVC*NU>0352*2412*0**0**2~DTM*150*20211230~DTM*151*20220104~CAS*CO*97*2412*2~REF*6R*MIXP0034935980-15~LQ*HE*M2~SVC*NU>0420*211*0**0**1~DTM*150*20211230~DTM*151*20220104~CAS*CO*97*211*1~REF*6R*MIXP0034935980-17~LQ*HE*M2~SVC*NU>0424*480*0**0**1~DTM*150*20211230~DTM*151*20220104~CAS*CO*97*480*1~REF*6R*MIXP0034935980-18~LQ*HE*M2~SVC*NU>0430*211*0**0**1~DTM*150*20211230~DTM*151*20220104~CAS*CO*97*211*1~REF*6R*MIXP0034935980-19~LQ*HE*M2~SVC*NU>0434*601*0**0**1~DTM*150*20211230~DTM*151*20220104~CAS*CO*97*601*1~REF*6R*MIXP0034935980-20~LQ*HE*M2~SVC*NU>0440*469*0**0**1~DTM*150*20211230~DTM*151*20220104~CAS*CO*97*469*1~REF*6R*MIXP0034935980-21~LQ*HE*M2~SVC*NU>0730*364*0**0**1~DTM*150*20211230~DTM*151*20220104~CAS*CO*97*364*1~REF*6R*MIXP0034935980-24~LQ*HE*M2~SVC*NU>0921*2597*0**0**1~DTM*150*20211230~DTM*151*20220104~CAS*CO*97*2597*1~REF*6R*MIXP0034935980-25~LQ*HE*M2~CLP*10787887400*1*3627*517.91**13*220115E006270000*13*1~NM1*QC*1*MATZ*JAMES*F***MI*MEBD48JX~NM1*82*2*MIAMI VALLEY HOSPITAL*****XX*1073688354~REF*1L*455716-132~REF*CE*STRS PPO PLAN NET 03418~DTM*232*20211122~DTM*233*20211122~DTM*050*20220115~PER*CX**TE*8006240756~AMT*AU*3627~SVC*HC>77386*3627*517.91*0333*1~DTM*472*20211122~CAS*CO*45*3109.09~REF*6R*MIXP0034943773-1~AMT*B6*517.91~LQ*HE*N59~CLP*10804040200*1*2193*236.55*90*13*220115E006290000*13*2~NM1*QC*1*JOHNSON*CELESTINE****MI*MEBF0B5R~NM1*82*2*MIAMI VALLEY HOSPITAL*****XX*1073688354~REF*1L*466235-005~REF*CE*SERS PPO PLAN NET 03418~DTM*232*20211210~DTM*233*20211222~DTM*050*20220115~PER*CX**TE*8006240756~AMT*AU*2193~SVC*HC>97162>GP*301*68.02*0424*1~DTM*472*20211210~CAS*CO*45*202.98~CAS*PR*3*30~REF*6R*MIXP0034944441-6~AMT*B6*98.02~LQ*HE*N59~SVC*HC>97110>GP*211*22.83*0420*1~DTM*472*20211210~CAS*CO*45*188.17~REF*6R*MIXP0034944441-1~AMT*B6*22.83~LQ*HE*N59~SVC*HC>97530>GP*204*26.78*0420*1~DTM*472*20211210~CAS*CO*45*177.22~REF*6R*MIXP0034944441-5~AMT*B6*26.78~LQ*HE*N59~SVC*HC>97110>GP>CQ*633*54.86*0420*3~DTM*472*20211217~CAS*CO*45*558.14~CAS*PR*3*20~REF*6R*MIXP0034944441-4~AMT*B6*74.86~LQ*HE*N59~SVC*HC>97110>GP*422*32.03*0420*2~DTM*472*20211220~CAS*CO*45*369.97~CAS*PR*3*20~REF*6R*MIXP0034944441-2~AMT*B6*52.03~LQ*HE*N59~SVC*HC>97110>GP*422*32.03*0420*2~DTM*472*20211222~CAS*CO*45*369.97~CAS*PR*3*20~REF*6R*MIXP0034944441-3~AMT*B6*52.03~LQ*HE*N59~CLP*10796418500*1*1899*241.16*10.03*13*220115E006300000*13*3~NM1*QC*1*BURTON*RONALD*C***MI*101238997100~NM1*74*1******C*MEBH58BC~NM1*82*2*MIAMI VALLEY HOSPITAL*****XX*1073688354~REF*1L*455717-057~REF*CE*STRS PPO PLAN NET 03418~DTM*232*20211214~DTM*233*20211227~DTM*050*20220115~PER*CX**TE*8006240756~AMT*AU*1899~SVC*HC>97112>GP*633*82.42*0420*3~DTM*472*20211214~CAS*CO*45*547.15~CAS*PR*2*3.43~REF*6R*MIXP0034943608-3~AMT*B6*85.85~LQ*HE*N59~SVC*HC>97110>GP*211*21.92*0420*1~DTM*472*20211222~CAS*CO*45*188.17~CAS*PR*2*.91~REF*6R*MIXP0034943608-1~AMT*B6*22.83~LQ*HE*N59~SVC*HC>97112>GP*422*57.45*0420*2~DTM*472*20211222~CAS*CO*45*362.16~CAS*PR*2*2.39~REF*6R*MIXP0034943608-4~AMT*B6*59.84~LQ*HE*N59~SVC*HC>97110>GP*211*21.92*0420*1~DTM*472*20211227~CAS*CO*45*188.17~CAS*PR*2*.91~REF*6R*MIXP0034943608-2~AMT*B6*22.83~LQ*HE*N59~SVC*HC>97112>GP*422*57.45*0420*2~DTM*472*20211227~CAS*CO*45*362.16~CAS*PR*2*2.39~REF*6R*MIXP0034943608-5~AMT*B6*59.84~LQ*HE*N59~CLP*10809053700*1*17139.62*7224.81**13*220115E031140001*11*1**682*1.4727~NM1*QC*1*SANDERS*BIRTETTE****MI*MEBTR25Q~NM1*82*2*MIAMI VALLEY HOSPITAL*****XX*1073688354~REF*1L*467514-287~REF*CE*US REPRESENTED RETIREES PLAN NET 03418~DTM*232*20211219~DTM*233*20211221~DTM*050*20220115~PER*CX**TE*8006240756~AMT*AU*7118~SVC*NU>0111*7118*7224.81**2~DTM*150*20211219~DTM*151*20211221~CAS*CO*45*-106.81~REF*6R*MIXP0034943335-1~AMT*B6*7224.81~SVC*NU>0450*5145*0**0**1~DTM*150*20211219~DTM*151*20211221~CAS*CO*97*5145*1~REF*6R*MIXP0034943335-11~LQ*HE*M2~SVC*NU>0250*390.12*0**0**27~DTM*150*20211219~DTM*151*20211221~CAS*CO*97*390.12*27~REF*6R*MIXP0034943335-2~LQ*HE*M2~SVC*NU>0258*59.5*0**0**2~DTM*150*20211219~DTM*151*20211221~CAS*CO*97*59.5*2~REF*6R*MIXP0034943335-3~LQ*HE*M2~SVC*NU>0300*103*0**0**5~DTM*150*20211219~DTM*151*20211221~CAS*CO*97*103*5~REF*6R*MIXP0034943335-4~LQ*HE*M2~SVC*NU>0301*1032*0**0**16~DTM*150*20211219~DTM*151*20211221~CAS*CO*97*1032*16~REF*6R*MIXP0034943335-5~LQ*HE*M2~SVC*NU>0305*202*0**0**3~DTM*150*20211219~DTM*151*20211221~CAS*CO*97*202*3~REF*6R*MIXP0034943335-6~LQ*HE*M2~SVC*NU>0306*110*0**0**2~DTM*150*20211219~DTM*151*20211221~CAS*CO*97*110*2~REF*6R*MIXP0034943335-7~LQ*HE*M2~SVC*NU>0307*20*0**0**1~DTM*150*20211219~DTM*151*20211221~CAS*CO*97*20*1~REF*6R*MIXP0034943335-8~LQ*HE*M2~SVC*NU>0351*1109*0**0**1~DTM*150*20211219~DTM*151*20211221~CAS*CO*97*1109*1~REF*6R*MIXP0034943335-9~LQ*HE*M2~SVC*NU>0352*1487*0**0**1~DTM*150*20211219~DTM*151*20211221~CAS*CO*97*1487*1~REF*6R*MIXP0034943335-10~LQ*HE*M2~SVC*NU>0730*364*0**0**1~DTM*150*20211219~DTM*151*20211221~CAS*CO*97*364*1~REF*6R*MIXP0034943335-12~LQ*HE*M2~CLP*10814786500*1*22250.74*5292.74*220.53*13*220115E031150000*11*1**392*.7658~NM1*QC*1*WHITSON*KARYN*W***MI*MEBVVJ4X~NM1*82*2*MIAMI VALLEY HOSPITAL*****XX*1073688354~REF*G1*3067521~REF*1L*455716-132~REF*CE*STRS PPO PLAN NET 03418~DTM*232*20211231~DTM*233*20220104~DTM*050*20220115~PER*CX**TE*8006240756~AMT*AU*14662~SVC*NU>0111*14662*5292.74**4~DTM*150*20211231~DTM*151*20220104~CAS*CO*45*9148.73~CAS*PR*2*220.53~REF*6R*MIXP0034943340-1~AMT*B6*5513.27~SVC*NU>0272*26*0**0**2~DTM*150*20211231~DTM*151*20220104~CAS*CO*97*26*2~REF*6R*MIXP0034943340-4~LQ*HE*M2~SVC*NU>0450*3146*0**0**1~DTM*150*20211231~DTM*151*20220104~CAS*CO*97*3146*1~REF*6R*MIXP0034943340-10~LQ*HE*M2~SVC*NU>0250*919.04*0**0**80~DTM*150*20211231~DTM*151*20220104~CAS*CO*97*919.04*80~REF*6R*MIXP0034943340-2~LQ*HE*M2~SVC*NU>0255*40.7*0**0**100~DTM*150*20211231~DTM*151*20220104~CAS*CO*97*40.7*100~REF*6R*MIXP0034943340-3~LQ*HE*M2~SVC*NU>0300*72*0**0**3~DTM*150*20211231~DTM*151*20220104~CAS*CO*97*72*3~REF*6R*MIXP0034943340-5~LQ*HE*M2~SVC*NU>0301*288*0**0**4~DTM*150*20211231~DTM*151*20220104~CAS*CO*97*288*4~REF*6R*MIXP0034943340-6~LQ*HE*M2~SVC*NU>0305*374*0**0**4~DTM*150*20211231~DTM*151*20220104~CAS*CO*97*374*4~REF*6R*MIXP0034943340-7~LQ*HE*M2~SVC*NU>0307*28*0**0**1~DTM*150*20211231~DTM*151*20220104~CAS*CO*97*28*1~REF*6R*MIXP0034943340-8~LQ*HE*M2~SVC*NU>0352*2695*0**0**1~DTM*150*20211231~DTM*151*20220104~CAS*CO*97*2695*1~REF*6R*MIXP0034943340-9~LQ*HE*M2~CLP*10793216100*1*8649*933.92*38.89*13*220115E031180000*13*3~NM1*QC*1*JOHNSON*JUDITH*A***MI*101324363300~NM1*74*1******C*MEBF0S3S~NM1*82*2*MIAMI VALLEY HOSPITAL*****XX*1073688354~REF*1L*455716-132~REF*CE*STRS PPO PLAN NET 03418~DTM*232*20211201~DTM*233*20211229~DTM*050*20220115~PER*CX**TE*8006240756~AMT*AU*8433~SVC*HC>97110>GP*422*49.95*0420*2~DTM*472*20211201~CAS*CO*45*369.97~CAS*PR*2*2.08~REF*6R*MIXP0034943363-2~AMT*B6*52.03~SVC*HC>97140>GP*211*20.49*0420*1~DTM*472*20211201~CAS*CO*45*189.66~CAS*PR*2*.85~REF*6R*MIXP0034943363-14~AMT*B6*21.34~SVC*HC>97110>GP>CQ*422*49.95*0420*2~DTM*472*20211203~CAS*CO*45*369.97~CAS*PR*2*2.08~REF*6R*MIXP0034943363-5~AMT*B6*52.03~SVC*HC>97140>GP>CQ*211*20.49*0420*1~DTM*472*20211203~CAS*CO*45*189.66~CAS*PR*2*.85~REF*6R*MIXP0034943363-17~AMT*B6*21.34~SVC*HC>97110>GP*422*49.95*0420*2~DTM*472*20211206~CAS*CO*45*369.97~CAS*PR*2*2.08~REF*6R*MIXP0034943363-3~AMT*B6*52.03~SVC*HC>97140>GP*211*20.49*0420*1~DTM*472*20211206~CAS*CO*45*189.66~CAS*PR*2*.85~REF*6R*MIXP0034943363-15~AMT*B6*21.34~SVC*HC>97110>GP>CQ*422*49.95*0420*2~DTM*472*20211208~CAS*CO*45*369.97~CAS*PR*2*2.08~REF*6R*MIXP0034943363-6~AMT*B6*52.03~SVC*HC>97140>GP>CQ*211*20.49*0420*1~DTM*472*20211208~CAS*CO*45*189.66~CAS*PR*2*.85~REF*6R*MIXP0034943363-18~AMT*B6*21.34~SVC*HC>97164>GP>XU*216*0*0424*0**1~DTM*472*20211213~CAS*PI*16*216*1~REF*6R*MIXP0034943363-26~LQ*HE*M51~SVC*HC>G0283>GP*211*9.3*0420*1~DTM*472*20211213~CAS*CO*45*201.31~CAS*PR*2*.39~REF*6R*MIXP0034943363-1~AMT*B6*9.69~SVC*HC>97140>GP*211*20.49*0420*1~DTM*472*20211213~CAS*CO*45*189.66~CAS*PR*2*.85~REF*6R*MIXP0034943363-16~AMT*B6*21.34~SVC*HC>97530>GP*204*35.95*0420*1~DTM*472*20211213~CAS*CO*45*166.55~CAS*PR*2*1.5~REF*6R*MIXP0034943363-25~AMT*B6*37.45~SVC*HC>97140>GP>CQ*633*66.8*0420*3~DTM*472*20211214~CAS*CO*45*563.42~CAS*PR*2*2.78~REF*6R*MIXP0034943363-19~AMT*B6*69.58~SVC*HC>97110>GP>CQ*211*28.03*0420*1~DTM*472*20211216~CAS*CO*45*181.8~CAS*PR*2*1.17~REF*6R*MIXP0034943363-7~AMT*B6*29.2~SVC*HC>97140>GP>CQ*422*40.96*0420*2~DTM*472*20211216~CAS*CO*45*379.33~CAS*PR*2*1.71~REF*6R*MIXP0034943363-20~AMT*B6*42.67~SVC*HC>97110>GP>CQ*211*28.03*0420*1~DTM*472*20211217~CAS*CO*45*181.8~CAS*PR*2*1.17~REF*6R*MIXP0034943363-8~AMT*B6*29.2~SVC*HC>97140>GP>CQ*422*40.96*0420*2~DTM*472*20211217~CAS*CO*45*379.33~CAS*PR*2*1.71~REF*6R*MIXP0034943363-21~AMT*B6*42.67~SVC*HC>97110>GP*633*71.87*0420*3~DTM*472*20211220~CAS*CO*45*558.14~CAS*PR*2*2.99~REF*6R*MIXP0034943363-4~AMT*B6*74.86~SVC*HC>97110>GP>CQ*633*71.87*0420*3~DTM*472*20211221~CAS*CO*45*558.14~CAS*PR*2*2.99~REF*6R*MIXP0034943363-9~AMT*B6*74.86~SVC*HC>97110>GP>CQ*211*28.03*0420*1~DTM*472*20211222~CAS*CO*45*181.8~CAS*PR*2*1.17~REF*6R*MIXP0034943363-10~AMT*B6*29.2~SVC*HC>97140>GP>CQ*211*20.49*0420*1~DTM*472*20211222~CAS*CO*45*189.66~CAS*PR*2*.85~REF*6R*MIXP0034943363-22~AMT*B6*21.34~SVC*HC>97110>GP>CQ*211*28.03*0420*1~DTM*472*20211223~CAS*CO*45*181.8~CAS*PR*2*1.17~REF*6R*MIXP0034943363-11~AMT*B6*29.2~SVC*HC>97140>GP>CQ*422*40.96*0420*2~DTM*472*20211223~CAS*CO*45*379.33~CAS*PR*2*1.71~REF*6R*MIXP0034943363-23~AMT*B6*42.67~SVC*HC>97110>GP>CQ*211*28.03*0420*1~DTM*472*20211227~CAS*CO*45*181.8~CAS*PR*2*1.17~REF*6R*MIXP0034943363-12~AMT*B6*29.2~SVC*HC>97140>GP>CQ*211*20.49*0420*1~DTM*472*20211227~CAS*CO*45*189.66~CAS*PR*2*.85~REF*6R*MIXP0034943363-24~AMT*B6*21.34~SVC*HC>97110>GP>CQ*633*71.87*0420*3~DTM*472*20211229~CAS*CO*45*558.14~CAS*PR*2*2.99~REF*6R*MIXP0034943363-13~AMT*B6*74.86~CLP*10806298400*1*8052.11*337.34*14.06*13*220115E056540000*13*1~NM1*QC*1*HUGHES*JANICE*E***MI*MEBNK5FV~NM1*82*2*MIAMI VALLEY HOSPITAL*****XX*1073688354~REF*1L*455716-132~REF*CE*STRS PPO PLAN NET 03418~DTM*232*20211227~DTM*233*20211227~DTM*050*20220115~PER*CX**TE*8006240756~AMT*AU*8001~SVC*NU>0272*35*0**0**1~DTM*472*20211227~CAS*CO*97*35*1~REF*6R*MIXP0034941925-1~LQ*HE*N130~SVC*HC>C8908*8001*337.34*0610*1~DTM*472*20211227~CAS*CO*45*7649.6~CAS*PR*2*14.06~REF*6R*MIXP0034941925-2~AMT*B6*351.4~LQ*HE*N59~SVC*HC>A9575*16.11*0*0636*0**110~DTM*472*20211227~CAS*CO*97*16.11*110~REF*6R*MIXP0034941925-3~LQ*HE*N130~CLP*10800566700*1*1177*208.02*30.62*13*220115E056560000*13*2~NM1*QC*1*BOWMAN*LONA*P***MI*MEBN3DJQ~NM1*82*2*MIAMI VALLEY HOSPITAL*****XX*1073688354~REF*1L*455716-132~REF*CE*STRS PPO PLAN NET 03418~DTM*232*20211206~DTM*233*20211208~DTM*050*20220115~PER*CX**TE*8006240756~AMT*AU*1177~SVC*HC>97161>GP*150*73.02*0424*1~DTM*472*20211206~CAS*CO*45*51.98~CAS*PR*3*25~REF*6R*MIXP0034944581-4~AMT*B6*98.02~LQ*HE*N59~SVC*HC>97110>GP*211*21.92*0420*1~DTM*472*20211206~CAS*CO*45*188.17~CAS*PR*2*.91~REF*6R*MIXP0034944581-1~AMT*B6*22.83~LQ*HE*N59~SVC*HC>97530>GP*204*25.71*0420*1~DTM*472*20211206~CAS*CO*45*177.22~CAS*PR*2*1.07~REF*6R*MIXP0034944581-2~AMT*B6*26.78~LQ*HE*N59~SVC*HC>97530>GP*612*87.37*0420*3~DTM*472*20211208~CAS*CO*45*520.99~CAS*PR*2*3.64~REF*6R*MIXP0034944581-3~AMT*B6*91.01~LQ*HE*N59~CLP*10799411100*1*422*48.25**13*220115E056570000*13*3~NM1*QC*1*SMITH*MARVA*J***MI*MEBTVMTX~NM1*82*2*MIAMI VALLEY HOSPITAL*****XX*1073688354~REF*1L*441297-004~REF*CE*MEDICARE (S02) PPO PLAN NET 03418~DTM*232*20211214~DTM*233*20211214~DTM*050*20220115~PER*CX**TE*8006240756~AMT*AU*422~SVC*HC>97140>GP*422*48.25*0420*2~DTM*472*20211214~CAS*CO*45*373.75~REF*6R*MIXP0034944363-1~AMT*B6*48.25~LQ*HE*N59~CLP*10813895200*1*17438.35*2252.88*100*13*220115E056580000*13*1~NM1*QC*1*FOSBERG*BARBARA*L***MI*MEBD9KNT~NM1*82*2*MIAMI VALLEY HOSPITAL*****XX*1073688354~REF*1L*466235-005~REF*CE*SERS PPO PLAN NET 03418~DTM*232*20211229~DTM*233*20211231~DTM*050*20220115~PER*CX**TE*8006240756~AMT*AU*4227~SVC*NU>0250*3.58*0**0**1~DTM*472*20211229~CAS*CO*97*3.58*1~REF*6R*MIXP0034944670-1~LQ*HE*N130~SVC*NU>0250*3.58*0**0**1~DTM*472*20211230~CAS*CO*97*3.58*1~REF*6R*MIXP0034944670-2~LQ*HE*N130~SVC*NU>0250*3.58*0**0**1~DTM*472*20211231~CAS*CO*97*3.58*1~REF*6R*MIXP0034944670-3~LQ*HE*N130~SVC*HC>96365>XU*630*0*0260*0**1~DTM*472*20211229~CAS*CO*97*630*1~REF*6R*MIXP0034944670-4~LQ*HE*N130~SVC*NU>0272*33*0**0**3~DTM*472*20211229~CAS*CO*97*33*3~REF*6R*MIXP0034944670-5~LQ*HE*N130~SVC*NU>0272*14*0**0**2~DTM*472*20211230~CAS*CO*97*14*2~REF*6R*MIXP0034944670-6~LQ*HE*N130~SVC*NU>0272*7*0**0**1~DTM*472*20211231~CAS*CO*97*7*1~REF*6R*MIXP0034944670-7~LQ*HE*N130~SVC*HC>U0002*61*0*0300*0**1~DTM*472*20211231~CAS*CO*97*61*1~REF*6R*MIXP0034944670-8~LQ*HE*N130~SVC*HC>36415*21*0*0300*0**1~DTM*472*20211230~CAS*CO*97*21*1~REF*6R*MIXP0034944670-9~LQ*HE*N19~SVC*HC>80048*66*0*0301*0**1~DTM*472*20211230~CAS*CO*97*66*1~REF*6R*MIXP0034944670-10~LQ*HE*N130~SVC*HC>80053*95*0*0301*0**1~DTM*472*20211229~CAS*CO*97*95*1~REF*6R*MIXP0034944670-11~LQ*HE*N130~SVC*HC>82248*36*0*0301*0**1~DTM*472*20211229~CAS*CO*97*36*1~REF*6R*MIXP0034944670-12~LQ*HE*N130~SVC*HC>82550*57*0*0301*0**1~DTM*472*20211229~CAS*CO*97*57*1~REF*6R*MIXP0034944670-13~LQ*HE*N130~SVC*HC>82550*57*0*0301*0**1~DTM*472*20211230~CAS*CO*97*57*1~REF*6R*MIXP0034944670-14~LQ*HE*N130~SVC*HC>83690*82*0*0301*0**1~DTM*472*20211229~CAS*CO*97*82*1~REF*6R*MIXP0034944670-15~LQ*HE*N130~SVC*HC>85025*86*0*0305*0**1~DTM*472*20211229~CAS*CO*97*86*1~REF*6R*MIXP0034944670-16~LQ*HE*N130~SVC*HC>87077*55*0*0306*0**1~DTM*472*20211229~CAS*CO*97*55*1~REF*6R*MIXP0034944670-17~LQ*HE*N130~SVC*HC>87086*55*0*0306*0**1~DTM*472*20211229~CAS*CO*97*55*1~REF*6R*MIXP0034944670-18~LQ*HE*N130~SVC*HC>87088*55*0*0306*0**1~DTM*472*20211229~CAS*CO*97*55*1~REF*6R*MIXP0034944670-19~LQ*HE*N130~SVC*HC>87186*53*0*0306*0**1~DTM*472*20211229~CAS*CO*97*53*1~REF*6R*MIXP0034944670-20~LQ*HE*N130~SVC*HC>81001>XU*28*0*0307*0**1~DTM*472*20211229~CAS*CO*97*28*1~REF*6R*MIXP0034944670-21~LQ*HE*N130~SVC*HC>72170*903*0*0320*0**1~DTM*472*20211229~CAS*CO*97*903*1~REF*6R*MIXP0034944670-22~LQ*HE*N130~SVC*HC>71045*556*0*0324*0**1~DTM*472*20211229~CAS*CO*97*556*1~REF*6R*MIXP0034944670-23~LQ*HE*N130~SVC*HC>70450*1109*0*0351*0**1~DTM*472*20211229~CAS*CO*97*1109*1~REF*6R*MIXP0034944670-24~LQ*HE*N130~SVC*HC>72125*1109*0*0352*0**1~DTM*472*20211229~CAS*CO*97*1109*1~REF*6R*MIXP0034944670-25~LQ*HE*N130~SVC*HC>74177*2695*0*0352*0**1~DTM*472*20211229~CAS*CO*97*2695*1~REF*6R*MIXP0034944670-26~LQ*HE*N130~SVC*HC>97116>GP>XU*211*0*0420*0**1~DTM*472*20211230~CAS*CO*97*211*1~REF*6R*MIXP0034944670-27~LQ*HE*N130~SVC*HC>97530>GP*204*0*0420*0**1~DTM*472*20211230~CAS*CO*97*204*1~REF*6R*MIXP0034944670-28~LQ*HE*N130~SVC*HC>97163>GP*480*98.02*0424*1~DTM*472*20211230~CAS*CO*45*381.98~REF*6R*MIXP0034944670-29~AMT*B6*98.02~LQ*HE*N59~SVC*HC>97530>GO*211*0*0430*0**1~DTM*472*20211230~CAS*CO*97*211*1~REF*6R*MIXP0034944670-30~LQ*HE*N130~SVC*HC>97535>GO>XU*264*0*0430*0**1~DTM*472*20211230~CAS*CO*97*264*1~REF*6R*MIXP0034944670-31~LQ*HE*N130~SVC*HC>97167>GO*601*75.4*0434*1~DTM*472*20211230~CAS*CO*45*525.6~REF*6R*MIXP0034944670-32~AMT*B6*75.4~LQ*HE*N59~SVC*HC>99284>25*3146*2079.46*0450*1~DTM*472*20211229~CAS*CO*45*966.54~CAS*PR*3*100~REF*6R*MIXP0034944670-33~AMT*B6*2179.46~LQ*HE*N59~SVC*HC>J0696*66.78*0*0636*0**4~DTM*472*20211229~CAS*CO*97*66.78*4~REF*6R*MIXP0034944670-34~LQ*HE*N130~SVC*HC>J0696*66.78*0*0636*0**4~DTM*472*20211230~CAS*CO*97*66.78*4~REF*6R*MIXP0034944670-35~LQ*HE*N130~SVC*HC>J1650*120.48*0*0636*0**3~DTM*472*20211229~CAS*CO*97*120.48*3~REF*6R*MIXP0034944670-36~LQ*HE*N130~SVC*HC>J1650*13.31*0*0636*0**3~DTM*472*20211230~CAS*CO*97*13.31*3~REF*6R*MIXP0034944670-37~LQ*HE*N130~SVC*HC>J1650*13.31*0*0636*0**3~DTM*472*20211231~CAS*CO*97*13.31*3~REF*6R*MIXP0034944670-38~LQ*HE*N130~SVC*HC>J7030*29.75*0*0636*0**1~DTM*472*20211229~CAS*CO*97*29.75*1~REF*6R*MIXP0034944670-39~LQ*HE*N130~SVC*HC>Q9967*39.2*0*0636*0**100~DTM*472*20211229~CAS*CO*97*39.2*100~REF*6R*MIXP0034944670-40~LQ*HE*N130~SVC*HC>93005*364*0*0730*0**1~DTM*472*20211229~CAS*CO*97*364*1~REF*6R*MIXP0034944670-41~LQ*HE*N130~SVC*HC>G0378*3428*0*0762*0**23~DTM*472*20211229~CAS*CO*97*3428*23~REF*6R*MIXP0034944670-42~LQ*HE*N130~SVC*HC>96372*153*0*0940*0**1~DTM*472*20211230~CAS*CO*97*153*1~REF*6R*MIXP0034944670-43~LQ*HE*N130~SVC*HC>96372>XU*153*0*0940*0**1~DTM*472*20211229~CAS*CO*97*153*1~REF*6R*MIXP0034944670-44~LQ*HE*N130~CLP*10813336100*1*47339.65*8273.66*250*13*220115E081520001*11*1**189*1.2261~NM1*QC*1*BRAMLAGE*CHARLES*J***MI*MEBF2FHM~NM1*82*2*MIAMI VALLEY HOSPITAL*****XX*1073688354~REF*G1*3061925~REF*1L*429418-001~REF*CE*MEDICARE (S01) PPO NET 03418~DTM*232*20211229~DTM*233*20220104~DTM*050*20220115~PER*CX**TE*8006240756~AMT*AU*21780~SVC*NU>0111*21780*8273.66**6~DTM*150*20211229~DTM*151*20220104~CAS*CO*45*13256.34~CAS*PR*3*250~REF*6R*MIXP0034941811-1~AMT*B6*8523.66~SVC*NU>0272*7*0**0**1~DTM*150*20211229~DTM*151*20220104~CAS*CO*97*7*1~REF*6R*MIXP0034941811-4~LQ*HE*M2~SVC*NU>0410*8383*0**0**30~DTM*150*20211229~DTM*151*20220104~CAS*CO*97*8383*30~REF*6R*MIXP0034941811-12~LQ*HE*M2~SVC*NU>0450*5145*0**0**1~DTM*150*20211229~DTM*151*20220104~CAS*CO*97*5145*1~REF*6R*MIXP0034941811-18~LQ*HE*M2~SVC*NU>0250*478.65*0**0**210~DTM*150*20211229~DTM*151*20220104~CAS*CO*97*478.65*210~REF*6R*MIXP0034941811-2~LQ*HE*M2~SVC*NU>0255*70*0**0**102~DTM*150*20211229~DTM*151*20220104~CAS*CO*97*70*102~REF*6R*MIXP0034941811-3~LQ*HE*M2~SVC*NU>0300*1068*0**0**10~DTM*150*20211229~DTM*151*20220104~CAS*CO*97*1068*10~REF*6R*MIXP0034941811-5~LQ*HE*M2~SVC*NU>0301*1249*0**0**10~DTM*150*20211229~DTM*151*20220104~CAS*CO*97*1249*10~REF*6R*MIXP0034941811-6~LQ*HE*M2~SVC*NU>0305*765*0**0**15~DTM*150*20211229~DTM*151*20220104~CAS*CO*97*765*15~REF*6R*MIXP0034941811-7~LQ*HE*M2~SVC*NU>0306*142*0**0**2~DTM*150*20211229~DTM*151*20220104~CAS*CO*97*142*2~REF*6R*MIXP0034941811-8~LQ*HE*M2~SVC*NU>0320*887*0**0**1~DTM*150*20211229~DTM*151*20220104~CAS*CO*97*887*1~REF*6R*MIXP0034941811-9~LQ*HE*M2~SVC*NU>0324*556*0**0**1~DTM*150*20211229~DTM*151*20220104~CAS*CO*97*556*1~REF*6R*MIXP0034941811-10~LQ*HE*M2~SVC*NU>0352*3627*0**0**2~DTM*150*20211229~DTM*151*20220104~CAS*CO*97*3627*2~REF*6R*MIXP0034941811-11~LQ*HE*M2~SVC*NU>0420*472*0**0**2~DTM*150*20211229~DTM*151*20220104~CAS*CO*97*472*2~REF*6R*MIXP0034941811-13~LQ*HE*M2~SVC*NU>0424*538*0**0**1~DTM*150*20211229~DTM*151*20220104~CAS*CO*97*538*1~REF*6R*MIXP0034941811-14~LQ*HE*M2~SVC*NU>0430*658*0**0**3~DTM*150*20211229~DTM*151*20220104~CAS*CO*97*658*3~REF*6R*MIXP0034941811-15~LQ*HE*M2~SVC*NU>0434*451*0**0**1~DTM*150*20211229~DTM*151*20220104~CAS*CO*97*451*1~REF*6R*MIXP0034941811-16~LQ*HE*M2~SVC*NU>0440*699*0**0**2~DTM*150*20211229~DTM*151*20220104~CAS*CO*97*699*2~REF*6R*MIXP0034941811-17~LQ*HE*M2~SVC*NU>0730*364*0**0**1~DTM*150*20211229~DTM*151*20220104~CAS*CO*97*364*1~REF*6R*MIXP0034941811-19~LQ*HE*M2~CLP*10809985700*1*9996.57*0**13*220115E081540000*13*1~NM1*QC*1*CURTIS*LYNN*M***MI*MEBT83TS~NM1*82*2*MIAMI VALLEY HOSPITAL*****XX*1073688354~REF*1L*441297-004~REF*CE*MEDICARE (S02) PPO PLAN NET 03418~DTM*232*20211227~DTM*233*20211227~DTM*050*20220115~PER*CX**TE*8006240756~SVC*HC>93017*1652*0*0482*0**1~DTM*472*20211227~CAS*CO*97*1652*1~REF*6R*MIXP0034943110-4~LQ*HE*N130~SVC*HC>J2785*1097.31*0*0636*0**4~DTM*472*20211227~CAS*CO*97*1097.31*4~REF*6R*MIXP0034943110-5~LQ*HE*N130~SVC*NU>0258*8.26*0**0**2~DTM*472*20211227~CAS*CO*97*8.26*2~REF*6R*MIXP0034943110-1~LQ*HE*N130~SVC*HC>78452*6749*0*0341*0**1~DTM*472*20211227~CAS*CO*197*6749*1~REF*6R*MIXP0034943110-2~SVC*HC>A9500*490*0*0343*0**2~DTM*472*20211227~CAS*CO*97*490*2~REF*6R*MIXP0034943110-3~LQ*HE*N130~CLP*10787887403*1*3627*517.91**13*220115E081550000*13*1~NM1*QC*1*MATZ*JAMES*F***MI*MEBD48JX~NM1*82*2*MIAMI VALLEY HOSPITAL*****XX*1073688354~REF*1L*455716-132~REF*CE*STRS PPO PLAN NET 03418~DTM*232*20211130~DTM*233*20211130~DTM*050*20220115~PER*CX**TE*8006240756~AMT*AU*3627~SVC*HC>77386*3627*517.91*0333*1~DTM*472*20211130~CAS*CO*45*3109.09~REF*6R*MIXP0034943772-1~AMT*B6*517.91~LQ*HE*N59~CLP*10787887401*1*4398*639.02**13*220115E081560000*13*1~NM1*QC*1*MATZ*JAMES*F***MI*MEBD48JX~NM1*82*2*MIAMI VALLEY HOSPITAL*****XX*1073688354~REF*1L*455716-132~REF*CE*STRS PPO PLAN NET 03418~DTM*232*20211124~DTM*233*20211124~DTM*050*20220115~PER*CX**TE*8006240756~AMT*AU*4398~SVC*HC>77336*771*121.11*0333*1~DTM*472*20211124~CAS*CO*45*649.89~REF*6R*MIXP0034943774-1~AMT*B6*121.11~LQ*HE*N59~SVC*HC>77386*3627*517.91*0333*1~DTM*472*20211124~CAS*CO*45*3109.09~REF*6R*MIXP0034943774-2~AMT*B6*517.91~LQ*HE*N59~CLP*10787887402*1*3627*517.91**13*220115E081570000*13*1~NM1*QC*1*MATZ*JAMES*F***MI*MEBD48JX~NM1*82*2*MIAMI VALLEY HOSPITAL*****XX*1073688354~REF*1L*455716-132~REF*CE*STRS PPO PLAN NET 03418~DTM*232*20211129~DTM*233*20211129~DTM*050*20220115~PER*CX**TE*8006240756~AMT*AU*3627~SVC*HC>77386*3627*517.91*0333*1~DTM*472*20211129~CAS*CO*45*3109.09~REF*6R*MIXP0034943775-1~AMT*B6*517.91~LQ*HE*N59~CLP*10787379800*1*1055*82.69*50*13*220115E081580000*13*3~NM1*QC*1*JOHNSON*LINDA*J***MI*MEBPXYCZ~NM1*82*2*MIAMI VALLEY HOSPITAL*****XX*1073688354~REF*1L*455667-058~REF*CE*HPRS PPO PLAN NET 03418~DTM*232*20211207~DTM*233*20211214~DTM*050*20220115~PER*CX**TE*8006240756~AMT*AU*1055~SVC*HC>97032>GP>CQ*211*0*0420*1~DTM*472*20211207~CAS*CO*45*199.19~CAS*PR*3*11.81~REF*6R*MIXP0034942077-1~AMT*B6*11.81~SVC*HC>97110>GP>CQ*211*9.64*0420*1~DTM*472*20211207~CAS*CO*45*188.17~CAS*PR*3*13.19~REF*6R*MIXP0034942077-2~AMT*B6*22.83~LQ*HE*N59~SVC*HC>97112>GP>CQ*211*33.82*0420*1~DTM*472*20211207~CAS*CO*45*177.18~REF*6R*MIXP0034942077-3~AMT*B6*33.82~LQ*HE*N59~SVC*HC>97530>GP*422*39.23*0420*2~DTM*472*20211214~CAS*CO*45*357.77~CAS*PR*3*25~REF*6R*MIXP0034942077-4~AMT*B6*64.23~LQ*HE*N59~CLP*10802702700*1*927*70.95**13*220115E081600000*13*2~NM1*QC*1*GRIMMETT*SHERRY*L***MI*101255892800~NM1*74*1******C*MEBLM2JK~NM1*82*2*MIAMI VALLEY HOSPITAL*****XX*1073688354~REF*1L*441297-004~REF*CE*MEDICARE (S02) PPO PLAN NET 03418~DTM*232*20211215~DTM*233*20211215~DTM*050*20220115~PER*CX**TE*8006240756~AMT*AU*626~SVC*HC>97162>GP*301*0*0424*0**1~DTM*472*20211215~CAS*CO*119*301*1~REF*6R*MIXP0034944628-4~LQ*HE*N640~SVC*HC>97110>GP*211*22.83*0420*1~DTM*472*20211215~CAS*CO*45*188.17~REF*6R*MIXP0034944628-1~AMT*B6*22.83~LQ*HE*N59~SVC*HC>97140>GP*211*21.34*0420*1~DTM*472*20211215~CAS*CO*45*189.66~REF*6R*MIXP0034944628-2~AMT*B6*21.34~LQ*HE*N59~SVC*HC>97530>GP*204*26.78*0420*1~DTM*472*20211215~CAS*CO*45*177.22~REF*6R*MIXP0034944628-3~AMT*B6*26.78~LQ*HE*N59~CLP*10808157601*1*6655*907.44*37.44*13*220115E106520000*13*1~NM1*QC*1*HAWKINS*THOMAS*H***MI*101221696200~NM1*74*1******C*MEBHBP2Y~NM1*82*2*MIAMI VALLEY HOSPITAL*****XX*1073688354~REF*1L*455716-132~REF*CE*STRS PPO PLAN NET 03418~DTM*232*20211216~DTM*233*20211216~DTM*050*20220115~PER*CX**TE*8006240756~AMT*AU*6655~SVC*HC>A0425>QN>HH*3179*212.77*0540*29**0~DTM*472*20211216~CAS*CO*45*2957.73~CAS*PR*3*8.5~REF*6R*MIXP0034943122-1~AMT*B6*221.27~LQ*HE*N59~SVC*HC>A0434>QN>HH*3476*694.67*0540*1~DTM*472*20211216~CAS*CO*45*2752.39~CAS*PR*3*28.94~REF*6R*MIXP0034943122-2~AMT*B6*723.61~LQ*HE*N59~CLP*10812831703*1*9210.96*1372.9*53.72*13*220115E106560000*13*7~NM1*QC*1*MCKEE*SHIRLEY*J***MI*101305083200~NM1*74*1******C*MEBGBQLK~NM1*82*2*MIAMI VALLEY HOSPITAL*****XX*1073688354~REF*1L*455716-132~REF*CE*STRS PPO PLAN NET 03418~DTM*232*20211228~DTM*233*20211228~DTM*050*20220115~PER*CX**TE*8006240756~AMT*AU*4740~SVC*NU>0250*9.36*0**0**1~DTM*472*20211228~CAS*CO*97*9.36*1~REF*6R*MIXP0034942013-1~LQ*HE*MA67~LQ*HE*N130~SVC*NU>0250*1.6*0**0**3~DTM*472*20211228~CAS*CO*97*1.6*3~REF*6R*MIXP0034942013-2~LQ*HE*MA67~LQ*HE*N130~SVC*NU>0272*494*0**0**2~DTM*472*20211228~CAS*CO*97*494*2~REF*6R*MIXP0034942013-3~LQ*HE*MA67~LQ*HE*N130~SVC*HC>A4648*184*0*0278*0**1~DTM*472*20211228~CAS*CO*B15*184*1~REF*6R*MIXP0034942013-4~LQ*HE*MA67~LQ*HE*M51~LQ*HE*N130~SVC*HC>88305>TC*329*0*0310*0**1~DTM*472*20211228~CAS*CO*97*329*1~REF*6R*MIXP0034942013-5~LQ*HE*MA67~LQ*HE*N130~SVC*HC>88341>XU*108*0*0310*0**2~DTM*472*20211228~CAS*CO*97*108*2~REF*6R*MIXP0034942013-6~LQ*HE*MA67~LQ*HE*N130~SVC*HC>88342>XU>TC*1115*0*0310*0**1~DTM*472*20211228~CAS*CO*97*1115*1~REF*6R*MIXP0034942013-7~LQ*HE*MA67~LQ*HE*N130~SVC*HC>88360>TC*1115*0*0310*0**1~DTM*472*20211228~CAS*CO*97*1115*1~REF*6R*MIXP0034942013-8~LQ*HE*MA67~LQ*HE*N130~SVC*HC>88360>91>TC*1115*0*0310*0**1~DTM*472*20211228~CAS*CO*97*1115*1~REF*6R*MIXP0034942013-9~LQ*HE*MA67~LQ*HE*N130~SVC*HC>77065*340*83.53*0401*1~DTM*472*20211228~CAS*CO*45*256.47~REF*6R*MIXP0034942013-10~AMT*B6*83.53~LQ*HE*N59~SVC*HC>19081>RT*4400*1289.37*0761*1~DTM*472*20211228~CAS*CO*45*3056.91~CAS*PR*2*53.72~REF*6R*MIXP0034942013-11~AMT*B6*1343.09~LQ*HE*N59~SE*2481*1692~ST*835*1693~BPR*I*2821.44*C*ACH*CCP*01*031100209*DA*0038865237*1066033492**01*041000124*DA*4007801474*20220121~TRN*1*160118220263443*1066033492~REF*EV*XXXXXXXXXXXXXXXXXXXXXXXXXXXXXX~DTM*405*20220119~N1*PR*AETNA~N3*151 FARMINGTON AVENUE~N4*HARTFORD*CT*06156~REF*2U*60054~PER*BL*Provider Service~N1*PE*MIAMI VALLEY HOSPITAL*XX*1073688354~N3*PO BOX 932699~N4*CLEVELAND*OH*44193~REF*PQ*120980020~REF*TJ*310537504~LX*1~TS3*1073688354*13*20221231*6*21743.5~CLP*10812481100*1*15263.5*2079.46*100*13*220114E058050000*13*1~NM1*QC*1*ANDERKIN*KATHRYN*R***MI*MEBS8T4L~NM1*74*1**KATHY~NM1*82*2*MIAMI VALLEY HOSPITAL*****XX*1073688354~REF*1L*466235-005~REF*CE*SERS PPO PLAN NET 03418~DTM*232*20211226~DTM*233*20211228~DTM*050*20220114~PER*CX**TE*8006240756~AMT*AU*3146~SVC*HC>94640>76*807*0*0410*0**3~DTM*472*20211228~CAS*CO*45*538*2*97*269*1~REF*6R*MIXP0034936677-20~LQ*HE*N130~SVC*HC>94640>76*0*0*0410*0~DTM*472*20211228~CAS*CO*119*538*2~CAS*OA*94*-538*-2~REF*6R*MIXP0034936677-20~LQ*HE*N640~SVC*HC>94640>76*269*0*0410*0**11~DTM*472*20211227~CAS*CO*97*269*1~REF*6R*MIXP0034936677-19~LQ*HE*N130~SVC*HC>94640>76*538*0*0410*0**11~DTM*472*20211227~CAS*CO*119*538*2~REF*6R*MIXP0034936677-19~LQ*HE*N640~SVC*NU>0250*1.15*0**0**3~DTM*472*20211226~CAS*CO*97*1.15*3~REF*6R*MIXP0034936677-1~LQ*HE*N130~SVC*NU>0250*3.45*0**0**9~DTM*472*20211227~CAS*CO*97*3.45*9~REF*6R*MIXP0034936677-2~LQ*HE*N130~SVC*NU>0250*3.45*0**0**9~DTM*472*20211228~CAS*CO*97*3.45*9~REF*6R*MIXP0034936677-3~LQ*HE*N130~SVC*HC>96365>XU*630*0*0260*0**1~DTM*472*20211227~CAS*CO*97*630*1~REF*6R*MIXP0034936677-4~LQ*HE*N130~SVC*HC>96366*465*0*0260*0**1~DTM*472*20211227~CAS*CO*97*465*1~REF*6R*MIXP0034936677-5~LQ*HE*N130~SVC*HC>36415*21*0*0300*0**1~DTM*472*20211226~CAS*CO*97*21*1~REF*6R*MIXP0034936677-6~LQ*HE*N19~SVC*HC>80048*66*0*0301*0**1~DTM*472*20211226~CAS*CO*97*66*1~REF*6R*MIXP0034936677-7~LQ*HE*N130~SVC*HC>84484*86*0*0301*0**1~DTM*472*20211226~CAS*CO*97*86*1~REF*6R*MIXP0034936677-8~LQ*HE*N130~SVC*HC>84484*86*0*0301*0**1~DTM*472*20211227~CAS*CO*97*86*1~REF*6R*MIXP0034936677-9~LQ*HE*N130~SVC*HC>85025*86*0*0305*0**1~DTM*472*20211226~CAS*CO*97*86*1~REF*6R*MIXP0034936677-10~LQ*HE*N130~SVC*HC>87804*83*0*0306*0**1~DTM*472*20211226~CAS*CO*97*83*1~REF*6R*MIXP0034936677-11~LQ*HE*N130~SVC*HC>87804>XU*83*0*0306*0**1~DTM*472*20211226~CAS*CO*97*83*1~REF*6R*MIXP0034936677-12~LQ*HE*N130~SVC*HC>71045*556*0*0324*0**1~DTM*472*20211226~CAS*CO*97*556*1~REF*6R*MIXP0034936677-13~LQ*HE*N130~SVC*HC>78582*2688*0*0341*0**1~DTM*472*20211227~CAS*CO*97*2688*1~REF*6R*MIXP0034936677-14~LQ*HE*N130~SVC*HC>A9540*30*0*0343*0**1~DTM*472*20211227~CAS*CO*97*30*1~REF*6R*MIXP0034936677-15~LQ*HE*N130~SVC*HC>A9558*124*0*0343*0**1~DTM*472*20211227~CAS*CO*97*124*1~REF*6R*MIXP0034936677-16~LQ*HE*N130~SVC*HC>94640*269*0*0410*0**1~DTM*472*20211226~CAS*CO*97*269*1~REF*6R*MIXP0034936677-17~LQ*HE*N130~SVC*HC>94640>76*269*0*0410*0**1~DTM*472*20211226~CAS*CO*119*269*1~REF*6R*MIXP0034936677-18~LQ*HE*N640~SVC*HC>99284>25*3146*2079.46*0450*1~DTM*472*20211226~CAS*CO*45*966.54~CAS*PR*3*100~REF*6R*MIXP0034936677-21~AMT*B6*2179.46~LQ*HE*N59~SVC*HC>J3480*17.16*0*0636*0**10~DTM*472*20211227~CAS*CO*97*17.16*10~REF*6R*MIXP0034936677-22~LQ*HE*N130~SVC*HC>J7512*1.41*0*0636*0**50~DTM*472*20211226~CAS*CO*97*1.41*50~REF*6R*MIXP0034936677-23~LQ*HE*N130~SVC*HC>J7512*1.44*0*0636*0**40~DTM*472*20211227~CAS*CO*97*1.44*40~REF*6R*MIXP0034936677-24~LQ*HE*N130~SVC*HC>J7512*1.44*0*0636*0**40~DTM*472*20211228~CAS*CO*97*1.44*40~REF*6R*MIXP0034936677-25~LQ*HE*N130~SVC*HC>93005*364*0*0730*0**1~DTM*472*20211226~CAS*CO*97*364*1~REF*6R*MIXP0034936677-26~LQ*HE*N130~SVC*HC>G0378*4568*0*0762*0**33~DTM*472*20211227~CAS*CO*97*4568*33~REF*6R*MIXP0034936677-27~LQ*HE*N130~CLP*10799602200*1*1627*262.31**13*220115E006280000*13*2~NM1*QC*1*BRIGHTMAN*KARLA*K***MI*MEBLWY6W~NM1*82*2*MIAMI VALLEY HOSPITAL*****XX*1073688354~REF*1L*455716-132~REF*CE*STRS PPO PLAN NET 03418~DTM*232*20211216~DTM*233*20211230~DTM*050*20220115~PER*CX**TE*8006240756~AMT*AU*1627~SVC*HC>97161>GP*150*98.02*0424*1~DTM*472*20211216~CAS*CO*45*51.98~REF*6R*MIXP0034944431-6~AMT*B6*98.02~LQ*HE*N59~SVC*HC>97110>GP*211*22.83*0420*1~DTM*472*20211216~CAS*CO*45*188.17~REF*6R*MIXP0034944431-1~AMT*B6*22.83~LQ*HE*N59~SVC*HC>97140>GP*211*21.34*0420*1~DTM*472*20211216~CAS*CO*45*189.66~REF*6R*MIXP0034944431-3~AMT*B6*21.34~LQ*HE*N59~SVC*HC>97140>GP>CQ*633*69.58*0420*3~DTM*472*20211223~CAS*CO*45*563.42~REF*6R*MIXP0034944431-5~AMT*B6*69.58~LQ*HE*N59~SVC*HC>97110>GP*211*29.2*0420*1~DTM*472*20211230~CAS*CO*45*181.8~REF*6R*MIXP0034944431-2~AMT*B6*29.2~LQ*HE*N59~SVC*HC>97140>GP*211*21.34*0420*1~DTM*472*20211230~CAS*CO*45*189.66~REF*6R*MIXP0034944431-4~AMT*B6*21.34~LQ*HE*N59~CLP*10779421700*1*422*46.32*1.93*13*220115E081590000*13*3~NM1*QC*1*RAINS*JOYCE****MI*101291297000~NM1*74*1******C*MEBGQ5YL~NM1*82*2*MIAMI VALLEY HOSPITAL*****XX*1073688354~REF*1L*455716-132~REF*CE*STRS PPO PLAN NET 03418~DTM*232*20211215~DTM*233*20211215~DTM*050*20220115~PER*CX**TE*8006240756~AMT*AU*422~SVC*HC>97140>GP*422*46.32*0420*2~DTM*472*20211215~CAS*CO*45*373.75~CAS*PR*2*1.93~REF*6R*MIXP0034944483-1~AMT*B6*48.25~LQ*HE*N59~CLP*10794459301*1*2110*222.45*9.27*13*220115E081610000*13*3~NM1*QC*1*VANNUYS*WILDA*B***MI*MEBJRY4D~NM1*74*1*VAN NUYS~NM1*82*2*MIAMI VALLEY HOSPITAL*****XX*1073688354~REF*1L*455716-132~REF*CE*STRS PPO PLAN NET 03418~DTM*232*20211206~DTM*233*20211229~DTM*050*20220115~PER*CX**TE*8006240756~AMT*AU*2110~SVC*HC>97140>GP*422*46.32*0420*2~DTM*472*20211206~CAS*CO*45*373.75~CAS*PR*2*1.93~REF*6R*MIXP0034947419-2~AMT*B6*48.25~LQ*HE*N59~SVC*HC>97140>GP*422*46.32*0420*2~DTM*472*20211208~CAS*CO*45*373.75~CAS*PR*2*1.93~REF*6R*MIXP0034947419-3~AMT*B6*48.25~LQ*HE*N59~SVC*HC>97140>GP*422*46.32*0420*2~DTM*472*20211213~CAS*CO*45*373.75~CAS*PR*2*1.93~REF*6R*MIXP0034947419-4~AMT*B6*48.25~LQ*HE*N59~SVC*HC>97012>GP*211*11.34*0420*1~DTM*472*20211220~CAS*CO*45*199.19~CAS*PR*2*.47~REF*6R*MIXP0034947419-1~AMT*B6*11.81~LQ*HE*N59~SVC*HC>97140>XU>GP*211*25.83*0420*1~DTM*472*20211220~CAS*CO*45*184.09~CAS*PR*2*1.08~REF*6R*MIXP0034947419-6~AMT*B6*26.91~LQ*HE*N59~SVC*HC>97140>GP*422*46.32*0420*2~DTM*472*20211229~CAS*CO*45*373.75~CAS*PR*2*1.93~REF*6R*MIXP0034947419-5~AMT*B6*48.25~LQ*HE*N59~CLP*10787844000*1*1899*164.58*60*13*220115E106540000*13*3~NM1*QC*1*SNYDER*SANDRA*K***MI*101281829700~NM1*74*1******C*MEBH7GHC~NM1*82*2*MIAMI VALLEY HOSPITAL*****XX*1073688354~REF*1L*466235-005~REF*CE*SERS PPO PLAN NET 03418~DTM*232*20211207~DTM*233*20211221~DTM*050*20220115~PER*CX**TE*8006240756~AMT*AU*1899~SVC*HC>97110>GP*633*54.86*0420*3~DTM*472*20211207~CAS*CO*45*558.14~CAS*PR*3*20~REF*6R*MIXP0034944415-1~AMT*B6*74.86~LQ*HE*N59~SVC*HC>97110>GP*633*54.86*0420*3~DTM*472*20211214~CAS*CO*45*558.14~CAS*PR*3*20~REF*6R*MIXP0034944415-2~AMT*B6*74.86~LQ*HE*N59~SVC*HC>97110>GP*633*54.86*0420*3~DTM*472*20211221~CAS*CO*45*558.14~CAS*PR*3*20~REF*6R*MIXP0034944415-3~AMT*B6*74.86~LQ*HE*N59~CLP*10797221100*1*422*46.32*1.93*13*220115E106550000*13*3~NM1*QC*1*STEPHENS*ROGER*E***MI*101373342300~NM1*74*1******C*MEBD7QZL~NM1*82*2*MIAMI VALLEY HOSPITAL*****XX*1073688354~REF*1L*455716-132~REF*CE*STRS PPO PLAN NET 03418~DTM*232*20211207~DTM*233*20211207~DTM*050*20220115~PER*CX**TE*8006240756~AMT*AU*422~SVC*HC>97140>GP*422*46.32*0420*2~DTM*472*20211207~CAS*CO*45*373.75~CAS*PR*2*1.93~REF*BB*000000015118444~REF*6R*MIXP0034944446-1~AMT*B6*48.25~LQ*HE*N59~SE*345*1693~GE*7*1~IEA*1*100358959~