ISA*00*          *00*          *ZZ*133052274      *ZZ*HOSP 60054     *220119*0250*^*00501*100358959*0*P*>~
GS*HP*133052274*XX*20220119*0250*1*X*005010X221A1~
ST*835*0617~
BPR*I*103.08*C*ACH*CCP*01*011900445*DA*0000009046*1066033492**01*072000326*DA*295000194288*20220124~
TRN*1*822019000320819*1066033492~
REF*EV*XXXXXXXXXXXXXXXXXXXXXXXXXXXXXX~
DTM*405*20220119~
N1*PR*AETNA~
N3*151 FARMINGTON AVENUE~
N4*HARTFORD*CT*06156~
REF*2U*60054~
PER*BL*Provider Service~
N1*PE*HELEN NEWBERRY JOY HOSP*XX*1497742050~
N3*502 W HARRIE ST~
N4*NEWBERRY*MI*498681209~
REF*PQ*542262410~
REF*TJ*382873485~
LX*1~
TS3*1497742050*22*20221231*1*108.5~
CLP*516472-0001-001U*1*108.5*103.08**13*E8FCVNJ0W0000*13*1~
NM1*QC*1*UBBING*JACOB****MI*W215338837~
NM1*82*2*HELEN NEWBERRY JOY HOSPITAL*****XX*1497742050~
REF*1L*0885528-013-00004-DA~
REF*CE*Aetna Choice  POS II NET 04636~
DTM*232*20220109~
DTM*233*20220109~
DTM*050*20220114~
PER*CX**TE*8886323862~
AMT*AU*108.5~
SVC*HC>87811*70.5*66.98*0300*1~
DTM*472*20220109~
CAS*CO*45*3.52~
REF*6R*NJXP0002319284-1~
AMT*B6*66.98~
SVC*HC>C9803*38*36.1*0300*1~
DTM*472*20220109~
CAS*CO*45*1.9~
REF*6R*NJXP0002319284-2~
AMT*B6*36.1~
SE*38*0617~
GE*1*1~
IEA*1*100358959~
