ISA*00*          *00*          *ZZ*133052274      *ZZ*XXXXXXXXXXXXXXX*220119*0250*^*00501*100358959*0*P*>~
GS*HP*133052274*XX*20220119*0250*1*X*005010X221A1~
ST*835*0793~
BPR*H*0*C*NON************20220119~
TRN*1*922019000348329*1066033492~
REF*EV*XXXXXXXXXXXXXXXXXXXXXXXXXXXXXX~
DTM*405*20220119~
N1*PR*AETNA~
N3*151 FARMINGTON AVENUE~
N4*HARTFORD*CT*06156~
REF*2U*60054~
PER*BL*Provider Service~
N1*PE*UPPER VALLEY PROFESSIONAL CORPORATION*XX*1407872518~
N3*PO BOX 932809~
N4*CLEVELAND*OH*441930022~
REF*PQ*435023590~
REF*TJ*311400963~
LX*1~
TS3*1366419350*11*20221231*2*432~
CLP*1008225840*1*292*0**13*E6Y1TW8910000*11*1~
NM1*QC*1*DAVIS*JOSALYNN*N~
NM1*IL*1*DAVIS*SARAH*N***MI*W240810435~
NM1*82*1*TAYLOR*TAMMY*J***XX*1407872518~
REF*1L*0868654-016-00007-CN~
REF*CE*Aetna Choice  POS II NET 01559~
DTM*232*20210913~
DTM*233*20210913~
DTM*050*20211130~
PER*CX**TE*8886323862~
AMT*AU*292~
SVC*HC>99394*170*0**0**1~
DTM*472*20210913~
CAS*CO*226*170*1~
REF*6R*TPDG0035353424-1~
AMT*B6*170~
LQ*HE*N517~
SVC*HC>99213>25*110*0**0**1~
DTM*472*20210913~
CAS*CO*226*110*1~
REF*6R*TPDG0035353424-2~
AMT*B6*110~
LQ*HE*N517~
SVC*HC>96127>XU*12*0**0**1~
DTM*472*20210913~
CAS*CO*226*12*1~
REF*6R*TPDG0035353424-3~
AMT*B6*12~
LQ*HE*N517~
CLP*1008225850*1*140*0**13*E736TTBM00000*11*1~
NM1*QC*1*DAVIS*JOSALYNN*N~
NM1*IL*1*DAVIS*SARAH*N***MI*W240810435~
NM1*82*1*TAYLOR*TAMMY*J***XX*1407872518~
REF*1L*0868654-016-00007-CN~
REF*CE*Aetna Choice  POS II NET 01559~
DTM*232*20210916~
DTM*233*20210916~
DTM*050*20211130~
PER*CX**TE*8886323862~
AMT*AU*140~
SVC*HC>99213>25*110*0**0**1~
DTM*472*20210916~
CAS*CO*226*110*1~
REF*6R*TPDG0035353425-1~
AMT*B6*110~
LQ*HE*N517~
SVC*HC>87880>QW*30*0**0**1~
DTM*472*20210916~
CAS*CO*226*30*1~
REF*6R*TPDG0035353425-2~
AMT*B6*30~
LQ*HE*N517~
SE*70*0793~
ST*835*1095~
BPR*I*134.86*C*ACH*CCP*01*031100209*DA*0038865237*1066033492**01*041000124*DA*4007811533*20220121~
TRN*1*160118220258759*1066033492~
REF*EV*XXXXXXXXXXXXXXXXXXXXXXXXXXXXXX~
DTM*405*20220119~
N1*PR*AETNA~
N3*151 FARMINGTON AVENUE~
N4*HARTFORD*CT*06156~
REF*2U*60054~
PER*BL*Provider Service~
N1*PE*UPPER VALLEY PROFESSIONAL CORPO*XX*1407872518~
N3*PO BOX 932809~
N4*CLEVELAND*OH*441930022~
REF*PQ*435023590~
REF*TJ*311400963~
LX*1~
TS3*1376557231*22*20221231*1*240~
CLP*1008372560*1*240*134.86**13*220114E086940000*22*1~
NM1*QC*1*BRIDENBAUGH*DWAINE*H***MI*MEBFH3VB~
NM1*82*2*UPPER VALLEY PROFESSIONAL CORPO*****XX*1376557231~
REF*1L*466235-005~
REF*CE*SERS PPO PLAN NET 03418~
DTM*232*20211230~
DTM*233*20211230~
DTM*050*20220114~
PER*CX**TE*8006240756~
AMT*AU*240~
SVC*HC>99204*240*134.86**1~
DTM*472*20211230~
CAS*CO*45*105.14~
REF*6R*UVIM0035849057-1~
AMT*B6*134.86~
LQ*HE*N59~
SE*34*1095~
ST*835*1096~
BPR*I*39.53*C*ACH*CCP*01*031100209*DA*0038865237*1066033492**01*041000124*DA*4007811533*20220121~
TRN*1*160118220261695*1066033492~
REF*EV*XXXXXXXXXXXXXXXXXXXXXXXXXXXXXX~
DTM*405*20220119~
N1*PR*AETNA~
N3*151 FARMINGTON AVENUE~
N4*HARTFORD*CT*06156~
REF*2U*60054~
PER*BL*Provider Service~
N1*PE*UPPER VALLEY PROFESSIONAL CORPO*XX*1407872518~
N3*PO BOX 932809~
N4*CLEVELAND*OH*441930022~
REF*PQ*435023590~
REF*TJ*311400963~
LX*1~
TS3*1447890066*11*20221231*1*86~
CLP*1008372470*1*86*39.53**13*220114E011420000*11*1~
NM1*QC*1*DODDS*LARRY*W***MI*MEBN9PKD~
NM1*82*2*UPPER VALLEY PROFESSIONAL CORPO*****XX*1447890066~
REF*1L*467096-008~
REF*CE*VALUE PPO NET 03418~
DTM*232*20211219~
DTM*233*20211219~
DTM*050*20220114~
PER*CX**TE*8006240756~
AMT*AU*86~
SVC*HC>G0179*86*39.53**1~
DTM*472*20211219~
CAS*CO*45*46.47~
REF*BB*000000015120441~
REF*6R*PFCP0035848931-1~
AMT*B6*39.53~
LQ*HE*N59~
SE*35*1096~
ST*835*1708~
BPR*I*40.33*C*ACH*CCP*01*031100209*DA*0038865237*1066033492**01*041000124*DA*4007811533*20220121~
TRN*1*160118220268487*1066033492~
REF*EV*XXXXXXXXXXXXXXXXXXXXXXXXXXXXXX~
DTM*405*20220119~
N1*PR*AETNA~
N3*151 FARMINGTON AVENUE~
N4*HARTFORD*CT*06156~
REF*2U*60054~
PER*BL*Provider Service~
N1*PE*UPPER VALLEY PROFESSIONAL CORPO*XX*1407872518~
N3*PO BOX 932809~
N4*CLEVELAND*OH*441930022~
REF*PQ*435023590~
REF*TJ*311400963~
LX*1~
TS3*1003883646*11*20221231*1*160~
CLP*1008314631*2*160*40.33**13*220108E117460000*11*1~
NM1*QC*1*ETTER*GLEN*A***MI*MEBTSRXM~
NM1*82*2*UPPER VALLEY PROFESSIONAL CORPO*****XX*1003883646~
REF*1L*467098-027~
REF*CE*VALUE PPO NET 03418~
DTM*232*20211221~
DTM*233*20211221~
DTM*050*20220108~
PER*CX**TE*8006240756~
AMT*AU*160~
SVC*HC>99214*160*40.33**1~
DTM*472*20211221~
CAS*OA*23*119.67~
REF*6R*SWFC0035791313-1~
AMT*B6*40.33~
SVC*HC>4040F*0*0**1~
DTM*472*20211221~
REF*6R*SWFC0035791313-6~
SVC*HC>3044F*0*0**1~
DTM*472*20211221~
REF*6R*SWFC0035791313-5~
SVC*HC>3017F*0*0**1~
DTM*472*20211221~
REF*6R*SWFC0035791313-4~
SVC*HC>1123F>8P*0*0**1~
DTM*472*20211221~
REF*6R*SWFC0035791313-3~
SVC*HC>1036F*0*0**1~
DTM*472*20211221~
REF*6R*SWFC0035791313-2~
SVC*HC>G9903*0*0**1~
DTM*472*20211221~
REF*6R*SWFC0035791313-10~
SVC*HC>G8484*0*0**1~
DTM*472*20211221~
REF*6R*SWFC0035791313-9~
SVC*HC>G8427*0*0**1~
DTM*472*20211221~
REF*6R*SWFC0035791313-8~
SVC*HC>G8417*0*0**1~
DTM*472*20211221~
REF*6R*SWFC0035791313-7~
SE*60*1708~
ST*835*1709~
BPR*I*39.53*C*ACH*CCP*01*031100209*DA*0038865237*1066033492**01*041000124*DA*4007811533*20220121~
TRN*1*160118220274879*1066033492~
REF*EV*XXXXXXXXXXXXXXXXXXXXXXXXXXXXXX~
DTM*405*20220119~
N1*PR*AETNA~
N3*151 FARMINGTON AVENUE~
N4*HARTFORD*CT*06156~
REF*2U*60054~
PER*BL*Provider Service~
N1*PE*UPPER VALLEY PROFESSIONAL CORPO*XX*1407872518~
N3*PO BOX 932809~
N4*CLEVELAND*OH*441930022~
REF*PQ*435023590~
REF*TJ*311400963~
LX*1~
TS3*1881967271*11*20221231*1*86~
CLP*1008377960*1*86*39.53**13*220117E314860000*11*1~
NM1*QC*1*FETTERS*ROGER*L***MI*MEBFF5SF~
NM1*82*2*UPPER VALLEY PROFESSIONAL CORPO*****XX*1881967271~
REF*1L*466235-005~
REF*CE*SERS PPO PLAN NET 03418~
DTM*232*20211128~
DTM*233*20211128~
DTM*050*20220117~
PER*CX**TE*8006240756~
AMT*AU*86~
SVC*HC>G0179*86*39.53**1~
DTM*472*20211128~
CAS*CO*45*46.47~
REF*6R*CVFC0035860147-1~
AMT*B6*39.53~
LQ*HE*N59~
SE*34*1709~
ST*835*1710~
BPR*I*559.64*C*ACH*CCP*01*031100209*DA*0038865237*1066033492**01*041000124*DA*4007811533*20220121~
TRN*1*160118220275026*1066033492~
REF*EV*XXXXXXXXXXXXXXXXXXXXXXXXXXXXXX~
DTM*405*20220119~
N1*PR*AETNA~
N3*151 FARMINGTON AVENUE~
N4*HARTFORD*CT*06156~
REF*2U*60054~
PER*BL*Provider Service~
N1*PE*UPPER VALLEY PROFESSIONAL CORPO*XX*1407872518~
N3*PO BOX 932809~
N4*CLEVELAND*OH*441930022~
REF*PQ*435023590~
REF*TJ*311400963~
LX*1~
TS3*1174514590*22*20221231*1*355~
CLP*1008377970*1*355*209.63**13*220117E269190000*22*1~
NM1*QC*1*WAGERS*RENA*L***MI*MEBJCQ9H~
NM1*82*2*UPPER VALLEY PROFESSIONAL CORPO*****XX*1174514590~
REF*1L*441297-004~
REF*CE*MEDICARE (S02) PPO PLAN NET 03418~
DTM*232*20211218~
DTM*233*20211220~
DTM*050*20220117~
PER*CX**TE*8006240756~
AMT*AU*355~
SVC*HC>99226*170*101.25**1~
DTM*472*20211218~
CAS*CO*45*68.75~
REF*6R*UVHG0035860323-1~
AMT*B6*101.25~
LQ*HE*N59~
SVC*HC>99224*65*37.98**1~
DTM*472*20211219~
CAS*CO*45*27.02~
REF*6R*UVHG0035860323-2~
AMT*B6*37.98~
LQ*HE*N59~
SVC*HC>99217*120*70.4**1~
DTM*472*20211220~
CAS*CO*45*49.6~
REF*6R*UVHG0035860323-3~
AMT*B6*70.4~
LQ*HE*N59~
LX*2~
TS3*1689013781*22*20221231*1*560~
CLP*1008377920*1*560*350.01**13*220117E224310000*22*1~
NM1*QC*1*EVERETT*MARY*L***MI*MEBFJD3B~
NM1*82*2*UPPER VALLEY PROFESSIONAL CORPO*****XX*1689013781~
REF*1L*466235-005~
REF*CE*SERS PPO PLAN NET 03418~
DTM*232*20211218~
DTM*233*20211220~
DTM*050*20220117~
PER*CX**TE*8006240756~
AMT*AU*560~
SVC*HC>99220*270*178.36**1~
DTM*472*20211218~
CAS*CO*45*91.64~
REF*6R*UVHG0035860287-1~
AMT*B6*178.36~
LQ*HE*N59~
SVC*HC>99226*170*101.25**1~
DTM*472*20211219~
CAS*CO*45*68.75~
REF*6R*UVHG0035860287-2~
AMT*B6*101.25~
LQ*HE*N59~
SVC*HC>99217*120*70.4**1~
DTM*472*20211220~
CAS*CO*45*49.6~
REF*6R*UVHG0035860287-3~
AMT*B6*70.4~
LQ*HE*N59~
SE*76*1710~
GE*6*1~
IEA*1*100358959~
