ISA*00*          *00*          *01*030240928      *ZZ*XXXXXXXXXXXXXXX*220118*1531*^*00501*262455912*0*P*>~
GS*HP*030240928*XX*20220118*1531*1*X*005010X221A1~
ST*835*1003~
BPR*I*1722.32*C*ACH*CCP*01*042200910*DA*5311708902*1311732404**01*042200910*SG*5311708902*20220111~
TRN*1*081000607720178*1311732404~
REF*EV*XXXXXXXXXXXXXXXXXXXXXXXXXXXXXX~
DTM*405*20220105~
N1*PR*WSFG - BENEFITS~
N3*400 BROADWAY~
N4*CINCINNATI*OH*45201~
REF*2U*31048~
REF*EO*8593028~
PER*CX*WESTERN SOUTHERN BENEFITS*TE*5136291100~
PER*BL*WESTERN SOUTHERN BENEFITS*TE*5136291100~
PER*IC**UR*FOR DISCOUNT QUESTIONS CALL ZELIS AT 1-888-266-3053. ALL OTHER CLAIM INQUIRIES CALL WESTERN SOUTHERN AT 513-629-1400. FOR DETAILED PAYMENT INFO, SEE THE EOP ON CHANGE HEALTHCARE WEBSITE.~
N1*PE*VAN WERT COUNTY HOSPITAL ASSOCIATION*XX*1942267760~
N3*PO BOX 447~
N4*MIDDLETOWN*OH*450420447~
REF*TJ*344429514~
LX*1~
CLP*VW6110103290400*2*6228.47*560.48**15*M000477357-00*13*1~
NM1*QC*1*HOLMAN*JOANNE****MI*916006137100001M~
NM1*74*1******C*91600613701~
REF*1L*10000000~
REF*28*103271~
REF*EA*980985078~
REF*SY*282462832~
DTM*050*20211229~
DTM*232*20211209~
DTM*233*20211209~
AMT*AU*6228.47~
SVC*NU>0250*8.56*0**1~
DTM*472*20211209~
CAS*OA*23*8.56~
REF*6R*VWCH0001345721-1~
AMT*B6*8.56~
SVC*NU>0258*44.8*0**3~
DTM*472*20211209~
CAS*OA*23*44.8~
REF*6R*VWCH0001345721-2~
AMT*B6*44.8~
SVC*NU>0272*673.9*0**9~
DTM*472*20211209~
CAS*OA*23*673.9~
REF*6R*VWCH0001345721-3~
AMT*B6*673.9~
SVC*HC>C2617*300.8*0*0278*1~
DTM*472*20211209~
CAS*OA*23*300.8~
REF*6R*VWCH0001345721-4~
AMT*B6*300.8~
SVC*HC>82948*11.55*0*0301*1~
DTM*472*20211209~
CAS*OA*23*11.55~
REF*6R*VWCH0001345721-5~
AMT*B6*11.55~
SVC*HC>74420>LT*1222.2*0*0320*1~
DTM*472*20211209~
CAS*OA*23*1222.2~
REF*6R*VWCH0001345721-6~
AMT*B6*1222.2~
SVC*HC>52332>LT*2512.65*560.48*0360*1~
DTM*472*20211209~
CAS*OA*23*1952.17~
REF*6R*VWCH0001345721-7~
AMT*B6*2512.65~
SVC*HC>00910*428.4*0*0370*2~
DTM*472*20211209~
CAS*OA*23*428.4~
REF*6R*VWCH0001345721-8~
AMT*B6*428.4~
SVC*HC>J0131*68.16*0*0636*100~
DTM*472*20211209~
CAS*OA*23*68.16~
REF*6R*VWCH0001345721-9~
AMT*B6*68.16~
SVC*HC>J1170*14.52*0*0636*1~
DTM*472*20211209~
CAS*OA*23*14.52~
REF*6R*VWCH0001345721-10~
AMT*B6*14.52~
SVC*HC>J1580*37.54*0*0636*5~
DTM*472*20211209~
CAS*OA*23*37.54~
REF*6R*VWCH0001345721-11~
AMT*B6*37.54~
SVC*HC>J1885*181.25*0*0636*2~
DTM*472*20211209~
CAS*OA*23*181.25~
REF*6R*VWCH0001345721-12~
AMT*B6*181.25~
SVC*HC>J2250*3.51*0*0636*2~
DTM*472*20211209~
CAS*OA*23*3.51~
REF*6R*VWCH0001345721-13~
AMT*B6*3.51~
SVC*HC>J2704*11.06*0*0636*15~
DTM*472*20211209~
CAS*OA*23*11.06~
REF*6R*VWCH0001345721-14~
AMT*B6*11.06~
SVC*HC>J3370*45.97*0*0636*2~
DTM*472*20211209~
CAS*OA*23*45.97~
REF*6R*VWCH0001345721-15~
AMT*B6*45.97~
SVC*NU>0710*451.5*0**3~
DTM*472*20211209~
CAS*OA*23*451.5~
REF*6R*VWCH0001345721-16~
AMT*B6*451.5~
SVC*HC>93005>59*212.1*0*0730*1~
DTM*472*20211209~
CAS*OA*23*212.1~
REF*6R*VWCH0001345721-17~
AMT*B6*212.1~
CLP*VW6110103623900*2*879.37*58.94**15*M000477674-00*13*1~
NM1*QC*1*HOLMAN*JOANNE****MI*916006137100001M~
NM1*74*1******C*91600613701~
REF*1L*10000000~
REF*28*103271~
REF*EA*980985078~
REF*SY*282462832~
DTM*050*20211230~
DTM*232*20211213~
DTM*233*20211213~
AMT*AU*879.37~
SVC*NU>0258*17.5*0**1~
DTM*472*20211213~
CAS*OA*23*17.5~
REF*6R*EI123121299847508-01~
AMT*B6*17.5~
SVC*HC>96360*420*37.08*0260*1~
DTM*472*20211213~
CAS*OA*23*382.92~
REF*6R*EI123121299847508-02~
AMT*B6*420~
SVC*HC>96361*365.4*21.86*0260*3~
DTM*472*20211213~
CAS*OA*23*343.54~
REF*6R*EI123121299847508-03~
AMT*B6*365.4~
SVC*HC>36415*17.65*0*0300*1~
DTM*472*20211213~
CAS*OA*23*17.65~
REF*6R*EI123121299847508-04~
AMT*B6*17.65~
SVC*HC>80053*58.82*0*0301*1~
DTM*472*20211213~
CAS*OA*23*58.82~
REF*6R*EI123121299847508-05~
AMT*B6*58.82~
CLP*VW6110103106200*2*2067.46*41.93**15*M000477690-00*13*1~
NM1*QC*1*HOLMAN*JOANNE****MI*916006137100001M~
NM1*74*1******C*91600613701~
REF*1L*10000000~
REF*28*103271~
REF*EA*980985078~
REF*SY*282462832~
DTM*050*20211230~
DTM*232*20211209~
DTM*233*20211209~
AMT*AU*2067.45~
SVC*HC>G1004>PO*.01*0*0352*0**1~
DTM*472*20211209~
CAS*OA*23*.01~
REF*6R*EI123121299847506-01~
SVC*HC>74176>ME>PO*2067.45*41.93*0352*1~
DTM*472*20211209~
CAS*OA*23*2025.52~
REF*6R*EI123121299847506-02~
AMT*B6*2067.45~
CLP*VW6110097525500*1*234.33*0*215.58*15*P000136873-00*13*1~
NM1*QC*1*PAIGE*BRIAN****MI*80011737601~
REF*1L*10000000~
REF*28*142048~
REF*EA*980963711~
REF*SY*278929741~
DTM*050*20211231~
DTM*232*20211104~
DTM*233*20211104~
AMT*AU*215.58~
SVC*HC>36415*17.65*0*0300*1~
DTM*472*20211104~
CAS*PR*1*16.24~
CAS*CO*45*1.41~
REF*0K*MEDICAL MUTUAL SUPERMED PPO NETWORK~
AMT*B6*16.24~
SVC*HC>80053*58.82*0*0301*1~
DTM*472*20211104~
CAS*PR*1*54.11~
CAS*CO*45*4.71~
REF*0K*MEDICAL MUTUAL SUPERMED PPO NETWORK~
AMT*B6*54.11~
SVC*HC>82150*21*0*0301*1~
DTM*472*20211104~
CAS*PR*1*19.32~
CAS*CO*45*1.68~
REF*0K*MEDICAL MUTUAL SUPERMED PPO NETWORK~
AMT*B6*19.32~
SVC*HC>83690*97.65*0*0301*1~
DTM*472*20211104~
CAS*PR*1*89.84~
CAS*CO*45*7.81~
REF*0K*MEDICAL MUTUAL SUPERMED PPO NETWORK~
AMT*B6*89.84~
SVC*HC>85027*39.21*0*0305*1~
DTM*472*20211104~
CAS*PR*1*36.07~
CAS*CO*45*3.14~
REF*0K*MEDICAL MUTUAL SUPERMED PPO NETWORK~
AMT*B6*36.07~
CLP*VW6110098276900*1*1521.3*656.02*743.57*15*P000136876-00*13*1~
NM1*QC*1*PAIGE*BRIAN****MI*80011737601~
REF*1L*10000000~
REF*28*142048~
REF*EA*980963711~
REF*SY*278929741~
DTM*050*20211231~
DTM*232*20211111~
DTM*233*20211111~
AMT*AU*1399.59~
SVC*NU>0250*12.87*0**1~
DTM*472*20211111~
CAS*PR*1*11.84~
CAS*CO*45*1.03~
REF*0K*MEDICAL MUTUAL SUPERMED PPO NETWORK~
AMT*B6*11.84~
SVC*HC>74160*1017.45*294.66*0352*1~
DTM*472*20211111~
CAS*PR*2*73.67**1*567.72~
CAS*CO*45*81.4~
REF*0K*MEDICAL MUTUAL SUPERMED PPO NETWORK~
AMT*B6*936.05~
SVC*HC>Q9967*490.98*361.36*0636*97~
DTM*472*20211111~
CAS*PR*2*90.34~
CAS*CO*45*39.28~
REF*0K*MEDICAL MUTUAL SUPERMED PPO NETWORK~
AMT*B6*451.7~
CLP*VW6110101030400*1*95.55*0*87.91*15*P000136882-00*13*1~
NM1*QC*1*KOESTER*BROOKLYN****MI*88800574203~
NM1*IL*1*KOESTER*ADAM****MI*888005742~
REF*1L*10000000~
REF*28*101987~
REF*EA*981044018~
REF*SY*268780908~
DTM*050*20211231~
DTM*232*20211126~
DTM*233*20211126~
AMT*AU*87.91~
SVC*HC>87070*95.55*0*0306*1~
DTM*472*20211126~
CAS*PR*1*87.91~
CAS*CO*45*7.64~
REF*0K*MEDICAL MUTUAL SUPERMED PPO NETWORK~
AMT*B6*87.91~
CLP*VW6110095229800*1*384.3*282.85*70.71*15*P000136884-00*13*1~
NM1*QC*1*PAIGE*BRIAN****MI*80011737601~
REF*1L*10000000~
REF*28*142048~
REF*EA*980963711~
REF*SY*278929741~
DTM*050*20211231~
DTM*232*20211015~
DTM*233*20211015~
AMT*AU*353.56~
SVC*HC>76705*384.3*282.85*0402*1~
DTM*472*20211015~
CAS*PR*2*70.71~
CAS*CO*45*30.74~
REF*0K*MEDICAL MUTUAL SUPERMED PPO NETWORK~
AMT*B6*353.56~
CLP*VW6110102326600*1*165.9*122.1*30.53*15*P000136886-00*13*1~
NM1*QC*1*PAIGE*BRIAN****MI*80011737601~
REF*1L*10000000~
REF*28*142048~
REF*EA*980963711~
REF*SY*278929741~
DTM*050*20211231~
DTM*232*20211203~
DTM*233*20211203~
AMT*AU*152.63~
SVC*HC>71046*165.9*122.1*0324*1~
DTM*472*20211203~
CAS*PR*2*30.53~
CAS*CO*45*13.27~
REF*0K*MEDICAL MUTUAL SUPERMED PPO NETWORK~
AMT*B6*152.63~
SE*288*1003~
ST*835*1001~
BPR*I*356.33*C*ACH*CCP*01*042200910*DA*5313613472*1311732404**01*042200910*SG*5313613472*20220111~
TRN*1*081000607720226*1311732404~
REF*EV*XXXXXXXXXXXXXXXXXXXXXXXXXXXXXX~
DTM*405*20220105~
N1*PR*WSFG - BENEFITS~
N3*400 BROADWAY~
N4*CINCINNATI*OH*45201~
REF*2U*31048~
REF*EO*8593028~
PER*CX*WESTERN SOUTHERN BENEFITS*TE*5136291100~
PER*BL*WESTERN SOUTHERN BENEFITS*TE*5136291100~
PER*IC**UR*FOR DISCOUNT QUESTIONS CALL ZELIS AT 1-888-266-3053. ALL OTHER CLAIM INQUIRIES CALL WESTERN SOUTHERN AT 513-629-1400. FOR DETAILED PAYMENT INFO, SEE THE EOP ON CHANGE HEALTHCARE WEBSITE.~
N1*PE*VAN WERT MEDICAL SERVICES LTD*XX*1942268735~
N3*PO BOX 447~
N4*MIDDLETOWN*OH*450420447~
REF*TJ*202812541~
LX*1~
CLP*6702694930*1*228.75*163.96**15*E000377604-00*11~
NM1*QC*1*KOESTER*SYDNEY****MI*88800574204~
NM1*IL*1*KOESTER*ADAM****MI*888005742~
NM1*82*1*SANDE*JANE****XX*1063516656~
REF*1L*10000000~
REF*28*101987~
REF*SY*268780908~
DTM*050*20211227~
AMT*AU*163.96~
SVC*HC>99393>25*145*121.03**1~
DTM*472*20211124~
CAS*CO*45*23.97~
REF*0K*MEDICAL MUTUAL SUPERMED PPO NETWORK~
AMT*B6*121.03~
SVC*HC>90460*35*18.93**1~
DTM*472*20211124~
CAS*CO*45*16.07~
REF*0K*MEDICAL MUTUAL SUPERMED PPO NETWORK~
AMT*B6*18.93~
SVC*HC>90686*48.75*24**1~
DTM*472*20211124~
CAS*CO*45*24.75~
REF*0K*MEDICAL MUTUAL SUPERMED PPO NETWORK~
AMT*B6*24~
CLP*6702694940*1*243.75*175.53**15*E000378146-00*11~
NM1*QC*1*KOESTER*BROOKLYN****MI*88800574203~
NM1*IL*1*KOESTER*ADAM****MI*888005742~
NM1*82*1*SANDE*JANE****XX*1063516656~
REF*1L*10000000~
REF*28*101987~
REF*SY*268780908~
DTM*050*20211229~
AMT*AU*175.53~
SVC*HC>99394>25*160*132.6**1~
DTM*472*20211124~
CAS*CO*45*27.4~
REF*0K*MEDICAL MUTUAL SUPERMED PPO NETWORK~
AMT*B6*132.6~
SVC*HC>90460*35*18.93**1~
DTM*472*20211124~
CAS*CO*45*16.07~
REF*0K*MEDICAL MUTUAL SUPERMED PPO NETWORK~
AMT*B6*18.93~
SVC*HC>90686*48.75*24**1~
DTM*472*20211124~
CAS*CO*45*24.75~
REF*0K*MEDICAL MUTUAL SUPERMED PPO NETWORK~
AMT*B6*24~
CLP*6702674871*2*130*16.84**15*M000477176-00*22*1~
NM1*QC*1*HOLMAN*JOANNE****MI*916006137100001M~
NM1*74*1******C*91600613701~
NM1*82*1*JELINGER*ERIC*V**MD*XX*1780647560~
REF*1L*10000000~
REF*28*103271~
REF*SY*282462832~
DTM*050*20211229~
AMT*AU*130~
SVC*HC>74176>26>Q6*130*16.84**1~
DTM*472*20211209~
CAS*OA*23*113.16~
REF*6R*VWMS0001343867-1~
AMT*B6*130~
SE*81*1001~
GE*2*1~
IEA*1*262455912~
