ISA*00*          *00*          *ZZ*133052274      *ZZ*XXXXXXXXXXXXXXX*220119*0250*^*00501*100358959*0*P*>~
GS*HP*133052274*XX*20220119*0250*1*X*005010X221A1~
ST*835*1083~
BPR*I*540.69*C*ACH*CCP*01*031100209*DA*0038865237*1066033492**01*083900680*DA*0005184985200*20220121~
TRN*1*160118220253302*1066033492~
REF*EV*XXXXXXXXXXXXXXXXXXXXXXXXXXXXXX~
DTM*405*20220119~
N1*PR*AETNA~
N3*151 FARMINGTON AVENUE~
N4*HARTFORD*CT*06156~
REF*2U*60054~
PER*BL*Provider Service~
N1*PE*COMMONWEALTH HEALTH CORPORATION*XX*1104331479~
N3*PO BOX 2697~
N4*BOWLING GREEN*KY*421027697~
REF*PQ*070404670~
REF*TJ*311118087~
LX*1~
TS3*1093709545*21*20221231*1*2747~
CLP*ANAC0056949680*1*2747*540.69**13*220113E456220000*21*1~
NM1*QC*1*DODD*KITTY*S***MI*MEBNV7YF~
NM1*82*2*COMMONWEALTH HEALTH CORPORATION*****XX*1093709545~
REF*G1*3032033~
REF*1L*467487-034~
REF*CE*MEDICARE (S02) ESA PPO PLAN NET 04148~
DTM*232*20211229~
DTM*233*20211229~
DTM*050*20220113~
PER*CX**TE*8006240756~
AMT*AU*2747~
SVC*HC>99100*64*48**1~
DTM*472*20211229~
CAS*CO*45*16~
REF*6R*MT2.9099100.20211229.2~
AMT*B6*48~
SVC*HC>36620*103*43.55**1~
DTM*472*20211229~
CAS*CO*45*59.45~
REF*6R*MT1.9036620.20211229.1~
AMT*B6*43.55~
LQ*HE*N59~
SVC*HC>00540>QZ>P3*2580*449.14**128~
DTM*472*20211229~
CAS*CO*45*2130.86~
REF*6R*MT3.9000540.20211229.3~
AMT*B6*449.14~
LQ*HE*N59~
SE*46*1083~
ST*835*1085~
BPR*I*481.09*C*ACH*CCP*01*031100209*DA*0038865237*1066033492**01*083900680*DA*0005184985200*20220121~
TRN*1*160118220259115*1066033492~
REF*EV*XXXXXXXXXXXXXXXXXXXXXXXXXXXXXX~
DTM*405*20220119~
N1*PR*AETNA~
N3*151 FARMINGTON AVENUE~
N4*HARTFORD*CT*06156~
REF*2U*60054~
PER*BL*Provider Service~
N1*PE*COMMONWEALTH HEALTH CORPORATION*XX*1104331479~
N3*PO BOX 2697~
N4*BOWLING GREEN*KY*421027697~
REF*PQ*070404670~
REF*TJ*311118087~
LX*1~
TS3*1205460813*21*20221231*2*0~
CLP*ANAC0048433112*22*-2574*0**13*210630E871110001*21*1~
NM1*QC*1*WARNER*WANDA*G***MI*MEBNXF1J~
NM1*82*2*COMMONWEALTH HEALTH CORPORATION*****XX*1205460813~
REF*G1*1450337~
REF*1L*441298-277~
REF*CE*MEDICARE (S02) ESA PPO PLAN NET 04148~
DTM*232*20210624~
DTM*233*20210624~
DTM*050*20210630~
PER*CX**TE*8006240756~
SVC*HC>76937>26*-35*0**0**1~
DTM*472*20210624~
CAS*OA*18*-35*1~
REF*6R*MT1.907693726.20210624.1~
LQ*HE*N522~
SVC*HC>36620>59*-103*0**0**1~
DTM*472*20210624~
CAS*OA*18*-103*1~
REF*6R*MT3.9036620.20210624.3~
LQ*HE*N522~
SVC*HC>00350>QZ>P3*-2436*0**0**139~
DTM*472*20210624~
CAS*OA*18*-2436*139~
REF*6R*MT2.9000350.20210624.2~
LQ*HE*N522~
CLP*ANAC0048433112*1*2574*481.09**13*220111C871110000*21*1~
NM1*QC*1*WARNER*WANDA*G***MI*MEBNXF1J~
NM1*82*2*COMMONWEALTH HEALTH CORPORATION*****XX*1205460813~
REF*G1*1450337~
REF*1L*441298-277~
REF*CE*MEDICARE (S02) ESA PPO PLAN NET 04148~
REF*F8*210630E871110001~
DTM*232*20210624~
DTM*233*20210624~
DTM*050*20220111~
PER*CX**TE*8006240756~
AMT*AU*2574~
SVC*HC>76937>26*35*13.47**1~
DTM*472*20210624~
CAS*CO*45*21.53~
REF*6R*MT1.907693726.20210624.1~
AMT*B6*13.47~
SVC*HC>36620>59*103*43.55**1~
DTM*472*20210624~
CAS*CO*45*59.45~
REF*6R*MT3.9036620.20210624.3~
AMT*B6*43.55~
SVC*HC>00350>QZ>P3*2436*424.07**139~
DTM*472*20210624~
CAS*CO*45*2011.93~
REF*6R*MT2.9000350.20210624.2~
AMT*B6*424.07~
SE*70*1085~
GE*2*1~
IEA*1*100358959~
