ISA*00*          *00*          *01*030240928      *ZZ*XXXXXXXXXXXXXXX*220118*1631*^*00501*262477059*0*P*>~
GS*HP*030240928*XX*20220118*1631*1*X*005010X221A1~
ST*835*1002~
BPR*I*1.78*C*ACH*CCP*01*044000037*DA*209623650*1311732404**01*044000037*SG*209623650*20220111~
TRN*1*081000607720126*1311732404~
REF*EV*XXXXXXXXXXXXXXXXXXXXXXXXXXXXXX~
DTM*405*20220105~
N1*PR*WSFG - BENEFITS~
N3*400 BROADWAY~
N4*CINCINNATI*OH*45201~
REF*2U*31048~
REF*EO*8593028~
PER*CX*WESTERN SOUTHERN BENEFITS*TE*5136291100~
PER*BL*WESTERN SOUTHERN BENEFITS*TE*5136291100~
N1*PE*UNIVERSITY HOSPITALS MEDICAL GROUP INC*XX*1669499414~
N3*PO BOX 772044~
N4*DETROIT*MI*482772044~
REF*TJ*204881619~
LX*1~
CLP*S3543317300101*2*23*1.78**15*M000475857-00*23*1~
NM1*QC*1*HAWES*CAROLINE*I***MI*861008638200002WCAROLI~
NM1*74*1**HAROLD*R~
NM1*82*1*ANDERSON*JOHN*S**MD*XX*1376607150~
REF*1L*10000000~
REF*SY*375244396~
DTM*050*20211222~
AMT*AU*23~
SVC*HC>71045>26*23*1.78**1~
DTM*472*20211206~
CAS*OA*23*21.22~
REF*6R*UMG10063282686-1~
AMT*B6*23~
CLP*S3543036100101*2*105*0*7.35*15*M000476255-00*19*1~
NM1*QC*1*HONAKER*FLOYD*D***MI*934009555100001M~
NM1*74*1******C*93400955501~
NM1*82*1*KIERSON*MALCA***DO*XX*1497911648~
REF*1L*10000000~
REF*28*103192~
REF*SY*281546563~
DTM*050*20211223~
AMT*AU*105~
SVC*HC>88305>26*105*0**1~
DTM*472*20211130~
CAS*PR*2*21**23*-13.65~
CAS*OA*23*97.65~
REF*6R*UMG10063438092-1~
AMT*B6*105~
SE*46*1002~
ST*835*1001~
BPR*I*141.13*C*ACH*CCP*01*044000037*DA*209623239*1311732404**01*044000037*SG*209623239*20220111~
TRN*1*081000607720039*1311732404~
REF*EV*XXXXXXXXXXXXXXXXXXXXXXXXXXXXXX~
DTM*405*20220105~
N1*PR*WSFG - BENEFITS~
N3*400 BROADWAY~
N4*CINCINNATI*OH*45201~
REF*2U*31048~
REF*EO*8593028~
PER*CX*WESTERN SOUTHERN BENEFITS*TE*5136291100~
PER*BL*WESTERN SOUTHERN BENEFITS*TE*5136291100~
PER*IC**UR*FOR DISCOUNT QUESTIONS CALL ZELIS AT 1-888-266-3053. ALL OTHER CLAIM INQUIRIES CALL WESTERN SOUTHERN AT 513-629-1400. FOR DETAILED PAYMENT INFO, SEE THE EOP ON CHANGE HEALTHCARE WEBSITE.~
N1*PE*UNIVERSITY PRIMARY CARE PRACTICES INC*XX*1720220098~
N3*PO BOX 772040~
N4*DETROIT*MI*482772040~
REF*TJ*341768928~
LX*1~
CLP*S3583690200101*1*157*132.81*20*15*E000379133-00*11~
NM1*QC*1*CLINE*KEVIN****MI*93500754101~
NM1*82*1*FURNESS*PATRICK****XX*1215927314~
REF*1L*10000000~
REF*28*121121~
REF*SY*274866438~
DTM*050*20220104~
AMT*AU*152.81~
SVC*HC>99214*157*132.81**1~
DTM*472*20211223~
CAS*PR*3*20~
CAS*CO*45*4.19~
REF*0K*MEDICAL MUTUAL SUPERMED PPO NETWORK~
AMT*B6*152.81~
SVC*HC>3008F*0*0**0**1~
DTM*472*20211223~
SVC*HC>3075F*0*0**0**1~
DTM*472*20211223~
SVC*HC>1159F*0*0**0**1~
DTM*472*20211223~
SVC*HC>3079F*0*0**0**1~
DTM*472*20211223~
CLP*S3544574700101*2*268*5.3*20*15*M000475749-00*11*1~
NM1*QC*1*BATES*EDWARD*R***MI*964006627100001M~
NM1*74*1******C*96400662701~
NM1*82*1*RABER*DOUG****XX*1578554846~
REF*1L*10000000~
REF*28*102720~
REF*SY*277282337~
DTM*050*20211222~
AMT*AU*268~
SVC*HC>99214>25>CR*157*5.3**1~
DTM*472*20211202~
CAS*PR*3*20~
CAS*OA*23*131.7~
REF*6R*UMP10063279654-1~
AMT*B6*157~
SVC*HC>G0008*44*0**1~
DTM*472*20211202~
CAS*OA*23*44~
REF*6R*UMP10063279654-2~
AMT*B6*44~
SVC*HC>90662*67*0**1~
DTM*472*20211202~
CAS*OA*23*67~
REF*6R*UMP10063279654-3~
AMT*B6*67~
CLP*S3568299000101*2*157*1.51*20*15*M000478090-00*11*1~
NM1*QC*1*RIEDEL*RAYMOND*E***MI*919006485100001M~
NM1*74*1******C*91900648501~
NM1*82*1*GIANANTONIO*KAY***CNP*XX*1619346038~
REF*1L*10000000~
REF*28*104938~
REF*SY*299325566~
DTM*050*20211231~
AMT*AU*157~
SVC*HC>99214*157*1.51**1~
DTM*472*20211216~
CAS*PR*3*20~
CAS*OA*23*135.49~
REF*6R*UMP10063743914-1~
AMT*B6*157~
CLP*S3568267200101*2*157*1.51*20*15*M000478109-00*11*1~
NM1*QC*1*RIEDEL*LINDA****MI*919006485200002WLINDA~
NM1*74*1**RAYMOND*E~
NM1*82*1*GIANANTONIO*KAY***CNP*XX*1619346038~
REF*1L*10000000~
REF*28*104938~
REF*SY*299325566~
DTM*050*20211231~
AMT*AU*157~
SVC*HC>99214*157*1.51**1~
DTM*472*20211216~
CAS*PR*3*20~
CAS*OA*23*135.49~
REF*6R*UMP10063743920-1~
AMT*B6*157~
SE*96*1001~
GE*2*1~
IEA*1*262477059~
