ISA*00*          *00*          *ZZ*133052274      *ZZ*XXXXXXXXXXXXXXX*220119*0250*^*00501*100358959*0*P*>~GS*HP*133052274*XX*20220119*0250*1*X*005010X221A1~ST*835*0786~BPR*I*51784.19*C*ACH*CCP*01*011900445*DA*0000009046*1066033492**01*041000124*DA*4007801394*20220124~TRN*1*822019000348239*1066033492~REF*EV*XXXXXXXXXXXXXXXXXXXXXXXXXXXXXX~DTM*405*20220119~N1*PR*AETNA~N3*151 FARMINGTON AVENUE~N4*HARTFORD*CT*06156~REF*2U*60054~PER*BL*Provider Service~N1*PE*ATRIUM MEDICAL CENTER*XX*1700950060~N3*PO BOX 932706~N4*CLEVELAND*OH*441930015~REF*PQ*746251870~REF*TJ*311079309~LX*1~TS3*1700950060*22*20221231*1*57924.16~CLP*40300345300*1*57924.16*51784.19**13*E1TXTVMDG0000*13*1~NM1*QC*1*SURFUS*LARA*A~NM1*IL*1*SURFUS*ERIC*L***MI*W168529156~NM1*82*2*ATRIUM MEDICAL CENTER*****XX*1700950060~MOA***MA15~REF*1L*0307040-010-00001-OA~REF*CE*Aetna Choice  POS II NET 01559~DTM*232*20211122~DTM*233*20211122~DTM*050*20211126~PER*CX**TE*8886323862~AMT*AU*57924.16~SVC*HC>23585>RT*18982.34*16970.21*0360*1~DTM*472*20211122~CAS*CO*45*2012.13~REF*6R*ACXP0034618988-20~AMT*B6*16970.21~SVC*HC>29827>RT*18982.33*16970.2*0360*1~DTM*472*20211122~CAS*CO*45*2012.13~REF*6R*ACXP0034618988-21~AMT*B6*16970.2~SVC*HC>29823>RT*18982.33*16970.2*0360*1~DTM*472*20211122~CAS*CO*45*2012.13~REF*6R*ACXP0034618988-22~AMT*B6*16970.2~SVC*NU>0250*508.53*454.63**1~DTM*472*20211122~CAS*CO*45*53.9~REF*6R*ACXP0034618988-1~AMT*B6*454.63~SVC*NU>0250*198.12*177.12**6~DTM*472*20211122~CAS*CO*45*21~REF*6R*ACXP0034618988-2~AMT*B6*177.12~SVC*NU>0250*9.06*8.1**1~DTM*472*20211122~CAS*CO*45*.96~REF*6R*ACXP0034618988-3~AMT*B6*8.1~SVC*NU>0250*45.9*41.03**1~DTM*472*20211122~CAS*CO*45*4.87~REF*6R*ACXP0034618988-4~AMT*B6*41.03~SVC*NU>0250*22.57*20.18**2~DTM*472*20211122~CAS*CO*45*2.39~REF*6R*ACXP0034618988-5~AMT*B6*20.18~SVC*NU>0250*7*6.26**4~DTM*472*20211122~CAS*CO*45*.74~REF*6R*ACXP0034618988-6~AMT*B6*6.26~SVC*NU>0250*14.3*12.78**1~DTM*472*20211122~CAS*CO*45*1.52~REF*6R*ACXP0034618988-7~AMT*B6*12.78~SVC*NU>0250*7*6.26**2~DTM*472*20211122~CAS*CO*45*.74~REF*6R*ACXP0034618988-8~AMT*B6*6.26~SVC*NU>0250*55.04*49.21**15~DTM*472*20211122~CAS*CO*45*5.83~REF*6R*ACXP0034618988-9~AMT*B6*49.21~SVC*NU>0250*13.26*11.85**3~DTM*472*20211122~CAS*CO*45*1.41~REF*6R*ACXP0034618988-10~AMT*B6*11.85~SVC*NU>0250*10.82*9.67**20~DTM*472*20211122~CAS*CO*45*1.15~REF*6R*ACXP0034618988-11~AMT*B6*9.67~SVC*NU>0250*24.18*21.62**100~DTM*472*20211122~CAS*CO*45*2.56~REF*6R*ACXP0034618988-12~AMT*B6*21.62~SVC*NU>0250*18*16.09**100~DTM*472*20211122~CAS*CO*45*1.91~REF*6R*ACXP0034618988-13~AMT*B6*16.09~SVC*NU>0250*30.36*27.14**10~DTM*472*20211122~CAS*CO*45*3.22~REF*6R*ACXP0034618988-14~AMT*B6*27.14~SVC*NU>0250*13.02*11.64**10~DTM*472*20211122~CAS*CO*45*1.38~REF*6R*ACXP0034618988-15~AMT*B6*11.64~SE*120*0786~ST*835*1079~BPR*I*13185.56*C*ACH*CCP*01*031100209*DA*0038865237*1066033492**01*041000124*DA*4007801394*20220121~TRN*1*160118220237665*1066033492~REF*EV*XXXXXXXXXXXXXXXXXXXXXXXXXXXXXX~DTM*405*20220119~N1*PR*AETNA~N3*151 FARMINGTON AVENUE~N4*HARTFORD*CT*06156~REF*2U*60054~PER*BL*Provider Service~N1*PE*ATRIUM MEDICAL CENTER*XX*1700950060~N3*P.O. BOX 932706~N4*CLEVELAND*OH*44193~REF*PQ*746251870~REF*TJ*311079309~LX*1~TS3*1700950060*11*20221231*7*67938.05~CLP*40250460113*22*-16596.77*-2171.55**13*211209C961500000*13*7~NM1*QC*1*WYSONG*DALE*E***MI*MEBD7RTJ~NM1*82*2*ATRIUM MEDICAL CENTER*****XX*1700950060~REF*1L*455716-132~REF*CE*STRS PPO PLAN NET 03418~DTM*232*20200620~DTM*233*20200621~DTM*050*20211209~PER*CX**TE*8006240756~SVC*NU>0250*-35.7*0**0**1~DTM*472*20200620~CAS*CO*97*-35.7*1~REF*6R*ACXP0031544846-1~LQ*HE*MA67~LQ*HE*N130~SVC*NU>0258*-29.75*0**0**1~DTM*472*20200620~CAS*CO*97*-29.75*1~REF*6R*ACXP0031544846-2~LQ*HE*MA67~LQ*HE*N130~SVC*NU>0258*-7*0**0**1~DTM*472*20200621~CAS*CO*97*-7*1~REF*6R*ACXP0031544846-4~LQ*HE*MA67~LQ*HE*N130~SVC*NU>0258*-7*0**0**1~DTM*472*20200620~CAS*CO*97*-7*1~REF*6R*ACXP0031544846-3~LQ*HE*MA67~LQ*HE*N130~SVC*HC>96361*-2196*0*0260*0**9~DTM*472*20200621~CAS*CO*97*-2196*9~REF*6R*ACXP0031544846-6~LQ*HE*MA67~LQ*HE*N130~SVC*HC>96361*-1952*0*0260*0**8~DTM*472*20200620~CAS*CO*97*-1952*8~REF*6R*ACXP0031544846-5~LQ*HE*MA67~LQ*HE*N130~SVC*HC>36415*-14*0*0300*0**1~DTM*472*20200620~CAS*CO*97*-14*1~REF*6R*ACXP0031544846-8~LQ*HE*MA67~LQ*HE*N19~SVC*HC>U0003*-100*0*0300*0**1~DTM*472*20200620~CAS*CO*97*-100*1~REF*6R*ACXP0031544846-7~LQ*HE*MA67~LQ*HE*N130~SVC*HC>84443*-110*0*0301*0**1~DTM*472*20200620~CAS*CO*97*-110*1~REF*6R*ACXP0031544846-10~LQ*HE*MA67~LQ*HE*N130~SVC*HC>84484*-64*0*0301*0**1~DTM*472*20200620~CAS*CO*97*-64*1~REF*6R*ACXP0031544846-11~LQ*HE*MA67~LQ*HE*N130~SVC*HC>80053*-54*0*0301*0**1~DTM*472*20200620~CAS*CO*97*-54*1~REF*6R*ACXP0031544846-9~LQ*HE*MA67~LQ*HE*N130~SVC*HC>85025*-40*0*0305*0**1~DTM*472*20200620~CAS*CO*97*-40*1~REF*6R*ACXP0031544846-12~LQ*HE*MA67~LQ*HE*N130~SVC*HC>81001*-21*0*0307*0**1~DTM*472*20200620~CAS*CO*97*-21*1~REF*6R*ACXP0031544846-13~LQ*HE*MA67~LQ*HE*N130~SVC*HC>71045*-443*0*0324*0**1~DTM*472*20200620~CAS*CO*97*-443*1~REF*6R*ACXP0031544846-14~LQ*HE*MA67~LQ*HE*N130~SVC*HC>70450*-990*0*0351*0**1~DTM*472*20200620~CAS*CO*97*-990*1~REF*6R*ACXP0031544846-15~LQ*HE*MA67~LQ*HE*N130~SVC*HC>97116>GP*-133*0*0420*0**1~DTM*472*20200621~CAS*CO*97*-133*1~REF*6R*ACXP0031544846-16~LQ*HE*N130~SVC*HC>97530>GP*-112*0*0420*0**1~DTM*472*20200621~CAS*CO*97*-112*1~REF*6R*ACXP0031544846-17~LQ*HE*MA67~LQ*HE*N130~SVC*HC>97162>GP*-342*0*0424*1~DTM*472*20200621~CAS*CO*45*-277.31~CAS*PR*3*-64.69~REF*6R*ACXP0031544846-18~LQ*HE*MA67~SVC*HC>97530>GO*-112*0*0430*0**1~DTM*472*20200621~CAS*CO*97*-112*1~REF*6R*ACXP0031544846-19~LQ*HE*MA67~LQ*HE*N130~SVC*HC>97166>GO*-512*-78.48*0434*1~DTM*472*20200621~CAS*CO*45*-423.21~CAS*PR*3*-10.31~REF*6R*ACXP0031544846-20~LQ*HE*N59~SVC*HC>99285*-4900*-2093.07*0450*1~DTM*472*20200620~CAS*CO*45*-2806.93~REF*6R*ACXP0031544846-22~LQ*HE*N59~SVC*HC>96374*-339*0*0450*0**1~DTM*472*20200620~CAS*CO*97*-339*1~REF*6R*ACXP0031544846-21~LQ*HE*MA67~LQ*HE*N130~SVC*HC>J1650*-21.93*0*0636*0**4~DTM*472*20200621~CAS*CO*97*-21.93*4~REF*6R*ACXP0031544846-26~LQ*HE*MA67~LQ*HE*N130~SVC*HC>J7042*-29.75*0*0636*0**2~DTM*472*20200621~CAS*CO*97*-29.75*2~REF*6R*ACXP0031544846-32~LQ*HE*MA67~LQ*HE*N130~SVC*HC>J7042*-29.75*0*0636*0**2~DTM*472*20200620~CAS*CO*97*-29.75*2~REF*6R*ACXP0031544846-31~LQ*HE*MA67~LQ*HE*N130~SVC*HC>J7042*-29.75*0*0636*0**2~DTM*472*20200620~CAS*CO*97*-29.75*2~REF*6R*ACXP0031544846-30~LQ*HE*MA67~LQ*HE*N130~SVC*HC>J1815*-21*0*0636*0**9~DTM*472*20200621~CAS*CO*97*-21*9~REF*6R*ACXP0031544846-29~LQ*HE*MA67~LQ*HE*N130~SVC*HC>J1815*-12.87*0*0636*0**6~DTM*472*20200620~CAS*CO*97*-12.87*6~REF*6R*ACXP0031544846-28~LQ*HE*MA67~LQ*HE*N130~SVC*HC>J1815*-7*0*0636*0**1~DTM*472*20200620~CAS*CO*97*-7*1~REF*6R*ACXP0031544846-27~LQ*HE*MA67~LQ*HE*N130~SVC*HC>J1650*-21.93*0*0636*0**4~DTM*472*20200620~CAS*CO*97*-21.93*4~REF*6R*ACXP0031544846-25~LQ*HE*MA67~LQ*HE*N130~SVC*HC>J0360*-16.17*0*0636*0**1~DTM*472*20200621~CAS*CO*97*-16.17*1~REF*6R*ACXP0031544846-24~LQ*HE*MA67~LQ*HE*N130~SVC*HC>J0360*-16.17*0*0636*0**1~DTM*472*20200620~CAS*CO*97*-16.17*1~REF*6R*ACXP0031544846-23~LQ*HE*MA67~LQ*HE*N130~SVC*HC>G0378*-1605*0*0762*0**15~DTM*472*20200621~CAS*CO*97*-1605*15~REF*6R*ACXP0031544846-34~LQ*HE*MA67~LQ*HE*N130~SVC*HC>G0378*-1818*0*0762*0**10~DTM*472*20200620~CAS*CO*97*-1818*10~REF*6R*ACXP0031544846-33~LQ*HE*MA67~LQ*HE*N130~SVC*HC>96376*-140*0*0940*0**1~DTM*472*20200621~CAS*CO*97*-140*1~REF*6R*ACXP0031544846-38~LQ*HE*MA67~LQ*HE*N130~SVC*HC>96375*-140*0*0940*0**1~DTM*472*20200620~CAS*CO*97*-140*1~REF*6R*ACXP0031544846-37~LQ*HE*MA67~LQ*HE*N130~SVC*HC>96372>XU*-87*0*0940*0**1~DTM*472*20200620~CAS*CO*97*-87*1~REF*6R*ACXP0031544846-36~LQ*HE*MA67~LQ*HE*N130~SVC*HC>96372*-87*0*0940*0**1~DTM*472*20200621~CAS*CO*97*-87*1~REF*6R*ACXP0031544846-35~LQ*HE*MA67~LQ*HE*N130~CLP*40250460113*1*16596.77*2171.55*75*13*211209C961500001*13*7~NM1*QC*1*WYSONG*DALE*E***MI*MEBD7RTJ~NM1*82*2*ATRIUM MEDICAL CENTER*****XX*1700950060~REF*1L*455716-132~REF*CE*STRS PPO PLAN NET 03418~REF*F8*211209C961500000~DTM*232*20200620~DTM*233*20200621~DTM*050*20211209~PER*CX**TE*8006240756~AMT*AU*5754~SVC*NU>0250*35.7*0**0**1~DTM*472*20200620~CAS*CO*97*35.7*1~REF*6R*ACXP0031544846-1~LQ*HE*MA67~LQ*HE*N130~SVC*NU>0258*29.75*0**0**1~DTM*472*20200620~CAS*CO*97*29.75*1~REF*6R*ACXP0031544846-2~LQ*HE*MA67~LQ*HE*N130~SVC*NU>0258*7*0**0**1~DTM*472*20200621~CAS*CO*97*7*1~REF*6R*ACXP0031544846-4~LQ*HE*MA67~LQ*HE*N130~SVC*NU>0258*7*0**0**1~DTM*472*20200620~CAS*CO*97*7*1~REF*6R*ACXP0031544846-3~LQ*HE*MA67~LQ*HE*N130~SVC*HC>96361*2196*0*0260*0**9~DTM*472*20200621~CAS*CO*97*2196*9~REF*6R*ACXP0031544846-6~LQ*HE*MA67~LQ*HE*N130~SVC*HC>96361*1952*0*0260*0**8~DTM*472*20200620~CAS*CO*97*1952*8~REF*6R*ACXP0031544846-5~LQ*HE*MA67~LQ*HE*N130~SVC*HC>36415*14*0*0300*0**1~DTM*472*20200620~CAS*CO*97*14*1~REF*6R*ACXP0031544846-8~LQ*HE*MA67~LQ*HE*N19~SVC*HC>U0003*100*0*0300*0**1~DTM*472*20200620~CAS*CO*97*100*1~REF*6R*ACXP0031544846-7~LQ*HE*MA67~LQ*HE*N130~SVC*HC>84443*110*0*0301*0**1~DTM*472*20200620~CAS*CO*97*110*1~REF*6R*ACXP0031544846-10~LQ*HE*MA67~LQ*HE*N130~SVC*HC>84484*64*0*0301*0**1~DTM*472*20200620~CAS*CO*97*64*1~REF*6R*ACXP0031544846-11~LQ*HE*MA67~LQ*HE*N130~SVC*HC>80053*54*0*0301*0**1~DTM*472*20200620~CAS*CO*97*54*1~REF*6R*ACXP0031544846-9~LQ*HE*MA67~LQ*HE*N130~SVC*HC>85025*40*0*0305*0**1~DTM*472*20200620~CAS*CO*97*40*1~REF*6R*ACXP0031544846-12~LQ*HE*MA67~LQ*HE*N130~SVC*HC>81001*21*0*0307*0**1~DTM*472*20200620~CAS*CO*97*21*1~REF*6R*ACXP0031544846-13~LQ*HE*MA67~LQ*HE*N130~SVC*HC>71045*443*0*0324*0**1~DTM*472*20200620~CAS*CO*97*443*1~REF*6R*ACXP0031544846-14~LQ*HE*MA67~LQ*HE*N130~SVC*HC>70450*990*0*0351*0**1~DTM*472*20200620~CAS*CO*97*990*1~REF*6R*ACXP0031544846-15~LQ*HE*MA67~LQ*HE*N130~SVC*HC>97116>GP*133*0*0420*0**1~DTM*472*20200621~CAS*CO*97*133*1~REF*6R*ACXP0031544846-16~LQ*HE*N130~SVC*HC>97530>GP*112*0*0420*0**1~DTM*472*20200621~CAS*CO*97*112*1~REF*6R*ACXP0031544846-17~LQ*HE*MA67~LQ*HE*N130~SVC*HC>97162>GP*342*0*0424*1~DTM*472*20200621~CAS*CO*45*277.31~CAS*PR*3*64.69~REF*6R*ACXP0031544846-18~AMT*B6*64.69~LQ*HE*MA67~SVC*HC>97530>GO*112*0*0430*0**1~DTM*472*20200621~CAS*CO*97*112*1~REF*6R*ACXP0031544846-19~LQ*HE*MA67~LQ*HE*N130~SVC*HC>97166>GO*512*78.48*0434*1~DTM*472*20200621~CAS*CO*45*423.21~CAS*PR*3*10.31~REF*6R*ACXP0031544846-20~AMT*B6*88.79~LQ*HE*N59~SVC*HC>99285*4900*2093.07*0450*1~DTM*472*20200620~CAS*CO*45*2806.93~REF*6R*ACXP0031544846-22~AMT*B6*2093.07~LQ*HE*N59~SVC*HC>96374*339*0*0450*0**1~DTM*472*20200620~CAS*CO*97*339*1~REF*6R*ACXP0031544846-21~LQ*HE*MA67~LQ*HE*N130~SVC*HC>J1650*21.93*0*0636*0**4~DTM*472*20200621~CAS*CO*97*21.93*4~REF*6R*ACXP0031544846-26~LQ*HE*MA67~LQ*HE*N130~SVC*HC>J7042*29.75*0*0636*0**2~DTM*472*20200621~CAS*CO*97*29.75*2~REF*6R*ACXP0031544846-32~LQ*HE*MA67~LQ*HE*N130~SVC*HC>J7042*29.75*0*0636*0**2~DTM*472*20200620~CAS*CO*97*29.75*2~REF*6R*ACXP0031544846-31~LQ*HE*MA67~LQ*HE*N130~SVC*HC>J7042*29.75*0*0636*0**2~DTM*472*20200620~CAS*CO*97*29.75*2~REF*6R*ACXP0031544846-30~LQ*HE*MA67~LQ*HE*N130~SVC*HC>J1815*21*0*0636*0**9~DTM*472*20200621~CAS*CO*97*21*9~REF*6R*ACXP0031544846-29~LQ*HE*MA67~LQ*HE*N130~SVC*HC>J1815*12.87*0*0636*0**6~DTM*472*20200620~CAS*CO*97*12.87*6~REF*6R*ACXP0031544846-28~LQ*HE*MA67~LQ*HE*N130~SVC*HC>J1815*7*0*0636*0**1~DTM*472*20200620~CAS*CO*97*7*1~REF*6R*ACXP0031544846-27~LQ*HE*MA67~LQ*HE*N130~SVC*HC>J1650*21.93*0*0636*0**4~DTM*472*20200620~CAS*CO*97*21.93*4~REF*6R*ACXP0031544846-25~LQ*HE*MA67~LQ*HE*N130~SVC*HC>J0360*16.17*0*0636*0**1~DTM*472*20200621~CAS*CO*97*16.17*1~REF*6R*ACXP0031544846-24~LQ*HE*MA67~LQ*HE*N130~SVC*HC>J0360*16.17*0*0636*0**1~DTM*472*20200620~CAS*CO*97*16.17*1~REF*6R*ACXP0031544846-23~LQ*HE*MA67~LQ*HE*N130~SVC*HC>G0378*1605*0*0762*0**15~DTM*472*20200621~CAS*CO*97*1605*15~REF*6R*ACXP0031544846-34~LQ*HE*MA67~LQ*HE*N130~SVC*HC>G0378*1818*0*0762*0**10~DTM*472*20200620~CAS*CO*97*1818*10~REF*6R*ACXP0031544846-33~LQ*HE*MA67~LQ*HE*N130~SVC*HC>96376*140*0*0940*0**1~DTM*472*20200621~CAS*CO*97*140*1~REF*6R*ACXP0031544846-38~LQ*HE*MA67~LQ*HE*N130~SVC*HC>96375*140*0*0940*0**1~DTM*472*20200620~CAS*CO*97*140*1~REF*6R*ACXP0031544846-37~LQ*HE*MA67~LQ*HE*N130~SVC*HC>96372>XU*87*0*0940*0**1~DTM*472*20200620~CAS*CO*97*87*1~REF*6R*ACXP0031544846-36~LQ*HE*MA67~LQ*HE*N130~SVC*HC>96372*87*0*0940*0**1~DTM*472*20200621~CAS*CO*97*87*1~REF*6R*ACXP0031544846-35~LQ*HE*MA67~LQ*HE*N130~CLP*40304179900*1*58659.65*10233.44*750*13*220111E059100001*11*1**280*1.6069~NM1*QC*1*DUNBAR*GLORIA*J***MI*MEBD5NTN~NM1*82*2*ATRIUM MEDICAL CENTER*****XX*1700950060~REF*G1*3029328~REF*1L*466235-005~REF*CE*SERS PPO PLAN NET 03418~DTM*232*20211226~DTM*233*20211231~DTM*050*20220111~PER*CX**TE*8006240756~AMT*AU*27150~SVC*NU>0206*27150*10233.44**5~DTM*150*20211226~DTM*151*20211231~CAS*CO*45*16166.56~CAS*PR*3*750~REF*6R*ACXP0034912695-1~AMT*B6*10983.44~SVC*NU>0480*2919*0**0**1~DTM*150*20211226~DTM*151*20211231~CAS*CO*97*2919*1~REF*6R*ACXP0034912695-20~LQ*HE*M2~SVC*NU>0270*56*0**0**2~DTM*150*20211226~DTM*151*20211231~CAS*CO*97*56*2~REF*6R*ACXP0034912695-4~LQ*HE*M2~SVC*NU>0272*364.42*0**0**29~DTM*150*20211226~DTM*151*20211231~CAS*CO*97*364.42*29~REF*6R*ACXP0034912695-5~LQ*HE*M2~SVC*NU>0410*2620*0**0**12~DTM*150*20211226~DTM*151*20211231~CAS*CO*97*2620*12~REF*6R*ACXP0034912695-14~LQ*HE*M2~SVC*NU>0450*5145*0**0**1~DTM*150*20211226~DTM*151*20211231~CAS*CO*97*5145*1~REF*6R*ACXP0034912695-19~LQ*HE*M2~SVC*NU>0762*6550*0**0**52~DTM*150*20211226~DTM*151*20211231~CAS*CO*97*6550*52~REF*6R*ACXP0034912695-22~LQ*HE*M2~SVC*NU>0250*555.83*0**0**50~DTM*150*20211226~DTM*151*20211231~CAS*CO*97*555.83*50~REF*6R*ACXP0034912695-2~LQ*HE*M2~SVC*NU>0255*78.4*0**0**200~DTM*150*20211226~DTM*151*20211231~CAS*CO*97*78.4*200~REF*6R*ACXP0034912695-3~LQ*HE*M2~SVC*NU>0300*640*0**0**6~DTM*150*20211226~DTM*151*20211231~CAS*CO*97*640*6~REF*6R*ACXP0034912695-6~LQ*HE*M2~SVC*NU>0301*1694*0**0**23~DTM*150*20211226~DTM*151*20211231~CAS*CO*97*1694*23~REF*6R*ACXP0034912695-7~LQ*HE*M2~SVC*NU>0302*38*0**0**1~DTM*150*20211226~DTM*151*20211231~CAS*CO*97*38*1~REF*6R*ACXP0034912695-8~LQ*HE*M2~SVC*NU>0305*358*0**0**10~DTM*150*20211226~DTM*151*20211231~CAS*CO*97*358*10~REF*6R*ACXP0034912695-9~LQ*HE*M2~SVC*NU>0306*94*0**0**2~DTM*150*20211226~DTM*151*20211231~CAS*CO*97*94*2~REF*6R*ACXP0034912695-10~LQ*HE*M2~SVC*NU>0324*496*0**0**1~DTM*150*20211226~DTM*151*20211231~CAS*CO*97*496*1~REF*6R*ACXP0034912695-11~LQ*HE*M2~SVC*NU>0351*5779*0**0**3~DTM*150*20211226~DTM*151*20211231~CAS*CO*97*5779*3~REF*6R*ACXP0034912695-12~LQ*HE*M2~SVC*NU>0352*2209*0**0**1~DTM*150*20211226~DTM*151*20211231~CAS*CO*97*2209*1~REF*6R*ACXP0034912695-13~LQ*HE*M2~SVC*NU>0420*315*0**0**3~DTM*150*20211226~DTM*151*20211231~CAS*CO*97*315*3~REF*6R*ACXP0034912695-15~LQ*HE*M2~SVC*NU>0424*301*0**0**1~DTM*150*20211226~DTM*151*20211231~CAS*CO*97*301*1~REF*6R*ACXP0034912695-16~LQ*HE*M2~SVC*NU>0430*118*0**0**1~DTM*150*20211226~DTM*151*20211231~CAS*CO*97*118*1~REF*6R*ACXP0034912695-17~LQ*HE*M2~SVC*NU>0434*451*0**0**1~DTM*150*20211226~DTM*151*20211231~CAS*CO*97*451*1~REF*6R*ACXP0034912695-18~LQ*HE*M2~SVC*NU>0730*728*0**0**2~DTM*150*20211226~DTM*151*20211231~CAS*CO*97*728*2~REF*6R*ACXP0034912695-21~LQ*HE*M2~CLP*40237647805*22*-19823.96*0**13*200708C325600000*13*7~NM1*QC*1*CESSNA*BARBARA*E***MI*MEBN8PZK~NM1*82*2*ATRIUM MEDICAL CENTER*****XX*1700950060~REF*1L*467104-007~REF*CE*VALUE PPO NET 03418~DTM*232*20200102~DTM*233*20200105~DTM*050*20200708~PER*CX**TE*8006240756~SVC*HC>36415*-42*0*0300*0**1~DTM*150*20200102~DTM*151*20200103~CAS*CO*B9*-42*1~REF*6R*ACXP0031346303-1~SVC*HC>80048*-38*0*0301*0**1~DTM*472*20200103~CAS*CO*B9*-38*1~REF*6R*ACXP0031346303-2~SVC*HC>80048*-38*0*0301*0**1~DTM*472*20200105~CAS*CO*B9*-38*1~REF*6R*ACXP0031346303-4~SVC*HC>80048*-38*0*0301*0**1~DTM*472*20200104~CAS*CO*B9*-38*1~REF*6R*ACXP0031346303-3~SVC*HC>85027*-33*0*0305*0**1~DTM*472*20200103~CAS*CO*B9*-33*1~REF*6R*ACXP0031346303-5~SVC*HC>81001*-21*0*0307*0**1~DTM*472*20200102~CAS*CO*B9*-21*1~REF*6R*ACXP0031346303-6~SVC*HC>78582*-3054*0*0341*0**1~DTM*472*20200103~CAS*CO*B9*-3054*1~REF*6R*ACXP0031346303-7~SVC*HC>A9540*-27*0*0343*0**1~DTM*472*20200103~CAS*CO*B9*-27*1~REF*6R*ACXP0031346303-8~SVC*HC>A9558*-236*0*0343*0**2~DTM*472*20200103~CAS*CO*B9*-236*2~REF*6R*ACXP0031346303-9~SVC*HC>71250*-937*0*0352*0**1~DTM*472*20200103~CAS*CO*B9*-937*1~REF*6R*ACXP0031346303-10~SVC*HC>94640>76*-480*0*0410*0**2~DTM*472*20200104~CAS*CO*B9*-480*2~REF*6R*ACXP0031346303-12~SVC*HC>94640>76*-240*0*0410*0**1~DTM*472*20200105~CAS*CO*B9*-240*1~REF*6R*ACXP0031346303-13~SVC*HC>94640*-240*0*0410*0**1~DTM*472*20200103~CAS*CO*B9*-240*1~REF*6R*ACXP0031346303-11~SVC*HC>97116>GP*-133*0*0420*0**1~DTM*472*20200103~CAS*CO*B9*-133*1~REF*6R*ACXP0031346303-14~SVC*HC>97530>GP*-112*0*0420*0**1~DTM*472*20200105~CAS*CO*B9*-112*1~REF*6R*ACXP0031346303-16~SVC*HC>97116>GP*-133*0*0420*0**1~DTM*472*20200105~CAS*CO*B9*-133*1~REF*6R*ACXP0031346303-15~SVC*HC>97162>GP*-342*0*0424*0**1~DTM*472*20200103~CAS*CO*B9*-342*1~REF*6R*ACXP0031346303-17~SVC*HC>97535>GO*-134*0*0430*0**1~DTM*472*20200104~CAS*CO*B9*-134*1~REF*6R*ACXP0031346303-18~SVC*HC>97166>GO*-512*0*0434*0**1~DTM*472*20200104~CAS*CO*B9*-512*1~REF*6R*ACXP0031346303-19~SVC*HC>96374*-339*0*0450*0**1~DTM*472*20200102~CAS*CO*B9*-339*1~REF*6R*ACXP0031346303-20~SVC*HC>99285*-4900*0*0450*0**1~DTM*472*20200102~CAS*CO*B9*-4900*1~REF*6R*ACXP0031346303-21~SVC*HC>J1650*-16.57*0*0636*0**3~DTM*472*20200105~CAS*CO*B9*-16.57*3~REF*6R*ACXP0031346303-22~SVC*HC>J8499*-1.15*0*0636*0**1~DTM*472*20200105~CAS*CO*B9*-1.15*1~REF*6R*ACXP0031346303-30~SVC*HC>J8499*-1.15*0*0636*0**1~DTM*472*20200104~CAS*CO*B9*-1.15*1~REF*6R*ACXP0031346303-29~SVC*HC>J8499*-1.15*0*0636*0**1~DTM*472*20200103~CAS*CO*B9*-1.15*1~REF*6R*ACXP0031346303-28~SVC*HC>J3535*-25.85*0*0636*0**2~DTM*472*20200105~CAS*CO*B9*-25.85*2~REF*6R*ACXP0031346303-27~SVC*HC>J3535*-51.7*0*0636*0**4~DTM*472*20200104~CAS*CO*B9*-51.7*4~REF*6R*ACXP0031346303-26~SVC*HC>J3535*-25.85*0*0636*0**2~DTM*472*20200103~CAS*CO*B9*-25.85*2~REF*6R*ACXP0031346303-25~SVC*HC>J3490*-18.36*0*0636*0**8~DTM*472*20200103~CAS*CO*B9*-18.36*8~REF*6R*ACXP0031346303-24~SVC*HC>J3490*-9.18*0*0636*0**4~DTM*472*20200102~CAS*CO*B9*-9.18*4~REF*6R*ACXP0031346303-23~SVC*HC>G0378*-5456*0*0762*0**44~DTM*472*20200102~CAS*CO*B9*-5456*44~REF*6R*ACXP0031346303-32~SVC*HC>93970*-2188*0*0921*0**1~DTM*472*20200103~CAS*CO*B9*-2188*1~REF*6R*ACXP0031346303-31~CLP*40237647805*1*19823.96*2176.03*90*13*220112C325600000*13*7~NM1*QC*1*CESSNA*BARBARA*E***MI*MEBN8PZK~NM1*82*2*ATRIUM MEDICAL CENTER*****XX*1700950060~REF*1L*467104-007~REF*CE*VALUE PPO NET 03418~REF*F8*200708C325600000~DTM*232*20200102~DTM*233*20200105~DTM*050*20220112~PER*CX**TE*8006240756~AMT*AU*5754~SVC*HC>36415*42*0*0300*0**1~DTM*150*20200102~DTM*151*20200103~CAS*CO*B9*42*1~REF*6R*ACXP0031346303-1~SVC*HC>80048*38*0*0301*0**1~DTM*472*20200103~CAS*CO*B9*38*1~REF*6R*ACXP0031346303-2~SVC*HC>80048*38*0*0301*0**1~DTM*472*20200105~CAS*CO*B9*38*1~REF*6R*ACXP0031346303-4~SVC*HC>80048*38*0*0301*0**1~DTM*472*20200104~CAS*CO*B9*38*1~REF*6R*ACXP0031346303-3~SVC*HC>85027*33*0*0305*0**1~DTM*472*20200103~CAS*CO*B9*33*1~REF*6R*ACXP0031346303-5~SVC*HC>81001*21*0*0307*0**1~DTM*472*20200102~CAS*CO*B9*21*1~REF*6R*ACXP0031346303-6~SVC*HC>78582*3054*0*0341*0**1~DTM*472*20200103~CAS*CO*B9*3054*1~REF*6R*ACXP0031346303-7~SVC*HC>A9540*27*0*0343*0**1~DTM*472*20200103~CAS*CO*B9*27*1~REF*6R*ACXP0031346303-8~SVC*HC>A9558*236*0*0343*0**2~DTM*472*20200103~CAS*CO*B9*236*2~REF*6R*ACXP0031346303-9~SVC*HC>71250*937*0*0352*0**1~DTM*472*20200103~CAS*CO*B9*937*1~REF*6R*ACXP0031346303-10~SVC*HC>94640>76*480*0*0410*0**2~DTM*472*20200104~CAS*CO*B9*480*2~REF*6R*ACXP0031346303-12~SVC*HC>94640>76*240*0*0410*0**1~DTM*472*20200105~CAS*CO*B9*240*1~REF*6R*ACXP0031346303-13~SVC*HC>94640*240*0*0410*0**1~DTM*472*20200103~CAS*CO*B9*240*1~REF*6R*ACXP0031346303-11~SVC*HC>97116>GP*133*0*0420*0**1~DTM*472*20200103~CAS*CO*B9*133*1~REF*6R*ACXP0031346303-14~SVC*HC>97530>GP*112*0*0420*0**1~DTM*472*20200105~CAS*CO*B9*112*1~REF*6R*ACXP0031346303-16~SVC*HC>97116>GP*133*0*0420*0**1~DTM*472*20200105~CAS*CO*B9*133*1~REF*6R*ACXP0031346303-15~SVC*HC>97162>GP*342*84.17*0424*1~DTM*472*20200103~CAS*CO*45*257.83~REF*6R*ACXP0031346303-17~AMT*B6*84.17~LQ*HE*N59~SVC*HC>97535>GO*134*0*0430*0**1~DTM*472*20200104~CAS*CO*B9*134*1~REF*6R*ACXP0031346303-18~SVC*HC>97166>GO*512*88.79*0434*1~DTM*472*20200104~CAS*CO*45*423.21~REF*6R*ACXP0031346303-19~AMT*B6*88.79~LQ*HE*N59~SVC*HC>96374*339*0*0450*0**1~DTM*472*20200102~CAS*CO*B9*339*1~REF*6R*ACXP0031346303-20~SVC*HC>99285*4900*2003.07*0450*1~DTM*472*20200102~CAS*CO*45*2806.93~CAS*PR*3*90~REF*6R*ACXP0031346303-21~AMT*B6*2093.07~LQ*HE*N59~SVC*HC>J1650*16.57*0*0636*0**3~DTM*472*20200105~CAS*CO*B9*16.57*3~REF*6R*ACXP0031346303-22~SVC*HC>J8499*1.15*0*0636*0**1~DTM*472*20200105~CAS*CO*B9*1.15*1~REF*6R*ACXP0031346303-30~SVC*HC>J8499*1.15*0*0636*0**1~DTM*472*20200104~CAS*CO*B9*1.15*1~REF*6R*ACXP0031346303-29~SVC*HC>J8499*1.15*0*0636*0**1~DTM*472*20200103~CAS*CO*B9*1.15*1~REF*6R*ACXP0031346303-28~SVC*HC>J3535*25.85*0*0636*0**2~DTM*472*20200105~CAS*CO*B9*25.85*2~REF*6R*ACXP0031346303-27~SVC*HC>J3535*51.7*0*0636*0**4~DTM*472*20200104~CAS*CO*B9*51.7*4~REF*6R*ACXP0031346303-26~SVC*HC>J3535*25.85*0*0636*0**2~DTM*472*20200103~CAS*CO*B9*25.85*2~REF*6R*ACXP0031346303-25~SVC*HC>J3490*18.36*0*0636*0**8~DTM*472*20200103~CAS*CO*B9*18.36*8~REF*6R*ACXP0031346303-24~SVC*HC>J3490*9.18*0*0636*0**4~DTM*472*20200102~CAS*CO*B9*9.18*4~REF*6R*ACXP0031346303-23~SVC*HC>G0378*5456*0*0762*0**44~DTM*472*20200102~CAS*CO*B9*5456*44~REF*6R*ACXP0031346303-32~SVC*HC>93970*2188*0*0921*0**1~DTM*472*20200103~CAS*CO*B9*2188*1~REF*6R*ACXP0031346303-31~CLP*40300453700*1*1612*0**13*220114E007870000*13*2~NM1*QC*1*CROCKER*EDITH****MI*MEBFDSTB~NM1*82*2*ATRIUM MEDICAL CENTER*****XX*1700950060~REF*1L*455716-132~REF*CE*STRS PPO PLAN NET 03418~DTM*232*20211208~DTM*233*20211221~DTM*050*20220114~PER*CX**TE*8006240756~SVC*HC>92523>GN*744*0*0444*0**1~DTM*472*20211208~CAS*CO*96*744*1~REF*6R*ACXP0034938790-4~LQ*HE*N115~SVC*HC>92507>GN*184*0*0440*0**1~DTM*472*20211208~CAS*CO*96*184*1~REF*6R*ACXP0034938790-1~LQ*HE*N115~SVC*HC>97129>GN*171*0*0440*0**1~DTM*472*20211221~CAS*CO*96*171*1~REF*6R*ACXP0034938790-2~LQ*HE*N115~SVC*HC>97130>GN*513*0*0440*0**3~DTM*472*20211221~CAS*CO*96*513*3~REF*6R*ACXP0034938790-3~LQ*HE*N115~CLP*40301900301*1*7666.4*776.09**13*220114E058150000*13*1~NM1*QC*1*HINSSEN*CAROL*A***MI*MEBPRJPR~NM1*82*2*ATRIUM MEDICAL CENTER*****XX*1700950060~REF*1L*467104-010~REF*CE*VALUE PPO NET 03418~DTM*232*20211207~DTM*233*20211207~DTM*050*20220114~PER*CX**TE*8006240756~AMT*AU*4234~SVC*HC>82565*34*0*0301*0**1~DTM*472*20211207~CAS*CO*97*34*1~REF*6R*ACXP0034934144-3~LQ*HE*N130~SVC*NU>0272*26*0**0**2~DTM*472*20211207~CAS*CO*97*26*2~REF*6R*ACXP0034934144-2~LQ*HE*N130~SVC*NU>0255*61.2*0**0**2~DTM*472*20211207~CAS*CO*97*61.2*2~REF*6R*ACXP0034934144-1~LQ*HE*N130~SVC*HC>78306*2025*360.33*0341*1~DTM*472*20211207~CAS*CO*45*1664.67~REF*6R*ACXP0034934144-4~AMT*B6*360.33~LQ*HE*N59~SVC*HC>A9503*27*0*0343*0**1~DTM*472*20211207~CAS*CO*97*27*1~REF*6R*ACXP0034934144-5~LQ*HE*N130~SVC*HC>71260*2209*415.76*0352*1~DTM*472*20211207~CAS*CO*45*1793.24~REF*6R*ACXP0034934144-6~AMT*B6*415.76~LQ*HE*N59~SVC*HC>74177*3245*0*0352*0**1~DTM*472*20211207~CAS*CO*97*3245*1~REF*6R*ACXP0034934144-7~LQ*HE*N130~SVC*HC>Q9967*39.2*0*0636*0**100~DTM*472*20211207~CAS*CO*97*39.2*100~REF*6R*ACXP0034934144-8~LQ*HE*N130~SE*1003*1079~ST*835*1699~BPR*I*1215.03*C*ACH*CCP*01*031100209*DA*0038865237*1066033492**01*041000124*DA*4007801394*20220121~TRN*1*160118220262835*1066033492~REF*EV*XXXXXXXXXXXXXXXXXXXXXXXXXXXXXX~DTM*405*20220119~N1*PR*AETNA~N3*151 FARMINGTON AVENUE~N4*HARTFORD*CT*06156~REF*2U*60054~PER*BL*Provider Service~N1*PE*ATRIUM MEDICAL CENTER*XX*1700950060~N3*P.O. BOX 932706~N4*CLEVELAND*OH*44193~REF*PQ*746251870~REF*TJ*311079309~LX*1~TS3*1700950060*13*20221231*3*6690~CLP*40300589300*1*671*116.85*26.83*13*220115E006380000*13*2~NM1*QC*1*BUCHERT*CHRISTINE*K***MI*MEBHM86T~NM1*82*2*ATRIUM MEDICAL CENTER*****XX*1700950060~REF*1L*455716-132~REF*CE*STRS PPO PLAN NET 03418~DTM*232*20211206~DTM*233*20211206~DTM*050*20220115~PER*CX**TE*8006240756~AMT*AU*671~SVC*HC>97162>GP*301*73.02*0424*1~DTM*472*20211206~CAS*CO*45*202.98~CAS*PR*3*25~REF*6R*ACXP0034947030-2~AMT*B6*98.02~LQ*HE*N59~SVC*HC>97110>GP*370*43.83*0420*2~DTM*472*20211206~CAS*CO*45*324.34~CAS*PR*2*1.83~REF*6R*ACXP0034947030-1~AMT*B6*45.66~LQ*HE*N59~CLP*40302668700*1*2538*243.63*182.12*13*220115E006450000*13*2~NM1*QC*1*DANNIS*THEODORE*M***MI*MEBLXW4Z~NM1*82*2*ATRIUM MEDICAL CENTER*****XX*1700950060~REF*1L*455716-132~REF*CE*STRS PPO PLAN NET 03418~DTM*232*20211214~DTM*233*20211230~DTM*050*20220115~PER*CX**TE*8006240756~AMT*AU*2538~SVC*HC>97161>GP*150*73.02*0424*1~DTM*472*20211214~CAS*CO*45*51.98~CAS*PR*3*25~REF*6R*ACXP0034946955-16~AMT*B6*98.02~LQ*HE*N59~SVC*HC>97012>GP*136*0*0420*1~DTM*472*20211214~CAS*CO*45*124.19~CAS*PR*1*11.81~REF*6R*ACXP0034946955-1~AMT*B6*11.81~SVC*HC>97110>GP*185*0*0420*1~DTM*472*20211214~CAS*CO*45*162.17~CAS*PR*1*22.83~REF*6R*ACXP0034946955-8~AMT*B6*22.83~SVC*HC>97012>GP*136*0*0420*1~DTM*472*20211216~CAS*CO*45*124.19~CAS*PR*1*11.81~REF*6R*ACXP0034946955-2~AMT*B6*11.81~SVC*HC>97035>GP*106*0*0420*1~DTM*472*20211216~CAS*CO*45*95.1~CAS*PR*1*10.9~REF*6R*ACXP0034946955-3~AMT*B6*10.9~SVC*HC>97110>GP*185*0*0420*1~DTM*472*20211216~CAS*CO*45*155.8~CAS*PR*1*29.2~REF*6R*ACXP0034946955-9~AMT*B6*29.2~SVC*HC>97035>GP*106*0*0420*1~DTM*472*20211221~CAS*CO*45*95.1~CAS*PR*1*10.9~REF*6R*ACXP0034946955-4~AMT*B6*10.9~SVC*HC>97110>GP*185*0*0420*1~DTM*472*20211221~CAS*CO*45*155.8~CAS*PR*1*29.2~REF*6R*ACXP0034946955-10~AMT*B6*29.2~SVC*HC>97140>GP*141*0*0420*1~DTM*472*20211221~CAS*CO*45*119.66~CAS*PR*1*21.34~REF*6R*ACXP0034946955-12~AMT*B6*21.34~SVC*HC>97035>GP*106*8.53*0420*1~DTM*472*20211223~CAS*CO*45*95.1~CAS*PR*1*2.01**2*.36~REF*6R*ACXP0034946955-5~AMT*B6*10.9~LQ*HE*N59~SVC*HC>97110>GP*185*28.03*0420*1~DTM*472*20211223~CAS*CO*45*155.8~CAS*PR*2*1.17~REF*6R*ACXP0034946955-11~AMT*B6*29.2~LQ*HE*N59~SVC*HC>97140>GP*141*20.49*0420*1~DTM*472*20211223~CAS*CO*45*119.66~CAS*PR*2*.85~REF*6R*ACXP0034946955-13~AMT*B6*21.34~LQ*HE*N59~SVC*HC>97035>GP>CQ*106*10.46*0420*1~DTM*472*20211228~CAS*CO*45*95.1~CAS*PR*2*.44~REF*6R*ACXP0034946955-6~AMT*B6*10.9~LQ*HE*N59~SVC*HC>97140>GP>CQ*282*46.32*0420*2~DTM*472*20211228~CAS*CO*45*233.75~CAS*PR*2*1.93~REF*6R*ACXP0034946955-14~AMT*B6*48.25~LQ*HE*N59~SVC*HC>97035>GP>CQ*106*10.46*0420*1~DTM*472*20211230~CAS*CO*45*95.1~CAS*PR*2*.44~REF*6R*ACXP0034946955-7~AMT*B6*10.9~LQ*HE*N59~SVC*HC>97140>GP>CQ*282*46.32*0420*2~DTM*472*20211230~CAS*CO*45*233.75~CAS*PR*2*1.93~REF*6R*ACXP0034946955-15~AMT*B6*48.25~LQ*HE*N59~CLP*40299731300*1*3481*854.55**13*220115E106680000*13*3~NM1*QC*1*MCCOMB*ROBERT*C***MI*MEBM9FCL~NM1*82*2*ATRIUM MEDICAL CENTER*****XX*1700950060~REF*1L*455716-132~REF*CE*STRS PPO PLAN NET 03418~DTM*232*20211206~DTM*233*20211229~DTM*050*20220115~PER*CX**TE*8006240756~AMT*AU*3481~SVC*HC>97110>GP>XU*185*22.83*0420*1~DTM*472*20211206~CAS*CO*45*162.17~REF*6R*ACXP0034941452-1~AMT*B6*22.83~LQ*HE*N59~SVC*HC>97116>GP>XU*117*22.83*0420*1~DTM*472*20211206~CAS*CO*45*94.17~REF*6R*ACXP0034941452-2~AMT*B6*22.83~LQ*HE*N59~SVC*HC>97530>GP*99*26.78*0420*1~DTM*472*20211206~CAS*CO*45*72.22~REF*6R*ACXP0034941452-7~AMT*B6*26.78~LQ*HE*N59~SVC*HC>97760>GP>XU*358*80.39*0420*2~DTM*472*20211206~CAS*CO*45*277.61~REF*6R*ACXP0034941452-9~AMT*B6*80.39~LQ*HE*N59~SVC*HC>97116>GP>XU*117*22.83*0420*1~DTM*472*20211213~CAS*CO*45*94.17~REF*6R*ACXP0034941452-3~AMT*B6*22.83~LQ*HE*N59~SVC*HC>97763>GP*256*86.64*0420*2~DTM*472*20211213~CAS*CO*45*169.36~REF*6R*ACXP0034941452-10~AMT*B6*86.64~LQ*HE*N59~SVC*HC>97530>GO*198*53.56*0430*2~DTM*472*20211213~CAS*CO*45*144.44~REF*6R*ACXP0034941452-14~AMT*B6*53.56~LQ*HE*N59~SVC*HC>97535>GO>XU*236*48.85*0432*2~DTM*472*20211213~CAS*CO*45*187.15~REF*6R*ACXP0034941452-16~AMT*B6*48.85~LQ*HE*N59~SVC*HC>97116>GP>XU*234*45.66*0420*2~DTM*472*20211220~CAS*CO*45*188.34~REF*6R*ACXP0034941452-4~AMT*B6*45.66~LQ*HE*N59~SVC*HC>97530>GP*99*26.78*0420*1~DTM*472*20211220~CAS*CO*45*72.22~REF*6R*ACXP0034941452-8~AMT*B6*26.78~LQ*HE*N59~SVC*HC>97763>GP*128*51.92*0420*1~DTM*472*20211220~CAS*CO*45*76.08~REF*6R*ACXP0034941452-11~AMT*B6*51.92~LQ*HE*N59~SVC*HC>97535>GO>XU*472*97.7*0432*4~DTM*472*20211220~CAS*CO*45*374.3~REF*6R*ACXP0034941452-17~AMT*B6*97.7~LQ*HE*N59~SVC*HC>97116>GP>XU*117*22.83*0420*1~DTM*472*20211222~CAS*CO*45*94.17~REF*6R*ACXP0034941452-5~AMT*B6*22.83~LQ*HE*N59~SVC*HC>97763>GP*128*51.92*0420*1~DTM*472*20211222~CAS*CO*45*76.08~REF*6R*ACXP0034941452-12~AMT*B6*51.92~LQ*HE*N59~SVC*HC>97535>GO*236*48.85*0432*2~DTM*472*20211222~CAS*CO*45*187.15~REF*6R*ACXP0034941452-15~AMT*B6*48.85~LQ*HE*N59~SVC*HC>97116>GP>XU*117*22.83*0420*1~DTM*472*20211229~CAS*CO*45*94.17~REF*6R*ACXP0034941452-6~AMT*B6*22.83~LQ*HE*N59~SVC*HC>97763>GP*384*121.35*0420*3~DTM*472*20211229~CAS*CO*45*262.65~REF*6R*ACXP0034941452-13~AMT*B6*121.35~LQ*HE*N59~SE*268*1699~GE*3*1~IEA*1*100358959~