ISA*00*          *00*          *01*030240928      *ZZ*XXXXXXXXXXXXXXX*220118*1531*^*00501*262455724*0*P*>~
GS*HP*364559356*XX*20220118*1531*1*X*005010X221A1~
ST*835*1082~
BPR*I*119.23*C*ACH*CCP*01* 121000248*DA*4649685948*3383253977**01*072000326*DA*120323826*20220117~
TRN*1*00000963329*1383253977~
DTM*405*20220115~
N1*PR*MERIDIAN HEALTH PLAN~
N3*777 WOODWARD AVE*SUITE 600~
N4*DETROIT*MI*48226~
REF*2U*52563~
PER*BL*EDI TEAM*EM*EDITEAM@MHPLAN.COM~
PER*IC**UR*WWW.MHPLAN.COM/MI~
N1*PE*MUSTAFA G. AKPINAR MD*FI*204924703~
N3*2303 STONEBRIDGE DR*BLDG A~
N4*FLINT*MI*48532~
LX*1~
TS3*1497703722*11*20221231*1*375~
CLP*MA8500601030*1*375*118.07**HM*199510179*11~
NM1*QC*1*AYAN*ZEYN****MI*1151004858~
NM1*82*1*AKPINAR*MUSTAFA*GOKAY***XX*1497703722~
REF*CE*MEDICAID~
DTM*050*20211214~
AMT*I*1.16~
SVC*HC>99495*375*118.07**1~
DTM*472*20211001~
CAS*CO*45*256.93~
REF*6R*AKCC0000098335-1~
AMT*B6*118.07~
PLB*204924703047745*20220116*L6*-1.16~
SE*28*1082~
GE*1*1~
IEA*1*262455724~
