ISA*00*          *00*          *01*030240928      *ZZ*XXXXXXXXXXXXXXX*220118*1531*^*00501*262455724*0*P*>~
GS*HP*364559356*XX*20220118*1531*1*X*005010X221A1~
ST*835*1069~
BPR*I*226.24*C*ACH*CCP*01* 121000248*DA*4649685948*3383253977**01*072000326*DA*656872608*20220117~
TRN*1*00000964609*1383253977~
DTM*405*20220115~
N1*PR*MERIDIAN HEALTH PLAN~
N3*777 WOODWARD AVE*SUITE 600~
N4*DETROIT*MI*48226~
REF*2U*52563~
PER*BL*EDI TEAM*EM*EDITEAM@MHPLAN.COM~
PER*IC**UR*WWW.MHPLAN.COM/MI~
N1*PE*MID MICHIGAN GASTROENTEROLOGY ASSOCIATES*XX*1003244120~
N3*1335 S LINDEN RD*STE B~
N4*FLINT*MI*48532~
REF*TJ*463557542~
LX*1~
TS3*1770662553*11*20221231*2*376.52~
CLP*MG1000343790*1*188.26*74.49**HM*200285341*11~
NM1*QC*1*CARROLL*ARLIN*D***MI*0037550414~
NM1*82*1*ELBEDAWI*MAMOON*MAHGOUB***XX*1770662553~
REF*CE*MEDICAID~
DTM*050*20220112~
SVC*HC>99214*188.26*74.49**1~
DTM*472*20211208~
CAS*CO*45*113.77~
REF*6R*MIMI0000070122-1~
AMT*B6*74.49~
CLP*MG1000344730*1*188.26*74.49**HM*200313579*11~
NM1*QC*1*WARD*TRISTA*M***MI*0038647894~
NM1*82*1*ELBEDAWI*MAMOON*MAHGOUB***XX*1770662553~
REF*CE*MEDICAID~
DTM*050*20220113~
SVC*HC>99214*188.26*74.49**1~
DTM*472*20211201~
CAS*CO*45*113.77~
REF*6R*MIMI0000070285-1~
AMT*B6*74.49~
LX*2~
TS3*1770662553*21*20221231*2*488.78~
CLP*MG1000344750*1*244.39*77.26**HM*200313578*21~
NM1*QC*1*CRAMER*NED*K***MI*0054836792~
NM1*82*1*ELBEDAWI*MAMOON*MAHGOUB***XX*1770662553~
REF*CE*MEDICAID~
DTM*050*20220113~
SVC*HC>99222*244.39*77.26**1~
DTM*472*20211209~
CAS*CO*45*167.13~
REF*6R*MIMI0000070265-1~
AMT*B6*77.26~
CLP*MG1000339161*2*244.39*0**HM*200285340*21~
NM1*QC*1*FRENCH*SHELLIE*R***MI*0004170081~
NM1*82*1*ELBEDAWI*MAMOON*MAHGOUB***XX*1770662553~
REF*CE*MEDICAID~
DTM*050*20220112~
SVC*HC>99222*244.39*0**1~
DTM*472*20211101~
CAS*CO*45*26.52~
CAS*OA*23*217.87~
REF*6R*MIMI0000070158-1~
SE*59*1069~
GE*1*1~
IEA*1*262455724~
