ISA*00*          *00*          *ZZ*133052274      *ZZ*XXXXXXXXXXXXXXX*220119*0250*^*00501*100358959*0*P*>~
GS*HP*133052274*XX*20220119*0250*1*X*005010X221A1~
ST*835*1388~
BPR*I*9517.77*C*ACH*CCP*01*031100209*DA*0038865237*1066033492**01*041000153*DA*01662696660*20220121~
TRN*1*160118220244909*1066033492~
REF*EV*XXXXXXXXXXXXXXXXXXXXXXXXXXXXXX~
DTM*405*20220119~
N1*PR*AETNA~
N3*151 FARMINGTON AVENUE~
N4*HARTFORD*CT*06156~
REF*2U*60054~
PER*BL*Provider Service~
N1*PE*PROGRESSIVE MACEDONIA, LLC*XX*1033650320~
N3*9730 VALLEY VIEW RD~
N4*MACEDONIA*OH*440562040~
REF*PQ*698851200~
REF*TJ*474447231~
LX*1~
TS3*1033650320*21*20221231*1*11401.34~
CLP*3200000OP6C*1*11401.34*9517.77**13*220113E092350000*21*2~
NM1*QC*1*JONES*JULIA****MI*101222692500~
NM1*74*1******C*MEBLF1DL~
NM1*82*2*PROGRESSIVE MACEDONIA, LLC*****XX*1033650320~
REF*G1*3022441~
REF*1L*441297-003~
REF*CE*MEDICARE (S02) PPO PLAN~
DTM*232*20211217~
DTM*233*20220101~
DTM*050*20220113~
PER*CX**TE*8006240756~
AMT*AU*2475.76~
SVC*NU>0110*2475.76*9517.77**4~
DTM*150*20211217~
DTM*151*20211221~
CAS*CO*45*-7042.01~
REF*6R*AVEM0000014493-4~
AMT*B6*9517.77~
LQ*HE*N6~
SVC*NU>0120*2281.83*0**0**3~
DTM*150*20211221~
DTM*151*20211224~
CAS*CO*97*2281.83*3~
REF*6R*AVEM0000014493-2~
LQ*HE*N130~
SVC*NU>0120*4951.52*0**0**8~
DTM*150*20211224~
DTM*151*20220101~
CAS*CO*97*4951.52*8~
REF*6R*AVEM0000014493-3~
LQ*HE*N130~
SVC*HP>IECE1*0*0*0022*15~
DTM*150*20211217~
DTM*151*20220101~
REF*6R*AVEM0000014493-1~
LQ*HE*N19~
SVC*NU>0250*843.75*0**0**1~
DTM*150*20211217~
DTM*151*20211231~
CAS*CO*97*843.75*1~
REF*6R*AVEM0000014493-5~
LQ*HE*N130~
SVC*NU>0300*148.48*0**0**1~
DTM*150*20211217~
DTM*151*20211231~
CAS*CO*97*148.48*1~
REF*6R*AVEM0000014493-6~
LQ*HE*N130~
SVC*NU>0420*360*0**0**9~
DTM*150*20211217~
DTM*151*20211231~
CAS*CO*97*360*9~
REF*6R*AVEM0000014493-7~
LQ*HE*N130~
SVC*NU>0424*100*0**0**1~
DTM*150*20211217~
DTM*151*20211231~
CAS*CO*97*100*1~
REF*6R*AVEM0000014493-8~
LQ*HE*N130~
SVC*NU>0444*240*0**0**1~
DTM*150*20211217~
DTM*151*20211231~
CAS*CO*97*240*1~
REF*6R*AVEM0000014493-9~
LQ*HE*N130~
SE*84*1388~
GE*1*1~
IEA*1*100358959~
