ISA*00*          *00*          *ZZ*133052274      *ZZ*XXXXXXXXXXXXXXX*220119*0250*^*00501*100358959*0*P*>~
GS*HP*133052274*XX*20220119*0250*1*X*005010X221A1~
ST*835*0707~
BPR*H*0*C*NON************20220119~
TRN*1*922019000329909*1066033492~
REF*EV*XXXXXXXXXXXXXXXXXXXXXXXXXXXXXX~
DTM*405*20220119~
N1*PR*AETNA~
N3*151 FARMINGTON AVENUE~
N4*HARTFORD*CT*06156~
REF*2U*60054~
PER*BL*Provider Service~
N1*PE*VAL VERDE HOSPITAL CORPORATION*XX*1730851585~
N3*PO BOX 2954~
N4*SAN ANTONIO*TX*782992954~
REF*PQ*459317940~
REF*TJ*742941598~
LX*1~
TS3*1295269298*11*20221231*1*194.92~
CLP*ALA007317998*1*194.92*0**13*EMJMV7K7J0000*11*1~
NM1*QC*1*CASILLAS*KARLA*L~
NM1*IL*1*HERNANDEZ*DAISY*L***MI*W247569799~
NM1*82*1*ONG*DENNIS*B***XX*1730851585~
REF*1L*0115357-010-00001- A~
REF*CE*Aetna Choice  POS II NET 02907~
DTM*232*20211123~
DTM*233*20211123~
DTM*050*20211130~
PER*CX**TE*8886323862~
AMT*AU*194.92~
SVC*HC>99213>25*144.92*0**0**1~
DTM*472*20211123~
CAS*CO*226*144.92*1~
REF*6R*VALV0000528926-2~
AMT*B6*144.92~
LQ*HE*N517~
SVC*HC>87880>QW*50*0**0**1~
DTM*472*20211123~
CAS*CO*226*50*1~
REF*6R*VALV0000528926-1~
AMT*B6*50~
LQ*HE*N517~
SE*41*0707~
GE*1*1~
IEA*1*100358959~
