ISA*00*          *00*          *ZZ*133052274      *ZZ*XXXXXXXXXXXXXXX*220119*0250*^*00501*100358959*0*P*>~
GS*HP*133052274*XX*20220119*0250*1*X*005010X221A1~
ST*835*1510~
BPR*H*0*C*NON************20220117~
TRN*1*FC9220190006554*1066033492~
REF*EV*XXXXXXXXXXXXXXXXXXXXXXXXXXXXXX~
DTM*405*20220119~
N1*PR*AETNA~
N3*151 FARMINGTON AVENUE~
N4*HARTFORD*CT*06156~
REF*2U*60054~
PER*BL*Provider Service~
N1*PE*ACQUISITION BELL HOSPITAL LLC*XX*1699101345~
N3*901 LAKESHORE DRIVE~
N4*ISHPEMING*MI*49849~
REF*PQ*745741400~
REF*TJ*800935981~
LX*1~
TS3*1699101345*85*20221231*1*51.38~
CLP*ACDF2365*1*51.38*0**13*220114E084390000*85*1~
NM1*QC*1*GUBBINS*JOHN*L***MI*MEBVFXSD~
NM1*82*2*ACQUISITION BELL HOSPITAL LLC*****XX*1699101345~
REF*1L*467458-014~
REF*CE*VALUE PPO NET 05052~
DTM*232*20211228~
DTM*233*20211228~
DTM*050*20220114~
PER*CX**TE*8006240756~
SVC*HC>84153*12.98*0*0300*0**1~
DTM*472*20211228~
CAS*CO*97*12.98*1~
REF*6R*8BXP0001488496-2~
LQ*HE*N20~
SVC*HC>84154*23.79*0*0300*0**1~
DTM*472*20211228~
CAS*CO*97*23.79*1~
REF*6R*8BXP0001488496-3~
LQ*HE*N20~
SVC*HC>36415*14.61*0*0300*0**1~
DTM*472*20211228~
CAS*CO*97*14.61*1~
REF*6R*8BXP0001488496-1~
LQ*HE*N20~
SE*42*1510~
GE*1*1~
IEA*1*100358959~
