ISA*00*          *00*          *ZZ*133052274      *ZZ*XXXXXXXXXXXXXXX*220118*2337*^*00501*100332268*0*P*>~
GS*HP*133052274*XX*20220118*2337*1*X*005010X221A1~
ST*835*0017~
BPR*H*0*C*NON************20220119~
TRN*1*879002820220117CB001498*1522363406~
REF*EV*XXXXXXXXXXXXXXXXXXXXXXXXXXXXXX~
DTM*405*20220117~
N1*PR*CIGNA~
N3*CLAIMS DEPARTMENT*PO BOX 20002~
N4*NASHVILLE*TN*37202~
REF*2U*52192~
REF*EO*8790028~
PER*BL*CHS EDI HELP DESK*TE*8667808553*EM*FTP_ALERT@HEALTHSPRING.COM*UR*www.cigna.com/appeal-wol-medicare~
N1*PE*FOUNDATION MEDICINE INC*XX*1720688054~
N3*PO BOX 7247~
N4*PHILADELPHIA*PA*19170~
REF*TJ*271316416~
LX*1~
CLP*FM786368*4*5800*0*5800*12*22015E014407~
NM1*QC*1*MEMBER*MATCH*DUPLICATE NO***MI*00000001~
NM1*IL*1*MEMBER*MATCH*DUPLICATE NO***MI*00000001~
DTM*050*20220118~
SVC*HC>0037U*5800*0**1~
DTM*472*20220107~
CAS*PR*31*5800~
REF*6R*FM0001008835-1~
CLP*FM787651*4*5800*0*5800*12*22015E014568~
NM1*QC*1*MEMBER*MATCH*DUPLICATE NO***MI*00000001~
NM1*IL*1*MEMBER*MATCH*DUPLICATE NO***MI*00000001~
DTM*050*20220118~
SVC*HC>0239U*5800*0**1~
DTM*472*20220111~
CAS*PR*31*5800~
REF*6R*FM0001008843-1~
CLP*FM787391*4*5800*0*5800*12*22015E014660~
NM1*QC*1*SHORES*CHARLES****MI*36207683~
NM1*IL*1*SHORES*CHARLES****MI*36207683~
DTM*050*20220118~
SVC*HC>0037U*5800*0**1~
DTM*472*20220111~
CAS*PR*31*5800~
REF*6R*FM0001008836-1~
SE*41*0017~
ST*835*0018~
BPR*I*3500*C*CHK************20220118~
TRN*1*311658*1272677100~
REF*EV*XXXXXXXXXXXXXXXXXXXXXXXXXXXXXX~
DTM*405*20220118~
N1*PR*CIGNA~
N3*CLAIMS DEPARTMENT*PO BOX 20002~
N4*NASHVILLE*TN*37202~
REF*2U*52192~
REF*EO*8790028~
PER*BL*CHS EDI HELP DESK*TE*8667808553*EM*FTP_ALERT@HEALTHSPRING.COM~
N1*PE*FOUNDATION MEDICINE INC*XX*1720688054~
N3*PO BOX 7247~
N4*PHILADELPHIA*PA*19170~
REF*TJ*271316416~
LX*1~
CLP*FM785305*1*5800*3500**12*22012E022206~
NM1*QC*1*HOWLE*JAMES****MI*77450573901~
NM1*IL*1*HOWLE*JAMES****MI*77450573901~
DTM*050*20220118~
AMT*AU*3500~
SVC*HC>0037U*5800*3500**1~
DTM*472*20220103~
CAS*CO*45*2300~
REF*6R*FM0001005103-1~
AMT*B6*3500~
SE*27*0018~
ST*835*0019~
BPR*H*0*C*NON************20220119~
TRN*1*879002820220117CG000221*1208534298~
REF*EV*XXXXXXXXXXXXXXXXXXXXXXXXXXXXXX~
DTM*405*20220117~
N1*PR*CIGNA~
N3*CLAIMS DEPARTMENT*PO BOX 20002~
N4*NASHVILLE*TN*37202~
REF*2U*52192~
REF*EO*8790028~
PER*BL*CHS EDI HELP DESK*TE*8667808553*EM*FTP_ALERT@HEALTHSPRING.COM*UR*www.cigna.com/appeal-wol-medicare~
N1*PE*FOUNDATION MEDICINE INC*XX*1720688054~
N3*PO BOX 7247~
N4*PHILADELPHIA*PA*19170~
REF*TJ*271316416~
LX*1~
CLP*FM786139*4*250*0**12*22015E014531~
NM1*QC*1*JONES*FRANCINE****MI*35082294~
NM1*IL*1*JONES*FRANCINE****MI*35082294~
DTM*050*20220118~
SVC*HC>88360*250*0**1~
DTM*472*20211125~
CAS*PI*22*250~
REF*6R*FM0001008833-1~
SE*25*0019~
ST*835*0020~
BPR*I*3500*C*CHK************20220118~
TRN*1*252889*1521929677~
REF*EV*XXXXXXXXXXXXXXXXXXXXXXXXXXXXXX~
DTM*405*20220118~
N1*PR*CIGNA~
N3*CLAIMS DEPARTMENT*PO BOX 20002~
N4*NASHVILLE*TN*37202~
REF*2U*52192~
REF*EO*8790028~
PER*BL*CHS EDI HELP DESK*TE*8667808553*EM*FTP_ALERT@HEALTHSPRING.COM~
N1*PE*FOUNDATION MEDICINE INC*XX*1720688054~
N3*PO BOX 7247~
N4*PHILADELPHIA*PA*19170~
REF*TJ*271316416~
LX*1~
CLP*FM785280*1*5800*3500**12*22012E022170~
NM1*QC*1*EDMONSON*MARY****MI*36308364~
NM1*IL*1*EDMONSON*MARY****MI*36308364~
DTM*050*20220118~
AMT*AU*3500~
SVC*HC>0037U*5800*3500**1~
DTM*472*20220103~
CAS*CO*45*2300~
REF*6R*FM0001005102-1~
AMT*B6*3500~
SE*27*0020~
GE*4*1~
IEA*1*100332268~
