ISA*00*          *00*          *ZZ*133052274      *ZZ*XXXXXXXXXXXXXXX*220119*0250*^*00501*100358959*0*P*>~
GS*HP*133052274*XX*20220119*0250*1*X*005010X221A1~
ST*835*1030~
BPR*I*73.53*C*ACH*CCP*01*031100209*DA*0038865237*1066033492**01*044000037*DA*715355608*20220121~
TRN*1*160118220259862*1066033492~
REF*EV*XXXXXXXXXXXXXXXXXXXXXXXXXXXXXX~
DTM*405*20220119~
N1*PR*AETNA~
N3*151 FARMINGTON AVENUE~
N4*HARTFORD*CT*06156~
REF*2U*60054~
PER*BL*Provider Service~
N1*PE*BLOOMINGTON MEDICAL SERVICES, L*XX*1528246683~
N3*PO BOX 78000~
N4*DETROIT*MI*482780001~
REF*PQ*404065750~
REF*TJ*261803679~
LX*1~
TS3*1518349885*22*20221231*2*253~
CLP*ADI9622788*1*127*36.56*25*13*220114E061130000*22*1~
NM1*QC*1*WYATT*DOROTHY****MI*MEBNTD0Y~
NM1*82*2*BLOOMINGTON MEDICAL SERVICES, L*****XX*1518349885~
REF*1L*441299-002~
REF*CE*MEDICARE (S02) PPO PLAN NET 03418~
DTM*232*20211229~
DTM*233*20211229~
DTM*050*20220114~
PER*CX**TE*8006240756~
AMT*AU*127~
SVC*HC>99225*127*36.56**1~
DTM*472*20211229~
CAS*CO*45*65.44~
CAS*PR*3*25~
REF*6R*BLMS0007429166-1~
AMT*B6*61.56~
CLP*ADI9623162*1*126*36.97*25*13*220114E111440000*22*1~
NM1*QC*1*WYATT*DOROTHY****MI*MEBNTD0Y~
NM1*82*2*BLOOMINGTON MEDICAL SERVICES, L*****XX*1518349885~
REF*1L*441299-002~
REF*CE*MEDICARE (S02) PPO PLAN NET 03418~
DTM*232*20211230~
DTM*233*20211230~
DTM*050*20220114~
PER*CX**TE*8006240756~
AMT*AU*126~
SVC*HC>99217*126*36.97**1~
DTM*472*20211230~
CAS*CO*45*64.03~
CAS*PR*3*25~
REF*6R*BLMS0007429167-1~
AMT*B6*61.97~
SE*50*1030~
GE*1*1~
IEA*1*100358959~
