ISA*00*          *00*          *ZZ*133052274      *ZZ*XXXXXXXXXXXXXXX*220119*0250*^*00501*100358959*0*P*>~
GS*HP*133052274*XX*20220119*0250*1*X*005010X221A1~
ST*835*0441~
BPR*I*1677.94*C*ACH*CCP*01*011900445*DA*0000009046*1066033492**01*022000046*DA*9842927718*20220124~
TRN*1*822019000278529*1066033492~
REF*EV*XXXXXXXXXXXXXXXXXXXXXXXXXXXXXX~
DTM*405*20220119~
N1*PR*AETNA~
N3*151 FARMINGTON AVENUE~
N4*HARTFORD*CT*06156~
REF*2U*60054~
PER*BL*Provider Service~
N1*PE*TYRONE HOSPITAL*XX*1659472447~
N3*187 HOSPITAL DR~
N4*TYRONE*PA*166861808~
REF*PQ*042402870~
REF*TJ*231440116~
LX*1~
TS3*1841270220*22*20221231*1*268~
CLP*VAL97731*1*268*0**12*ERFCV710W0000*22*1~
NM1*QC*1*PRICE*RANDALL*L~
NM1*IL*1*PRICE*NANCY*L***MI*W232571730~
NM1*82*1*DEJULIA*JEROME*J***XX*1659472447~
REF*1L*0285583-010-00001- A~
REF*CE*Open Choice NET 02151~
DTM*232*20210912~
DTM*233*20210913~
DTM*050*20211130~
PER*CX**TE*8886323862~
AMT*AU*268~
SVC*HC>99222*161*0**0**1~
DTM*472*20210912~
CAS*CO*226*161*1~
REF*6R*TEXP0002106971-1~
AMT*B6*161~
LQ*HE*N517~
SVC*HC>99239*107*0**0**1~
DTM*472*20210913~
CAS*CO*226*107*1~
REF*6R*TEXP0002106971-2~
AMT*B6*107~
LQ*HE*N517~
LX*2~
TS3*1659472447*22*20221231*4*3755.01~
CLP*VAM12037*1*295*167.26*18.59*13*EATXWWTWM0000*13*1~
NM1*QC*1*AYERS*HEATHER*L***MI*W240024130~
NM1*74*1**DWAYNE*S~
NM1*82*2*PENN HIGHLANDS TYRONE HOSPITAL*****XX*1659472447~
REF*1L*0285737-010-00005-AD~
REF*CE*Aetna Choice  POS II NET 02152~
DTM*232*20211228~
DTM*233*20211228~
DTM*050*20220106~
PER*CX**TE*8886323862~
AMT*AU*295~
SVC*HC>93225*295*167.26*0731*1~
DTM*472*20211228~
CAS*CO*45*109.15~
CAS*PR*2*18.59~
REF*6R*TEXP0002154365-1~
AMT*B6*185.85~
CLP*VAM12058*1*400.01*55.71**13*EBFCWWSC30000*13*1~
NM1*QC*1*HAMILTON*JOHN*J~
NM1*IL*1*HAMILTON*FRANCINE*L***MI*W240011159~
NM1*82*2*PENN HIGHLANDS TYRONE HOSPITAL*****XX*1659472447~
REF*1L*0285717-011-00001- B~
REF*CE*Aetna Choice  POS II NET 02152~
DTM*232*20211229~
DTM*233*20211229~
DTM*050*20220106~
PER*CX**TE*8886323862~
AMT*AU*400.01~
SVC*HC>36415*25*0*0300*0**1~
DTM*472*20211229~
CAS*CO*97*25*1~
REF*6R*TEXP0002154385-1~
AMT*B6*15.75~
LQ*HE*N19~
SVC*HC>80053*133*12.67*0301*1~
DTM*472*20211229~
CAS*CO*45*120.33~
REF*6R*TEXP0002154385-2~
AMT*B6*12.67~
SVC*HC>83036*72.01*11.65*0301*1~
DTM*472*20211229~
CAS*CO*45*60.36~
REF*6R*TEXP0002154385-3~
AMT*B6*11.65~
SVC*HC>84153*101*22.07*0301*1~
DTM*472*20211229~
CAS*CO*45*78.93~
REF*6R*TEXP0002154385-4~
AMT*B6*22.07~
SVC*HC>85025*69*9.32*0305*1~
DTM*472*20211229~
CAS*CO*45*59.68~
REF*6R*TEXP0002154385-5~
AMT*B6*9.32~
CLP*VAM11990*1*2646*1242.24*192.54*13*E9JCT54G70000*13*1~
NM1*QC*1*BONSELL*BRIAN*S***MI*W246082638~
NM1*82*2*PENN HIGHLANDS TYRONE HOSPITAL*****XX*1659472447~
MOA***MA15~
REF*1L*0285717-012-00001- C~
REF*CE*Aetna Choice  POS II NET 02152~
DTM*232*20211202~
DTM*233*20211221~
DTM*050*20220106~
PER*CX**TE*8886323862~
AMT*AU*2646~
SVC*HC>97014>GP*83*52.29*0420*1~
DTM*472*20211202~
CAS*CO*45*30.71~
REF*6R*TEXP0002154318-1~
AMT*B6*52.29~
SVC*HC>97110>GP*122*59.19*0420*1~
DTM*472*20211202~
CAS*CO*59*62.81~
REF*6R*TEXP0002154318-2~
AMT*B6*59.19~
SVC*HC>97140>GP*182*59.58*0420*2~
DTM*472*20211202~
CAS*CO*59*92.42~
CAS*PR*3*30~
REF*6R*TEXP0002154318-3~
AMT*B6*89.58~
SVC*HC>97162>GP*199*112.83*0420*1~
DTM*472*20211202~
CAS*CO*59*73.63~
CAS*PR*2*12.54~
REF*6R*TEXP0002154318-4~
AMT*B6*125.37~
SVC*HC>97014>GP>CQ*83*52.29*0420*1~
DTM*472*20211208~
CAS*CO*45*30.71~
REF*6R*TEXP0002154318-5~
AMT*B6*52.29~
SVC*HC>97110>GP>CQ*244*88.38*0420*2~
DTM*472*20211208~
CAS*CO*59*125.62~
CAS*PR*3*30~
REF*6R*TEXP0002154318-6~
AMT*B6*118.38~
SVC*HC>97124>GP>CQ*85*53.55*0420*1~
DTM*472*20211208~
CAS*CO*59*31.45~
REF*6R*TEXP0002154318-7~
AMT*B6*53.55~
SVC*HC>97014>GP>CQ*83*52.29*0420*1~
DTM*472*20211209~
CAS*CO*45*30.71~
REF*6R*TEXP0002154318-8~
AMT*B6*52.29~
SVC*HC>97110>GP>CQ*366*147.57*0420*3~
DTM*472*20211209~
CAS*CO*59*188.43~
CAS*PR*3*30~
REF*6R*TEXP0002154318-9~
AMT*B6*177.57~
SVC*HC>97124>GP>CQ*85*53.55*0420*1~
DTM*472*20211209~
CAS*CO*59*31.45~
REF*6R*TEXP0002154318-10~
AMT*B6*53.55~
SVC*HC>97014>GP*83*52.29*0420*1~
DTM*472*20211214~
CAS*CO*45*30.71~
REF*6R*TEXP0002154318-11~
AMT*B6*52.29~
SVC*HC>97110>GP*244*88.38*0420*2~
DTM*472*20211214~
CAS*CO*59*125.62~
CAS*PR*3*30~
REF*6R*TEXP0002154318-12~
AMT*B6*118.38~
SVC*HC>97124>GP*85*53.55*0420*1~
DTM*472*20211214~
CAS*CO*59*31.45~
REF*6R*TEXP0002154318-13~
AMT*B6*53.55~
SVC*HC>97014>GP*83*52.29*0420*1~
DTM*472*20211216~
CAS*CO*45*30.71~
REF*6R*TEXP0002154318-14~
AMT*B6*52.29~
SVC*HC>97035>GP*85*40.8*0420*1~
DTM*472*20211216~
CAS*CO*59*44.2~
REF*6R*TEXP0002154318-15~
AMT*B6*40.8~
SVC*HC>97110>GP*366*147.57*0420*3~
DTM*472*20211216~
CAS*CO*59*188.43~
CAS*PR*3*30~
REF*6R*TEXP0002154318-16~
AMT*B6*177.57~
SVC*HC>97124>GP*85*53.55*0420*1~
DTM*472*20211216~
CAS*CO*59*31.45~
REF*6R*TEXP0002154318-17~
AMT*B6*53.55~
SVC*HC>97014>GP*83*22.29*0420*1~
DTM*472*20211221~
CAS*CO*45*30.71~
CAS*PR*3*30~
REF*6R*TEXP0002154318-18~
AMT*B6*52.29~
CLP*VAM11990*1*414*212.73**13*E9JCT54G70001*13*1~
NM1*QC*1*BONSELL*BRIAN*S***MI*W246082638~
NM1*82*2*PENN HIGHLANDS TYRONE HOSPITAL*****XX*1659472447~
MOA***MA15~
REF*1L*0285717-012-00001- C~
REF*CE*Aetna Choice  POS II NET 02152~
DTM*232*20211221~
DTM*233*20211221~
DTM*050*20220106~
PER*CX**TE*8886323862~
AMT*AU*414~
SVC*HC>97035>GP*85*40.8*0420*1~
DTM*472*20211221~
CAS*CO*59*44.2~
REF*6R*TEXP0002154318-19~
AMT*B6*40.8~
SVC*HC>97110>GP*244*118.38*0420*2~
DTM*472*20211221~
CAS*CO*59*125.62~
REF*6R*TEXP0002154318-20~
AMT*B6*118.38~
SVC*HC>97124>GP*85*53.55*0420*1~
DTM*472*20211221~
CAS*CO*59*31.45~
REF*6R*TEXP0002154318-21~
AMT*B6*53.55~
SE*231*0441~
GE*1*1~
IEA*1*100358959~
