ISA*00*          *00*          *ZZ*133052274      *ZZ*XXXXXXXXXXXXXXX*220119*0250*^*00501*100358959*0*P*>~
GS*HP*133052274*XX*20220119*0250*1*X*005010X221A1~
ST*835*0830~
BPR*I*112.87*C*ACH*CCP*01*011900445*DA*0000009046*1066033492**01*041215016*DA*01260941461*20220124~
TRN*1*822019000348788*1066033492~
REF*EV*XXXXXXXXXXXXXXXXXXXXXXXXXXXXXX~
DTM*405*20220119~
N1*PR*AETNA~
N3*151 FARMINGTON AVENUE~
N4*HARTFORD*CT*06156~
REF*2U*60054~
PER*BL*Provider Service~
N1*PE*LIMA MEMORIAL PROFESSIONAL CORPORATION*XX*1457474900~
N3*L-3982~
N4*COLUMBUS*OH*432600001~
REF*PQ*885650610~
REF*TJ*341935236~
LX*1~
TS3*1568428217*22*20221231*1*210~
CLP*2743781*1*210*112.87*40*13*EMJMW28H70000*22*1~
NM1*QC*1*LAWRENCE*DONALD****MI*W165753746~
NM1*82*1*QIN*XIUSHENG****XX*1457474900~
REF*1L*0699000-010-00353-IS~
REF*CE*Aetna Choice  POS II NET 00414~
DTM*232*20211207~
DTM*233*20211207~
DTM*050*20220118~
PER*CX**TE*8886323862~
AMT*AU*210~
SVC*HC>99215*210*112.87**1~
DTM*472*20211207~
CAS*CO*45*57.13~
CAS*PR*3*40~
REF*6R*LMPR0003151040-1~
AMT*B6*152.87~
SE*34*0830~
ST*835*1253~
BPR*I*910.68*C*ACH*CCP*01*031100209*DA*0038865237*1066033492**01*041215016*DA*01260941461*20220121~
TRN*1*160118220251157*1066033492~
REF*EV*XXXXXXXXXXXXXXXXXXXXXXXXXXXXXX~
DTM*405*20220119~
N1*PR*AETNA~
N3*151 FARMINGTON AVENUE~
N4*HARTFORD*CT*06156~
REF*2U*60054~
PER*BL*Provider Service~
N1*PE*LIMA MEMORIAL PROFESSIONAL CORP*XX*1457474900~
N3*L-3982~
N4*COLUMBUS*OH*432600001~
REF*PQ*885650610~
REF*TJ*341935236~
LX*1~
TS3*1356755243*11*20221231*2*532~
CLP*2692248*1*286*161.78*15*13*220114E062140000*11*1~
NM1*QC*1*KENTNER*JAN*A***MI*MEBT0TVV~
NM1*74*1**JAN A~
NM1*82*2*LIMA MEMORIAL PROFESSIONAL CORP*****XX*1356755243~
REF*1L*466853-124~
REF*CE*BP MEDICARE PPO ESA PLAN NET 03418~
DTM*232*20211110~
DTM*233*20211110~
DTM*050*20220114~
PER*CX**TE*8006240756~
AMT*AU*286~
SVC*HC>99397*180*132.28**1~
DTM*472*20211110~
CAS*CO*45*47.72~
REF*6R*LMPR0002941840-1~
AMT*B6*132.28~
LQ*HE*N59~
SVC*HC>99213>25*106*29.5**1~
DTM*472*20211110~
CAS*CO*45*61.5~
CAS*PR*3*15~
REF*6R*LMPR0002941840-2~
AMT*B6*44.5~
LQ*HE*N59~
CLP*2727485*1*246*127.23*20*13*220114E098970000*11*1~
NM1*QC*1*FOXHOVEN*DAMIEN****MI*MEBNVDNP~
NM1*82*2*LIMA MEMORIAL PROFESSIONAL CORP*****XX*1356755243~
REF*1L*441299-005~
REF*CE*MEDICARE (S02) PPO PLAN NET 03418~
DTM*232*20211027~
DTM*233*20211027~
DTM*050*20220114~
PER*CX**TE*8006240756~
AMT*AU*246~
SVC*HC>99214>25*156*87.53**1~
DTM*472*20211027~
CAS*CO*45*48.47~
CAS*PR*3*20~
REF*6R*LMPR0003104502-1~
AMT*B6*107.53~
LQ*HE*N59~
SVC*HC>69210*90*39.7**1~
DTM*472*20211027~
CAS*CO*45*50.3~
REF*6R*LMPR0003104502-2~
AMT*B6*39.7~
LQ*HE*N59~
LX*2~
TS3*1477756757*21*20221231*2*1028~
CLP*2739596*1*514*217.91**13*220114E036810000*21*1~
NM1*QC*1*HONCELL*KATHERINE*A***MI*MEBTM5JZ~
NM1*82*2*LIMA MEMORIAL PROFESSIONAL CORP*****XX*1477756757~
REF*G1*2920519~
REF*1L*467094-012~
REF*CE*VALUE PPO NET 03418~
DTM*232*20211217~
DTM*233*20211217~
DTM*050*20220114~
PER*CX**TE*8006240756~
AMT*AU*514~
SVC*HC>99291>CS*514*217.91**1~
DTM*472*20211217~
CAS*CO*45*296.09~
REF*6R*LMPR0003137019-1~
AMT*B6*217.91~
LQ*HE*N59~
CLP*2739634*1*514*217.91**13*220114E112430000*21*1~
NM1*QC*1*HONCELL*KATHERINE*A***MI*MEBTM5JZ~
NM1*82*2*LIMA MEMORIAL PROFESSIONAL CORP*****XX*1477756757~
REF*1L*467094-012~
REF*CE*VALUE PPO NET 03418~
DTM*232*20211218~
DTM*233*20211218~
DTM*050*20220114~
PER*CX**TE*8006240756~
AMT*AU*514~
SVC*HC>99291>CS*514*217.91**1~
DTM*472*20211218~
CAS*CO*45*296.09~
REF*6R*LMPR0003137021-1~
AMT*B6*217.91~
LQ*HE*N59~
LX*3~
TS3*1700843182*34*20221231*1*64~
CLP*LMP2700879*1*64*0**13*220114E112410000*34*1~
NM1*QC*1*PAUFF*H J****MI*MEBMGV6S~
NM1*82*2*LIMA MEMORIAL PROFESSIONAL CORP*****XX*1700843182~
REF*1L*466853-124~
REF*CE*BP MEDICARE PPO ESA PLAN NET 03418~
DTM*232*20211025~
DTM*233*20211025~
DTM*050*20220114~
PER*CX**TE*8006240756~
SVC*HC>99231>GV>95*64*0**0**1~
DTM*472*20211025~
CAS*CO*B9*64*1~
REF*6R*LMPR0002982901-1~
LX*4~
TS3*1710121132*11*20221231*1*614~
CLP*2701636*1*614*139.64**13*220114E011910000*11*1~
NM1*QC*1*SNYDER*RICHARD*L***MI*MEBVM4GK~
NM1*82*2*LIMA MEMORIAL PROFESSIONAL CORP*****XX*1710121132~
REF*G1*2733416~
REF*1L*467094-012~
REF*CE*VALUE PPO NET 03418~
DTM*232*20211124~
DTM*233*20211124~
DTM*050*20220114~
PER*CX**TE*8006240756~
AMT*AU*614~
SVC*HC>96372*54*13.64**1~
DTM*472*20211124~
CAS*CO*45*40.36~
REF*6R*LMPR0002982946-2~
AMT*B6*13.64~
LQ*HE*N59~
SVC*HC>J0881>EC>GY*560*126**40~
DTM*472*20211124~
CAS*CO*45*434~
REF*6R*LMPR0002982946-1~
AMT*B6*126~
LQ*HE*N59~
LX*5~
TS3*1811922024*02*20221231*1*60~
CLP*LMP2729324*1*60*46.21**13*220114E112380000*02*1~
NM1*QC*1*NICHOLS*CAROL****MI*MEBS71WY~
NM1*82*2*LIMA MEMORIAL PROFESSIONAL CORP*****XX*1811922024~
REF*1L*467094-012~
REF*CE*VALUE PPO NET 03418~
DTM*232*20211206~
DTM*233*20211206~
DTM*050*20220114~
PER*CX**TE*8006240756~
AMT*AU*60~
SVC*HC>99441>95>CS*60*46.21**1~
DTM*472*20211206~
CAS*CO*45*13.79~
REF*6R*LMPR0003137000-1~
AMT*B6*46.21~
LQ*HE*N59~
SVC*HC>G8756*0*0**1~
DTM*472*20211206~
REF*6R*LMPR0003137000-2~
SE*161*1253~
ST*835*1254~
BPR*I*187.02*C*ACH*CCP*01*031100209*DA*0038865237*1066033492**01*041215016*DA*01260941461*20220121~
TRN*1*160118220253651*1066033492~
REF*EV*XXXXXXXXXXXXXXXXXXXXXXXXXXXXXX~
DTM*405*20220119~
N1*PR*AETNA~
N3*151 FARMINGTON AVENUE~
N4*HARTFORD*CT*06156~
REF*2U*60054~
PER*BL*Provider Service~
N1*PE*LIMA MEMORIAL PROFESSIONAL CORP*XX*1457474900~
N3*L-3982~
N4*COLUMBUS*OH*432600001~
REF*PQ*885650610~
REF*TJ*341935236~
LX*1~
TS3*1821093659*22*20221231*2*1306~
CLP*42820399*1*606*187.02**13*220112E035870001*22*1~
NM1*QC*1*TITUS*BEVERLY*R***MI*MEBHNZMM~
NM1*82*2*LIMA MEMORIAL PROFESSIONAL CORP*****XX*1821093659~
REF*1L*466235-005~
REF*CE*SERS PPO PLAN NET 03418~
DTM*232*20211230~
DTM*233*20211230~
DTM*050*20220112~
PER*CX**TE*8006240756~
AMT*AU*606~
SVC*HC>77427*606*187.02**1~
DTM*472*20211230~
CAS*CO*45*418.98~
REF*6R*M6~
AMT*B6*187.02~
LQ*HE*N59~
CLP*42820399*1*700*0**13*220112E035870002*22*1~
NM1*QC*1*TITUS*BEVERLY*R***MI*MEBHNZMM~
NM1*82*2*LIMA MEMORIAL PROFESSIONAL CORP*****XX*1821093659~
REF*1L*466235-005~
DTM*232*20220103~
DTM*233*20220107~
DTM*036*20220101~
DTM*050*20220112~
PER*CX**TE*8006240756~
SVC*HC>77280>26*120*0**0**1~
DTM*472*20220103~
CAS*OA*18*120*1~
REF*6R*M1~
LQ*HE*N522~
SVC*HC>77014>26*145*0**0**1~
DTM*472*20220104~
CAS*OA*18*145*1~
REF*6R*M2~
LQ*HE*N522~
SVC*HC>77014>26*145*0**0**1~
DTM*472*20220105~
CAS*OA*18*145*1~
REF*6R*M3~
LQ*HE*N522~
SVC*HC>77014>26*145*0**0**1~
DTM*472*20220106~
CAS*OA*18*145*1~
REF*6R*M4~
LQ*HE*N522~
SVC*HC>77014>26*145*0**0**1~
DTM*472*20220107~
CAS*OA*18*145*1~
REF*6R*M5~
LQ*HE*N522~
SE*68*1254~
ST*835*1255~
BPR*I*105.82*C*ACH*CCP*01*031100209*DA*0038865237*1066033492**01*041215016*DA*01260941461*20220121~
TRN*1*160118220254639*1066033492~
REF*EV*XXXXXXXXXXXXXXXXXXXXXXXXXXXXXX~
DTM*405*20220119~
N1*PR*AETNA~
N3*151 FARMINGTON AVENUE~
N4*HARTFORD*CT*06156~
REF*2U*60054~
PER*BL*Provider Service~
N1*PE*LIMA MEMORIAL PROFESSIONAL CORP*XX*1457474900~
N3*L-3982~
N4*COLUMBUS*OH*432600001~
REF*PQ*885650610~
REF*TJ*341935236~
LX*1~
TS3*1700279171*22*20221231*1*1099~
CLP*2738486*1*1099*105.82**13*220113E054250000*22*1~
NM1*QC*1*STEINER*ANGELA*S***MI*MEBNVDPB~
NM1*82*2*LIMA MEMORIAL PROFESSIONAL CORP*****XX*1700279171~
REF*1L*441299-005~
REF*CE*MEDICARE (S02) PPO PLAN NET 03418~
DTM*232*20211228~
DTM*233*20211228~
DTM*050*20220113~
PER*CX**TE*8006240756~
AMT*AU*1099~
SVC*HC>76942>26*255*30.96**1~
DTM*472*20211228~
CAS*CO*45*224.04~
REF*6R*LMPR0003132867-3~
AMT*B6*30.96~
LQ*HE*N59~
SVC*HC>64450>59>RT*310*21.18**1~
DTM*472*20211228~
CAS*CO*45*288.82~
REF*6R*LMPR0003132867-2~
AMT*B6*21.18~
LQ*HE*N59~
SVC*HC>64445>59>RT*534*53.68**1~
DTM*472*20211228~
CAS*CO*45*480.32~
REF*6R*LMPR0003132867-1~
AMT*B6*53.68~
LQ*HE*N59~
SE*46*1255~
ST*835*1256~
BPR*I*398.85*C*ACH*CCP*01*031100209*DA*0038865237*1066033492**01*041215016*DA*01260941461*20220121~
TRN*1*160118220255355*1066033492~
REF*EV*XXXXXXXXXXXXXXXXXXXXXXXXXXXXXX~
DTM*405*20220119~
N1*PR*AETNA~
N3*151 FARMINGTON AVENUE~
N4*HARTFORD*CT*06156~
REF*2U*60054~
PER*BL*Provider Service~
N1*PE*LIMA MEMORIAL PROFESSIONAL CORP*XX*1457474900~
N3*L-3982~
N4*COLUMBUS*OH*432600001~
REF*PQ*885650610~
REF*TJ*341935236~
LX*1~
TS3*1477756757*21*20221231*3*686~
CLP*2740122*1*168*101.25**13*220114E011870000*21*1~
NM1*QC*1*HELMLINGER*KEITH****MI*MEBVRXKY~
NM1*82*2*LIMA MEMORIAL PROFESSIONAL CORP*****XX*1477756757~
REF*G1*2973364~
REF*1L*455716-056~
REF*CE*STRS PPO PLAN NET 03418~
DTM*232*20211218~
DTM*233*20211218~
DTM*050*20220114~
PER*CX**TE*8006240756~
AMT*AU*168~
SVC*HC>99233>CS*168*101.25**1~
DTM*472*20211218~
CAS*CO*45*66.75~
REF*6R*LMPR0003137020-1~
AMT*B6*101.25~
LQ*HE*N59~
CLP*2739947*1*168*101.25**13*220114E062120000*21*1~
NM1*QC*1*NORBECK*ROBERT*A***MI*MEBM3FZY~
NM1*74*1*NORBECK II~
NM1*82*2*LIMA MEMORIAL PROFESSIONAL CORP*****XX*1477756757~
REF*G1*2973405~
REF*1L*455667-026~
REF*CE*HPRS PPO PLAN NET 03418~
DTM*232*20211217~
DTM*233*20211217~
DTM*050*20220114~
PER*CX**TE*8006240756~
AMT*AU*168~
SVC*HC>99233*168*101.25**1~
DTM*472*20211217~
CAS*CO*45*66.75~
REF*6R*LMPR0003137017-1~
AMT*B6*101.25~
LQ*HE*N59~
CLP*2739837*1*350*196.35**13*220114E112370000*21*1~
NM1*QC*1*HELMLINGER*KEITH****MI*MEBVRXKY~
NM1*82*2*LIMA MEMORIAL PROFESSIONAL CORP*****XX*1477756757~
REF*G1*2973364~
REF*1L*455716-056~
REF*CE*STRS PPO PLAN NET 03418~
DTM*232*20211217~
DTM*233*20211217~
DTM*050*20220114~
PER*CX**TE*8006240756~
AMT*AU*350~
SVC*HC>99223>CS*350*196.35**1~
DTM*472*20211217~
CAS*CO*45*153.65~
REF*6R*LMPR0003137018-1~
AMT*B6*196.35~
LQ*HE*N59~
SE*70*1256~
ST*835*1257~
BPR*I*209.33*C*ACH*CCP*01*031100209*DA*0038865237*1066033492**01*041215016*DA*01260941461*20220121~
TRN*1*160118220257191*1066033492~
REF*EV*XXXXXXXXXXXXXXXXXXXXXXXXXXXXXX~
DTM*405*20220119~
N1*PR*AETNA~
N3*151 FARMINGTON AVENUE~
N4*HARTFORD*CT*06156~
REF*2U*60054~
PER*BL*Provider Service~
N1*PE*LIMA MEMORIAL PROFESSIONAL CORP*XX*1457474900~
N3*L-3982~
N4*COLUMBUS*OH*432600001~
REF*PQ*885650610~
REF*TJ*341935236~
LX*1~
TS3*1457315004*11*20221231*2*411~
CLP*2739087*1*61*12.98*25*13*220113E054260000*22*1~
NM1*QC*1*HEFNER*DARLENE*A***MI*101252982500~
NM1*74*1******C*MEBNT60G~
NM1*82*2*LIMA MEMORIAL PROFESSIONAL CORP*****XX*1457315004~
REF*1L*441299-005~
REF*CE*MEDICARE (S02) PPO PLAN NET 03418~
DTM*232*20211119~
DTM*233*20211119~
DTM*050*20220113~
PER*CX**TE*8006240756~
AMT*AU*61~
SVC*HC>99224*61*12.98**1~
DTM*472*20211119~
CAS*CO*45*23.02~
CAS*PR*3*25~
REF*6R*LMPR0003132879-1~
AMT*B6*37.98~
LQ*HE*N59~
CLP*2739081*1*350*196.35**13*220113E096400000*21*1~
NM1*QC*1*WITTEN*SHARON*A***MI*MEBD73JR~
NM1*82*2*LIMA MEMORIAL PROFESSIONAL CORP*****XX*1457315004~
REF*G1*2770351~
REF*1L*455716-060~
REF*CE*STRS PPO PLAN NET 03418~
DTM*232*20211119~
DTM*233*20211119~
DTM*050*20220113~
PER*CX**TE*8006240756~
AMT*AU*350~
SVC*HC>99223>25*350*196.35**1~
DTM*472*20211119~
CAS*CO*45*153.65~
REF*6R*LMPR0003132880-1~
AMT*B6*196.35~
LQ*HE*N59~
SE*53*1257~
ST*835*1258~
BPR*I*805.97*C*ACH*CCP*01*031100209*DA*0038865237*1066033492**01*041215016*DA*01260941461*20220121~
TRN*1*160118220257196*1066033492~
REF*EV*XXXXXXXXXXXXXXXXXXXXXXXXXXXXXX~
DTM*405*20220119~
N1*PR*AETNA~
N3*151 FARMINGTON AVENUE~
N4*HARTFORD*CT*06156~
REF*2U*60054~
PER*BL*Provider Service~
N1*PE*LIMA MEMORIAL PROFESSIONAL CORP*XX*1457474900~
N3*951 COMMERCE PKWY STE 101~
N4*LIMA*OH*458044040~
REF*PQ*885650610~
REF*TJ*341935236~
LX*1~
TS3*1831152859*11*20221231*4*2792~
CLP*2717083*1*2031*527.83**13*220113E180130000*22*1~
NM1*QC*1*SEAY*EVERETT****MI*MEBS9W4W~
NM1*82*2*LIMA MEMORIAL PROFESSIONAL CORP*****XX*1831152859~
REF*1L*467094-012~
REF*CE*VALUE PPO NET 03418~
DTM*232*20211214~
DTM*233*20211214~
DTM*050*20220113~
PER*CX**TE*8006240756~
AMT*AU*2031~
SVC*HC>33286*313*43.97**1~
DTM*472*20211214~
CAS*CO*45*269.03~
REF*6R*LMPR0003059069-2~
AMT*B6*43.97~
LQ*HE*N59~
SVC*HC>33207>KX*1718*483.86**1~
DTM*472*20211214~
CAS*CO*45*1234.14~
REF*6R*LMPR0003059069-1~
AMT*B6*483.86~
LQ*HE*N59~
CLP*2735904*1*319*178.83**13*220114E036740000*11*1~
NM1*QC*1*ADAMS*DAVID*S***MI*MEBD59YR~
NM1*82*2*LIMA MEMORIAL PROFESSIONAL CORP*****XX*1831152859~
REF*1L*455716-056~
REF*CE*STRS PPO PLAN NET 03418~
DTM*232*20211229~
DTM*233*20211229~
DTM*050*20220114~
PER*CX**TE*8006240756~
AMT*AU*319~
SVC*HC>99204>25*238*164.49**1~
DTM*472*20211229~
CAS*CO*45*73.51~
REF*6R*LMPR0003137023-1~
AMT*B6*164.49~
LQ*HE*N59~
SVC*HC>93000*81*14.34**1~
DTM*472*20211229~
CAS*CO*45*66.66~
REF*6R*LMPR0003137023-2~
AMT*B6*14.34~
LQ*HE*N59~
CLP*2739646*1*123*70.48**13*220114E062130000*21*1~
NM1*QC*1*WITTEN*SHARON*A***MI*MEBD73JR~
NM1*82*2*LIMA MEMORIAL PROFESSIONAL CORP*****XX*1831152859~
REF*G1*2770351~
REF*1L*455716-060~
REF*CE*STRS PPO PLAN NET 03418~
DTM*232*20211120~
DTM*233*20211120~
DTM*050*20220114~
PER*CX**TE*8006240756~
AMT*AU*123~
SVC*HC>99232*123*70.48**1~
DTM*472*20211120~
CAS*CO*45*52.52~
REF*6R*LMPR0003137011-1~
AMT*B6*70.48~
LQ*HE*N59~
CLP*2735883*1*319*28.83*150*13*220114E062160000*11*1~
NM1*QC*1*WION*RICHARD*E***MI*101329776300~
NM1*74*1******C*MEBT7BPF~
NM1*82*2*LIMA MEMORIAL PROFESSIONAL CORP*****XX*1831152859~
REF*1L*467098-026~
REF*CE*VALUE PPO NET 03418~
DTM*232*20211229~
DTM*233*20211229~
DTM*050*20220114~
PER*CX**TE*8006240756~
AMT*AU*319~
SVC*HC>99204>25*238*28.83**1~
DTM*472*20211229~
CAS*CO*45*73.51~
CAS*PR*3*135.66~
REF*6R*LMPR0003137022-1~
AMT*B6*164.49~
LQ*HE*N59~
SVC*HC>93000*81*0**1~
DTM*472*20211229~
CAS*CO*45*66.66~
CAS*PR*3*14.34~
REF*6R*LMPR0003137022-2~
AMT*B6*14.34~
SE*103*1258~
ST*835*1259~
BPR*I*98.46*C*ACH*CCP*01*031100209*DA*0038865237*1066033492**01*041215016*DA*01260941461*20220121~
TRN*1*160118220257263*1066033492~
REF*EV*XXXXXXXXXXXXXXXXXXXXXXXXXXXXXX~
DTM*405*20220119~
N1*PR*AETNA~
N3*151 FARMINGTON AVENUE~
N4*HARTFORD*CT*06156~
REF*2U*60054~
PER*BL*Provider Service~
N1*PE*LIMA MEMORIAL PROFESSIONAL CORP*XX*1457474900~
N3*L-3982~
N4*COLUMBUS*OH*432604040~
REF*PQ*885650610~
REF*TJ*341935236~
LX*1~
TS3*1811978455*22*20221231*1*160~
CLP*2728860*1*160*98.46**13*220114E124190000*22*1~
NM1*QC*1*SIMMONDS*THOMAS*D***MI*MEBMNZ0Y~
NM1*82*2*LIMA MEMORIAL PROFESSIONAL CORP*****XX*1811978455~
REF*1L*466853-124~
REF*CE*BP MEDICARE PPO ESA PLAN NET 03418~
DTM*232*20211207~
DTM*233*20211207~
DTM*050*20220114~
PER*CX**TE*8006240756~
AMT*AU*160~
SVC*HC>99214>95*160*98.46**1~
DTM*472*20211207~
CAS*CO*45*61.54~
REF*6R*LMPR0003107380-1~
AMT*B6*98.46~
LQ*HE*N59~
SE*34*1259~
ST*835*1260~
BPR*I*170.67*C*ACH*CCP*01*031100209*DA*0038865237*1066033492**01*041215016*DA*01260941461*20220121~
TRN*1*160118220258571*1066033492~
REF*EV*XXXXXXXXXXXXXXXXXXXXXXXXXXXXXX~
DTM*405*20220119~
N1*PR*AETNA~
N3*151 FARMINGTON AVENUE~
N4*HARTFORD*CT*06156~
REF*2U*60054~
PER*BL*Provider Service~
N1*PE*LIMA MEMORIAL PROFESSIONAL CORP*XX*1457474900~
N3*L-3982~
N4*COLUMBUS*OH*432600001~
REF*PQ*885650610~
REF*TJ*341935236~
LX*1~
TS3*1629031653*21*20221231*2*609~
CLP*2739831*1*441*69.42**13*220114E036730000*21*1~
NM1*QC*1*BLANKENSHIP*KENNETH*D***MI*MEBNVQDB~
NM1*82*2*LIMA MEMORIAL PROFESSIONAL CORP*****XX*1629031653~
REF*G1*3067562~
REF*1L*441299-003~
REF*CE*MEDICARE (S02) PPO PLAN NET 03418~
DTM*232*20211231~
DTM*233*20211231~
DTM*050*20220114~
PER*CX**TE*8006240756~
AMT*AU*441~
SVC*HC>93306>26*441*69.42**1~
DTM*472*20211231~
CAS*CO*45*371.58~
REF*6R*LMPR0003137025-1~
AMT*B6*69.42~
LQ*HE*N59~
CLP*2739833*1*168*101.25**13*220114E062100000*21*1~
NM1*QC*1*BLANKENSHIP*KENNETH*D***MI*MEBNVQDB~
NM1*82*2*LIMA MEMORIAL PROFESSIONAL CORP*****XX*1629031653~
REF*G1*3067562~
REF*1L*441299-003~
REF*CE*MEDICARE (S02) PPO PLAN NET 03418~
DTM*232*20211231~
DTM*233*20211231~
DTM*050*20220114~
PER*CX**TE*8006240756~
AMT*AU*168~
SVC*HC>99233>25*168*101.25**1~
DTM*472*20211231~
CAS*CO*45*66.75~
REF*6R*LMPR0003137024-1~
AMT*B6*101.25~
LQ*HE*N59~
SE*52*1260~
ST*835*1261~
BPR*I*200.73*C*ACH*CCP*01*031100209*DA*0038865237*1066033492**01*041215016*DA*01260941461*20220121~
TRN*1*160118220259057*1066033492~
REF*EV*XXXXXXXXXXXXXXXXXXXXXXXXXXXXXX~
DTM*405*20220119~
N1*PR*AETNA~
N3*151 FARMINGTON AVENUE~
N4*HARTFORD*CT*06156~
REF*2U*60054~
PER*BL*Provider Service~
N1*PE*LIMA MEMORIAL PROFESSIONAL CORP*XX*1457474900~
N3*L-3982~
N4*COLUMBUS*OH*432600001~
REF*PQ*885650610~
REF*TJ*341935236~
LX*1~
TS3*1245420140*21*20221231*2*380~
CLP*2739885*1*212*99.48**13*220114E062110000*21*1~
NM1*QC*1*HONCELL*KATHERINE*A***MI*MEBTM5JZ~
NM1*82*2*LIMA MEMORIAL PROFESSIONAL CORP*****XX*1245420140~
REF*G1*2920519~
REF*1L*467094-012~
REF*CE*VALUE PPO NET 03418~
DTM*232*20211216~
DTM*233*20211216~
DTM*050*20220114~
PER*CX**TE*8006240756~
AMT*AU*212~
SVC*HC>99221*212*99.48**1~
DTM*472*20211216~
CAS*CO*45*112.52~
REF*6R*LMPR0003137015-1~
AMT*B6*99.48~
LQ*HE*N59~
CLP*2739880*1*168*101.25**13*220114E087380000*21*1~
NM1*QC*1*HONCELL*KATHERINE*A***MI*MEBTM5JZ~
NM1*82*2*LIMA MEMORIAL PROFESSIONAL CORP*****XX*1245420140~
REF*G1*2920519~
REF*1L*467094-012~
REF*CE*VALUE PPO NET 03418~
DTM*232*20211217~
DTM*233*20211217~
DTM*050*20220114~
PER*CX**TE*8006240756~
AMT*AU*168~
SVC*HC>99233*168*101.25**1~
DTM*472*20211217~
CAS*CO*45*66.75~
REF*6R*LMPR0003137016-1~
AMT*B6*101.25~
LQ*HE*N59~
SE*52*1261~
ST*835*1262~
BPR*I*1090.96*C*ACH*CCP*01*031100209*DA*0038865237*1066033492**01*041215016*DA*01260941461*20220121~
TRN*1*160118220259840*1066033492~
REF*EV*XXXXXXXXXXXXXXXXXXXXXXXXXXXXXX~
DTM*405*20220119~
N1*PR*AETNA~
N3*151 FARMINGTON AVENUE~
N4*HARTFORD*CT*06156~
REF*2U*60054~
PER*BL*Provider Service~
N1*PE*LIMA MEMORIAL PROFESSIONAL CORP*XX*1457474900~
N3*L-3982~
N4*COLUMBUS*OH*432600001~
REF*PQ*885650610~
REF*TJ*341935236~
LX*1~
TS3*1336182245*11*20221231*5*5295~
CLP*2739276*1*2729*572.33*23.85*13*220113E180120000*22*1~
NM1*QC*1*WAITMAN*JORETTA*L***MI*MEBD8BVJ~
NM1*82*2*LIMA MEMORIAL PROFESSIONAL CORP*****XX*1336182245~
REF*1L*455716-056~
REF*CE*STRS PPO PLAN NET 03418~
DTM*232*20211202~
DTM*233*20211202~
DTM*050*20220113~
PER*CX**TE*8006240756~
AMT*AU*2729~
SVC*HC>92928>LD*2729*572.33**1~
DTM*472*20211202~
CAS*CO*45*2132.82~
CAS*PR*2*23.85~
REF*6R*LMPR0003132885-1~
AMT*B6*596.18~
LQ*HE*N59~
CLP*2740196*1*174*96.68**13*220114E036770000*22*1~
NM1*QC*1*HOWELL*DAVID****MI*101291801200~
NM1*74*1******C*MEBMPSQM~
NM1*82*2*LIMA MEMORIAL PROFESSIONAL CORP*****XX*1336182245~
REF*1L*466853-124~
REF*CE*BP MEDICARE PPO ESA PLAN NET 03418~
DTM*232*20211123~
DTM*233*20211123~
DTM*050*20220114~
PER*CX**TE*8006240756~
AMT*AU*174~
SVC*HC>99218*174*96.68**1~
DTM*472*20211123~
CAS*CO*45*77.32~
REF*6R*LMPR0003137014-1~
AMT*B6*96.68~
LQ*HE*N59~
CLP*2739864*1*123*70.48**13*220114E087410000*21*1~
NM1*QC*1*WITTEN*SHARON*A***MI*MEBD73JR~
NM1*82*2*LIMA MEMORIAL PROFESSIONAL CORP*****XX*1336182245~
REF*G1*2770351~
REF*1L*455716-060~
REF*CE*STRS PPO PLAN NET 03418~
DTM*232*20211122~
DTM*233*20211122~
DTM*050*20220114~
PER*CX**TE*8006240756~
AMT*AU*123~
SVC*HC>99232>25*123*70.48**1~
DTM*472*20211122~
CAS*CO*45*52.52~
REF*6R*LMPR0003137012-1~
AMT*B6*70.48~
LQ*HE*N59~
CLP*2740176*1*2146*280.99**13*220114E112390000*21*1~
NM1*QC*1*SNAY*FRANCIS*I***MI*MEBMG4DV~
NM1*82*2*LIMA MEMORIAL PROFESSIONAL CORP*****XX*1336182245~
REF*G1*2723189~
REF*1L*466853-124~
REF*CE*BP MEDICARE PPO ESA PLAN NET 03418~
DTM*232*20211117~
DTM*233*20211117~
DTM*050*20220114~
PER*CX**TE*8006240756~
AMT*AU*2146~
SVC*HC>93455>26*2146*280.99**1~
DTM*472*20211117~
CAS*CO*45*1865.01~
REF*6R*LMPR0003137007-1~
AMT*B6*280.99~
LQ*HE*N59~
CLP*2740157*1*123*70.48**13*220114E112400000*21*1~
NM1*QC*1*WITTEN*SHARON*A***MI*MEBD73JR~
NM1*82*2*LIMA MEMORIAL PROFESSIONAL CORP*****XX*1336182245~
REF*G1*2770351~
REF*1L*455716-060~
REF*CE*STRS PPO PLAN NET 03418~
DTM*232*20211123~
DTM*233*20211123~
DTM*050*20220114~
PER*CX**TE*8006240756~
AMT*AU*123~
SVC*HC>99232>25*123*70.48**1~
DTM*472*20211123~
CAS*CO*45*52.52~
REF*6R*LMPR0003137013-1~
AMT*B6*70.48~
LQ*HE*N59~
SE*103*1262~
ST*835*1263~
BPR*I*332.18*C*ACH*CCP*01*031100209*DA*0038865237*1066033492**01*041215016*DA*01260941461*20220121~
TRN*1*160118220260028*1066033492~
REF*EV*XXXXXXXXXXXXXXXXXXXXXXXXXXXXXX~
DTM*405*20220119~
N1*PR*AETNA~
N3*151 FARMINGTON AVENUE~
N4*HARTFORD*CT*06156~
REF*2U*60054~
PER*BL*Provider Service~
N1*PE*LIMA MEMORIAL PROFESSIONAL CORP*XX*1457474900~
N3*L-3982~
N4*COLUMBUS*OH*432600001~
REF*PQ*885650610~
REF*TJ*341935236~
LX*1~
TS3*1366465346*11*20221231*6*712~
CLP*2739968*1*87*37.67**13*220114E011880000*21*1~
NM1*QC*1*TABBERT*RICHARD*R***MI*MEBTRDDH~
NM1*82*2*LIMA MEMORIAL PROFESSIONAL CORP*****XX*1366465346~
REF*G1*2723119~
REF*1L*441301-005~
REF*CE*MEDICARE (S02) PPO PLAN NET 03418~
DTM*232*20211117~
DTM*233*20211117~
DTM*050*20220114~
PER*CX**TE*8006240756~
AMT*AU*87~
SVC*HC>99231*87*37.67**1~
DTM*472*20211117~
CAS*CO*45*49.33~
REF*6R*LMPR0003137008-1~
AMT*B6*37.67~
LQ*HE*N59~
CLP*2739965*1*123*70.48**13*220114E011890000*21*1~
NM1*QC*1*TABBERT*RICHARD*R***MI*MEBTRDDH~
NM1*82*2*LIMA MEMORIAL PROFESSIONAL CORP*****XX*1366465346~
REF*G1*2723119~
REF*1L*441301-005~
REF*CE*MEDICARE (S02) PPO PLAN NET 03418~
DTM*232*20211116~
DTM*233*20211116~
DTM*050*20220114~
PER*CX**TE*8006240756~
AMT*AU*123~
SVC*HC>99232*123*70.48**1~
DTM*472*20211116~
CAS*CO*45*52.52~
REF*6R*LMPR0003137006-1~
AMT*B6*70.48~
LQ*HE*N59~
CLP*2739895*1*122*45.48*25*13*220114E036750000*22*1~
NM1*QC*1*TABBERT*RICHARD*R***MI*MEBTRDDH~
NM1*82*2*LIMA MEMORIAL PROFESSIONAL CORP*****XX*1366465346~
REF*1L*441301-005~
REF*CE*MEDICARE (S02) PPO PLAN NET 03418~
DTM*232*20211111~
DTM*233*20211111~
DTM*050*20220114~
PER*CX**TE*8006240756~
AMT*AU*122~
SVC*HC>99225*122*45.48**1~
DTM*472*20211111~
CAS*CO*45*51.52~
CAS*PR*3*25~
REF*6R*LMPR0003137003-1~
AMT*B6*70.48~
LQ*HE*N59~
CLP*2739975*1*170*70.4**13*220114E036760000*21*1~
NM1*QC*1*TABBERT*RICHARD*R***MI*MEBTRDDH~
NM1*82*2*LIMA MEMORIAL PROFESSIONAL CORP*****XX*1366465346~
REF*G1*2723119~
REF*1L*441301-005~
REF*CE*MEDICARE (S02) PPO PLAN NET 03418~
DTM*232*20211118~
DTM*233*20211118~
DTM*050*20220114~
PER*CX**TE*8006240756~
AMT*AU*170~
SVC*HC>99238*170*70.4**1~
DTM*472*20211118~
CAS*CO*45*99.6~
REF*6R*LMPR0003137009-1~
AMT*B6*70.4~
LQ*HE*N59~
CLP*2739936*1*87*37.67**13*220114E087390000*21*1~
NM1*QC*1*TABBERT*RICHARD*R***MI*MEBTRDDH~
NM1*82*2*LIMA MEMORIAL PROFESSIONAL CORP*****XX*1366465346~
REF*G1*2723119~
REF*1L*441301-005~
REF*CE*MEDICARE (S02) PPO PLAN NET 03418~
DTM*232*20211114~
DTM*233*20211114~
DTM*050*20220114~
PER*CX**TE*8006240756~
AMT*AU*87~
SVC*HC>99231*87*37.67**1~
DTM*472*20211114~
CAS*CO*45*49.33~
REF*6R*LMPR0003137004-1~
AMT*B6*37.67~
LQ*HE*N59~
CLP*2739954*1*123*70.48**13*220114E087400000*21*1~
NM1*QC*1*TABBERT*RICHARD*R***MI*MEBTRDDH~
NM1*82*2*LIMA MEMORIAL PROFESSIONAL CORP*****XX*1366465346~
REF*G1*2723119~
REF*1L*441301-005~
REF*CE*MEDICARE (S02) PPO PLAN NET 03418~
DTM*232*20211115~
DTM*233*20211115~
DTM*050*20220114~
PER*CX**TE*8006240756~
AMT*AU*123~
SVC*HC>99232*123*70.48**1~
DTM*472*20211115~
CAS*CO*45*52.52~
REF*6R*LMPR0003137005-1~
AMT*B6*70.48~
LQ*HE*N59~
SE*120*1263~
ST*835*1264~
BPR*I*10.57*C*ACH*CCP*01*031100209*DA*0038865237*1066033492**01*041215016*DA*01260941461*20220121~
TRN*1*160118220262030*1066033492~
REF*EV*XXXXXXXXXXXXXXXXXXXXXXXXXXXXXX~
DTM*405*20220119~
N1*PR*AETNA~
N3*151 FARMINGTON AVENUE~
N4*HARTFORD*CT*06156~
REF*2U*60054~
PER*BL*Provider Service~
N1*PE*LIMA MEMORIAL PROFESSIONAL CORP*XX*1457474900~
N3*L-3982~
N4*COLUMBUS*OH*432600001~
REF*PQ*885650610~
REF*TJ*341935236~
LX*1~
TS3*1992126379*22*20221231*1*71~
CLP*2738484*1*71*10.57*25*13*220113E096390000*22*1~
NM1*QC*1*STEINER*ANGELA*S***MI*MEBNVDPB~
NM1*82*2*LIMA MEMORIAL PROFESSIONAL CORP*****XX*1992126379~
REF*1L*441299-005~
REF*CE*MEDICARE (S02) PPO PLAN NET 03418~
DTM*232*20211229~
DTM*233*20211229~
DTM*050*20220113~
PER*CX**TE*8006240756~
AMT*AU*71~
SVC*HC>99212*71*10.57**1~
DTM*472*20211229~
CAS*CO*45*35.43~
CAS*PR*3*25~
REF*6R*LMPR0003132870-1~
AMT*B6*35.57~
LQ*HE*N59~
SE*35*1264~
ST*835*1265~
BPR*I*35.65*C*ACH*CCP*01*031100209*DA*0038865237*1066033492**01*041215016*DA*01260941461*20220121~
TRN*1*160118220262033*1066033492~
REF*EV*XXXXXXXXXXXXXXXXXXXXXXXXXXXXXX~
DTM*405*20220119~
N1*PR*AETNA~
N3*151 FARMINGTON AVENUE~
N4*HARTFORD*CT*06156~
REF*2U*60054~
PER*BL*Provider Service~
N1*PE*LIMA MEMORIAL PROFESSIONAL CORP*XX*1457474900~
N3*L-3982~
N4*COLUMBUS*OH*432600001~
REF*PQ*885650610~
REF*TJ*341935236~
LX*1~
TS3*1043828775*11*20221231*1*106~
CLP*2739351*1*106*35.65*40*13*220114E011900000*11*1~
NM1*QC*1*TINGLER*VIRGINIA*L***MI*MEBVCW0Z~
NM1*82*2*LIMA MEMORIAL PROFESSIONAL CORP*****XX*1043828775~
REF*1L*467094-012~
REF*CE*VALUE PPO NET 03418~
DTM*232*20211118~
DTM*233*20211118~
DTM*050*20220114~
PER*CX**TE*8006240756~
AMT*AU*106~
SVC*HC>99213*106*35.65**1~
DTM*472*20211118~
CAS*CO*45*30.35~
CAS*PR*3*40~
REF*6R*LMPR0003137010-1~
AMT*B6*75.65~
LQ*HE*N59~
LQ*HE*N783~
SE*36*1265~
ST*835*1266~
BPR*I*59*C*ACH*CCP*01*031100209*DA*0038865237*1066033492**01*041215016*DA*01260941461*20220121~
TRN*1*160118220262154*1066033492~
REF*EV*XXXXXXXXXXXXXXXXXXXXXXXXXXXXXX~
DTM*405*20220119~
N1*PR*AETNA~
N3*151 FARMINGTON AVENUE~
N4*HARTFORD*CT*06156~
REF*2U*60054~
PER*BL*Provider Service~
N1*PE*LIMA MEMORIAL PROFESSIONAL CORP*XX*1457474900~
N3*L-3982~
N4*COLUMBUS*OH*432600001~
REF*PQ*885650610~
REF*TJ*341935236~
LX*1~
TS3*1588686794*11*20221231*1*106~
CLP*2693103*1*106*59*30*13*220114E011920000*11*1~
NM1*QC*1*LAUTENSCHLAGER*HELEN*L***MI*MEBFFXXH~
NM1*82*2*LIMA MEMORIAL PROFESSIONAL CORP*****XX*1588686794~
REF*1L*466235-001~
REF*CE*SERS PPO PLAN NET 03418~
DTM*232*20211115~
DTM*233*20211115~
DTM*050*20220114~
PER*CX**TE*8006240756~
AMT*AU*106~
SVC*HC>99213*106*59**1~
DTM*472*20211115~
CAS*CO*45*17~
CAS*PR*3*30~
REF*6R*LMPR0002941955-1~
AMT*B6*89~
LQ*HE*N59~
SVC*HC>1036F*0*0**1~
DTM*472*20211115~
REF*6R*LMPR0002941955-2~
SE*38*1266~
ST*835*1855~
BPR*I*1396.88*C*ACH*CCP*01*031100209*DA*0038865237*1066033492**01*041215016*DA*01260941461*20220121~
TRN*1*160118220269924*1066033492~
REF*EV*XXXXXXXXXXXXXXXXXXXXXXXXXXXXXX~
DTM*405*20220119~
N1*PR*AETNA~
N3*151 FARMINGTON AVENUE~
N4*HARTFORD*CT*06156~
REF*2U*60054~
PER*BL*Provider Service~
N1*PE*LIMA MEMORIAL PROFESSIONAL CORP*XX*1457474900~
N3*L-3982~
N4*COLUMBUS*OH*432600001~
REF*PQ*885650610~
REF*TJ*341935236~
LX*1~
TS3*1336182245*22*20221231*2*358~
CLP*2740678*1*297*178.36**13*220115E034600000*22*1~
NM1*QC*1*DECKER*SULA****MI*MEBVPS8R~
NM1*82*2*LIMA MEMORIAL PROFESSIONAL CORP*****XX*1336182245~
REF*1L*467094-012~
REF*CE*VALUE PPO NET 03418~
DTM*232*20211123~
DTM*233*20211123~
DTM*050*20220115~
PER*CX**TE*8006240756~
AMT*AU*297~
SVC*HC>99220>25*297*178.36**1~
DTM*472*20211123~
CAS*CO*45*118.64~
REF*6R*LMPR0003139880-1~
AMT*B6*178.36~
LQ*HE*N59~
CLP*2741141*1*61*37.98**13*220115E060260000*22*1~
NM1*QC*1*DECKER*SULA****MI*MEBVPS8R~
NM1*82*2*LIMA MEMORIAL PROFESSIONAL CORP*****XX*1336182245~
REF*1L*467094-012~
REF*CE*VALUE PPO NET 03418~
DTM*232*20211124~
DTM*233*20211124~
DTM*050*20220115~
PER*CX**TE*8006240756~
AMT*AU*61~
SVC*HC>99224*61*37.98**1~
DTM*472*20211124~
CAS*CO*45*23.02~
REF*6R*LMPR0003139884-1~
AMT*B6*37.98~
LQ*HE*N59~
LX*2~
TS3*1356755243*11*20221231*1*278~
CLP*2703952*1*278*143.99*20*13*220117E292220000*11*1~
NM1*QC*1*HERRING*THURMAN*D***MI*MEBVD55Y~
NM1*82*2*LIMA MEMORIAL PROFESSIONAL CORP*****XX*1356755243~
REF*1L*441299-003~
REF*CE*MEDICARE (S02) PPO PLAN NET 03418~
DTM*232*20211117~
DTM*233*20211117~
DTM*050*20220117~
PER*CX**TE*8006240756~
AMT*AU*278~
SVC*HC>99214*156*87.53**1~
DTM*472*20211117~
CAS*CO*45*48.47~
CAS*PR*3*20~
REF*6R*LMPR0002993763-1~
AMT*B6*107.53~
LQ*HE*N59~
SVC*HC>90714*48*26.22**1~
DTM*472*20211117~
CAS*CO*45*21.78~
REF*6R*LMPR0002993763-2~
AMT*B6*26.22~
LQ*HE*N59~
SVC*HC>90686*35*20.53**1~
DTM*472*20211117~
CAS*CO*45*14.47~
REF*6R*LMPR0002993763-4~
AMT*B6*20.53~
LQ*HE*N59~
SVC*HC>83036>QW*39*9.71**1~
DTM*472*20211117~
CAS*CO*45*29.29~
REF*6R*LMPR0002993763-3~
AMT*B6*9.71~
LQ*HE*N59~
LX*3~
TS3*1477756757*21*20221231*2*1028~
CLP*2740865*1*514*217.91**13*220115E009680000*21*1~
NM1*QC*1*HONCELL*KATHERINE*A***MI*MEBTM5JZ~
NM1*82*2*LIMA MEMORIAL PROFESSIONAL CORP*****XX*1477756757~
REF*1L*467094-012~
REF*CE*VALUE PPO NET 03418~
DTM*232*20211220~
DTM*233*20211220~
DTM*050*20220115~
PER*CX**TE*8006240756~
AMT*AU*514~
SVC*HC>99291>CS*514*217.91**1~
DTM*472*20211220~
CAS*CO*45*296.09~
REF*6R*LMPR0003139898-1~
AMT*B6*217.91~
LQ*HE*N59~
CLP*2740673*1*514*217.91**13*220115E034710000*21*1~
NM1*QC*1*HONCELL*KATHERINE*A***MI*MEBTM5JZ~
NM1*82*2*LIMA MEMORIAL PROFESSIONAL CORP*****XX*1477756757~
REF*1L*467094-012~
REF*CE*VALUE PPO NET 03418~
DTM*232*20211219~
DTM*233*20211219~
DTM*050*20220115~
PER*CX**TE*8006240756~
AMT*AU*514~
SVC*HC>99291>CS*514*217.91**1~
DTM*472*20211219~
CAS*CO*45*296.09~
REF*6R*LMPR0003139897-1~
AMT*B6*217.91~
LQ*HE*N59~
LX*4~
TS3*1578756169*11*20221231*1*144~
CLP*2726242*1*144*80.12*15*13*220115E085120000*11*1~
NM1*QC*1*PERKINS*MARTHA*A***MI*MEBD8ZFT~
NM1*82*2*LIMA MEMORIAL PROFESSIONAL CORP*****XX*1578756169~
REF*1L*455716-056~
REF*CE*STRS PPO PLAN NET 03418~
DTM*232*20211224~
DTM*233*20211224~
DTM*050*20220115~
PER*CX**TE*8006240756~
AMT*AU*144~
SVC*HC>99213>25*106*74**1~
DTM*472*20211224~
CAS*CO*45*17~
CAS*PR*3*15~
REF*6R*LMPR0003092735-1~
AMT*B6*89~
LQ*HE*N59~
SVC*HC>93005*38*6.12**1~
DTM*472*20211224~
CAS*CO*45*31.88~
REF*6R*LMPR0003092735-2~
AMT*B6*6.12~
LQ*HE*N59~
SVC*HC>3078F*0*0**1~
DTM*472*20211224~
REF*6R*LMPR0003092735-4~
SVC*HC>3074F*0*0**1~
DTM*472*20211224~
REF*6R*LMPR0003092735-3~
SVC*HC>1036F*0*0**1~
DTM*472*20211224~
REF*6R*LMPR0003092735-5~
LX*5~
TS3*1689841900*11*20221231*1*624~
CLP*LMP2729023*1*624*0**13*220117E246300000*11*1~
NM1*QC*1*CAIN*NANCY*E***MI*MEBKN5CF~
NM1*82*2*LIMA MEMORIAL PROFESSIONAL CORP*****XX*1689841900~
REF*1L*455716-056~
REF*CE*STRS PPO PLAN NET 03418~
DTM*232*20211102~
DTM*233*20211102~
DTM*050*20220117~
PER*CX**TE*8006240756~
SVC*HC>11420*199*0**0**2~
DTM*472*20211102~
CAS*CO*96*199*1~
REF*6R*LMPR0003111026-1~
LQ*HE*N115~
SVC*HC>11420*199*0**0**2~
DTM*472*20211102~
CAS*CO*96*199*1~
REF*6R*LMPR0003111026-1~
LQ*HE*N115~
SVC*HC>11421*226*0**0**1~
DTM*472*20211102~
CAS*CO*96*226*1~
REF*6R*LMPR0003111026-2~
LQ*HE*N115~
LX*6~
TS3*1710121132*21*20221231*6*738~
CLP*2740881*1*123*70.48**13*220115E009610000*21*1~
NM1*QC*1*SELOVER*GREGORY*W***MI*MEBVRMKD~
NM1*82*2*LIMA MEMORIAL PROFESSIONAL CORP*****XX*1710121132~
REF*G1*2872108~
REF*1L*466853-124~
REF*CE*BP MEDICARE PPO ESA PLAN NET 03418~
DTM*232*20211209~
DTM*233*20211209~
DTM*050*20220115~
PER*CX**TE*8006240756~
AMT*AU*123~
SVC*HC>99232*123*70.48**1~
DTM*472*20211209~
CAS*CO*45*52.52~
REF*6R*LMPR0003139891-1~
AMT*B6*70.48~
LQ*HE*N59~
CLP*2740870*1*123*70.48**13*220115E034630000*21*1~
NM1*QC*1*SELOVER*GREGORY*W***MI*MEBVRMKD~
NM1*82*2*LIMA MEMORIAL PROFESSIONAL CORP*****XX*1710121132~
REF*G1*2872108~
REF*1L*466853-124~
REF*CE*BP MEDICARE PPO ESA PLAN NET 03418~
DTM*232*20211207~
DTM*233*20211207~
DTM*050*20220115~
PER*CX**TE*8006240756~
AMT*AU*123~
SVC*HC>99232*123*70.48**1~
DTM*472*20211207~
CAS*CO*45*52.52~
REF*6R*LMPR0003139889-1~
AMT*B6*70.48~
LQ*HE*N59~
CLP*2740875*1*123*70.48**13*220115E034640000*21*1~
NM1*QC*1*SELOVER*GREGORY*W***MI*MEBVRMKD~
NM1*82*2*LIMA MEMORIAL PROFESSIONAL CORP*****XX*1710121132~
REF*G1*2872108~
REF*1L*466853-124~
REF*CE*BP MEDICARE PPO ESA PLAN NET 03418~
DTM*232*20211208~
DTM*233*20211208~
DTM*050*20220115~
PER*CX**TE*8006240756~
AMT*AU*123~
SVC*HC>99232*123*70.48**1~
DTM*472*20211208~
CAS*CO*45*52.52~
REF*6R*LMPR0003139890-1~
AMT*B6*70.48~
LQ*HE*N59~
CLP*2740887*1*123*70.48**13*220115E060290000*21*1~
NM1*QC*1*SELOVER*GREGORY*W***MI*MEBVRMKD~
NM1*82*2*LIMA MEMORIAL PROFESSIONAL CORP*****XX*1710121132~
REF*G1*2872108~
REF*1L*466853-124~
REF*CE*BP MEDICARE PPO ESA PLAN NET 03418~
DTM*232*20211210~
DTM*233*20211210~
DTM*050*20220115~
PER*CX**TE*8006240756~
AMT*AU*123~
SVC*HC>99232*123*70.48**1~
DTM*472*20211210~
CAS*CO*45*52.52~
REF*6R*LMPR0003139892-1~
AMT*B6*70.48~
LQ*HE*N59~
CLP*2741327*1*123*70.48**13*220115E085110000*21*1~
NM1*QC*1*MILLER*TAMMY*F***MI*MEBVG31G~
NM1*82*2*LIMA MEMORIAL PROFESSIONAL CORP*****XX*1710121132~
REF*G1*2925261~
REF*1L*467094-012~
REF*CE*VALUE PPO NET 03418~
DTM*232*20211212~
DTM*233*20211212~
DTM*050*20220115~
PER*CX**TE*8006240756~
AMT*AU*123~
SVC*HC>99232*123*70.48**1~
DTM*472*20211212~
CAS*CO*45*52.52~
REF*6R*LMPR0003139895-1~
AMT*B6*70.48~
LQ*HE*N59~
CLP*2741325*1*123*70.48**13*220115E109760000*21*1~
NM1*QC*1*MILLER*TAMMY*F***MI*MEBVG31G~
NM1*82*2*LIMA MEMORIAL PROFESSIONAL CORP*****XX*1710121132~
REF*G1*2925261~
REF*1L*467094-012~
REF*CE*VALUE PPO NET 03418~
DTM*232*20211211~
DTM*233*20211211~
DTM*050*20220115~
PER*CX**TE*8006240756~
AMT*AU*123~
SVC*HC>99232*123*70.48**1~
DTM*472*20211211~
CAS*CO*45*52.52~
REF*6R*LMPR0003139894-1~
AMT*B6*70.48~
LQ*HE*N59~
LX*7~
TS3*1780626796*11*20221231*1*194~
CLP*LMP2720581*1*194*97.73*15*13*220115E085100000*11*1~
NM1*QC*1*BEARD*CATHERINE*D***MI*MEBNB8FS~
NM1*82*2*LIMA MEMORIAL PROFESSIONAL CORP*****XX*1780626796~
REF*1L*455716-056~
REF*CE*STRS PPO PLAN NET 03418~
DTM*232*20211220~
DTM*233*20211220~
DTM*050*20220115~
PER*CX**TE*8006240756~
AMT*AU*194~
SVC*HC>99214>25*156*92.53**1~
DTM*472*20211220~
CAS*CO*45*48.47~
CAS*PR*3*15~
REF*6R*LMPR0003071122-1~
AMT*B6*107.53~
LQ*HE*N59~
SVC*HC>93005*38*5.2**1~
DTM*472*20211220~
CAS*CO*45*32.8~
REF*6R*LMPR0003071122-2~
AMT*B6*5.2~
LQ*HE*N59~
SVC*HC>3078F*0*0**1~
DTM*472*20211220~
REF*6R*LMPR0003071122-5~
SVC*HC>3074F*0*0**1~
DTM*472*20211220~
REF*6R*LMPR0003071122-4~
SVC*HC>3044F*0*0**1~
DTM*472*20211220~
REF*6R*LMPR0003071122-3~
SVC*HC>1036F*0*0**1~
DTM*472*20211220~
REF*6R*LMPR0003071122-6~
SE*322*1855~
ST*835*1856~
BPR*I*70.12*C*ACH*CCP*01*031100209*DA*0038865237*1066033492**01*041215016*DA*01260941461*20220121~
TRN*1*160118220271313*1066033492~
REF*EV*XXXXXXXXXXXXXXXXXXXXXXXXXXXXXX~
DTM*405*20220119~
N1*PR*AETNA~
N3*151 FARMINGTON AVENUE~
N4*HARTFORD*CT*06156~
REF*2U*60054~
PER*BL*Provider Service~
N1*PE*LIMA MEMORIAL PROFESSIONAL CORP*XX*1457474900~
N3*L-3982~
N4*COLUMBUS*OH*432600001~
REF*PQ*885650610~
REF*TJ*341935236~
LX*1~
TS3*1578756169*11*20221231*1*144~
CLP*2709945*1*144*70.12*25*13*220117E269650000*11*1~
NM1*QC*1*SHEPHERD*TONI*K***MI*MEBG94JD~
NM1*82*2*LIMA MEMORIAL PROFESSIONAL CORP*****XX*1578756169~
REF*1L*441299-005~
REF*CE*MEDICARE (S02) PPO PLAN NET 03418~
DTM*232*20211206~
DTM*233*20211206~
DTM*050*20220117~
PER*CX**TE*8006240756~
AMT*AU*144~
SVC*HC>99213*106*64**1~
DTM*472*20211206~
CAS*CO*45*17~
CAS*PR*3*25~
REF*6R*LMPR0003027716-1~
AMT*B6*89~
LQ*HE*N59~
SVC*HC>93005*38*6.12**1~
DTM*472*20211206~
CAS*CO*45*31.88~
REF*6R*LMPR0003027716-2~
AMT*B6*6.12~
LQ*HE*N59~
SVC*HC>3078F*0*0**1~
DTM*472*20211206~
REF*6R*LMPR0003027716-4~
SVC*HC>3074F*0*0**1~
DTM*472*20211206~
REF*6R*LMPR0003027716-3~
SVC*HC>1036F*0*0**1~
DTM*472*20211206~
REF*6R*LMPR0003027716-5~
SE*50*1856~
ST*835*1857~
BPR*I*151.3*C*ACH*CCP*01*031100209*DA*0038865237*1066033492**01*041215016*DA*01260941461*20220121~
TRN*1*160118220271781*1066033492~
REF*EV*XXXXXXXXXXXXXXXXXXXXXXXXXXXXXX~
DTM*405*20220119~
N1*PR*AETNA~
N3*151 FARMINGTON AVENUE~
N4*HARTFORD*CT*06156~
REF*2U*60054~
PER*BL*Provider Service~
N1*PE*LIMA MEMORIAL PROFESSIONAL CORP*XX*1457474900~
N3*DEPT.  L3982~
N4*COLUMBUS*OH*432600001~
REF*PQ*885650610~
REF*TJ*341935236~
LX*1~
TS3*1700321676*11*20221231*2*212~
CLP*2726478*1*106*75.65**13*220115E060270000*02*1~
NM1*QC*1*HERRIOTT*MARCIA*L***MI*MEBSZ14D~
NM1*82*2*LIMA MEMORIAL PROFESSIONAL CORP*****XX*1700321676~
REF*1L*467094-012~
REF*CE*VALUE PPO NET 03418~
DTM*232*20211227~
DTM*233*20211227~
DTM*050*20220115~
PER*CX**TE*8006240756~
AMT*AU*106~
SVC*HC>99213>95>CS*106*75.65**1~
DTM*472*20211227~
CAS*CO*45*30.35~
REF*6R*LMPR0003092672-1~
AMT*B6*75.65~
LQ*HE*N59~
SVC*HC>1036F*0*0**1~
DTM*472*20211227~
REF*6R*LMPR0003092672-3~
SVC*HC>G8756*0*0**1~
DTM*472*20211227~
REF*6R*LMPR0003092672-2~
CLP*2721747*1*106*75.65**13*220115E109740000*11*1~
NM1*QC*1*FESS*CAROL*L***MI*MEBVVPSQ~
NM1*82*2*LIMA MEMORIAL PROFESSIONAL CORP*****XX*1700321676~
REF*1L*467094-012~
REF*CE*VALUE PPO NET 03418~
DTM*232*20211221~
DTM*233*20211221~
DTM*050*20220115~
PER*CX**TE*8006240756~
AMT*AU*106~
SVC*HC>99213>95>CS*106*75.65**1~
DTM*472*20211221~
CAS*CO*45*30.35~
REF*6R*LMPR0003074932-1~
AMT*B6*75.65~
LQ*HE*N59~
SVC*HC>1036F*0*0**1~
DTM*472*20211221~
REF*6R*LMPR0003074932-3~
SVC*HC>G8756*0*0**1~
DTM*472*20211221~
REF*6R*LMPR0003074932-2~
SE*62*1857~
ST*835*1858~
BPR*I*101.25*C*ACH*CCP*01*031100209*DA*0038865237*1066033492**01*041215016*DA*01260941461*20220121~
TRN*1*160118220272131*1066033492~
REF*EV*XXXXXXXXXXXXXXXXXXXXXXXXXXXXXX~
DTM*405*20220119~
N1*PR*AETNA~
N3*151 FARMINGTON AVENUE~
N4*HARTFORD*CT*06156~
REF*2U*60054~
PER*BL*Provider Service~
N1*PE*LIMA MEMORIAL PROFESSIONAL CORP*XX*1457474900~
N3*L-3982~
N4*COLUMBUS*OH*432600001~
REF*PQ*885650610~
REF*TJ*341935236~
LX*1~
TS3*1477756757*21*20221231*1*168~
CLP*2741072*1*168*101.25**13*220115E034620000*21*1~
NM1*QC*1*HELMLINGER*KEITH****MI*MEBVRXKY~
NM1*82*2*LIMA MEMORIAL PROFESSIONAL CORP*****XX*1477756757~
REF*G1*2973364~
REF*1L*455716-056~
REF*CE*STRS PPO PLAN NET 03418~
DTM*232*20211219~
DTM*233*20211219~
DTM*050*20220115~
PER*CX**TE*8006240756~
AMT*AU*168~
SVC*HC>99233>CS*168*101.25**1~
DTM*472*20211219~
CAS*CO*45*66.75~
REF*6R*LMPR0003139896-1~
AMT*B6*101.25~
LQ*HE*N59~
SE*35*1858~
ST*835*1859~
BPR*I*144.9*C*ACH*CCP*01*031100209*DA*0038865237*1066033492**01*041215016*DA*01260941461*20220121~
TRN*1*160118220273093*1066033492~
REF*EV*XXXXXXXXXXXXXXXXXXXXXXXXXXXXXX~
DTM*405*20220119~
N1*PR*AETNA~
N3*151 FARMINGTON AVENUE~
N4*HARTFORD*CT*06156~
REF*2U*60054~
PER*BL*Provider Service~
N1*PE*LIMA MEMORIAL PROFESSIONAL CORP*XX*1457474900~
N3*L-3982~
N4*COLUMBUS*OH*432604040~
REF*PQ*885650610~
REF*TJ*341935236~
LX*1~
TS3*1811978455*22*20221231*1*210~
CLP*2728898*1*210*144.9**13*220117E185490000*22*1~
NM1*QC*1*PLACE*RANDAL*C***MI*MEBM5SLM~
NM1*82*2*LIMA MEMORIAL PROFESSIONAL CORP*****XX*1811978455~
REF*1L*466235-001~
REF*CE*SERS PPO PLAN NET 03418~
DTM*232*20211201~
DTM*233*20211201~
DTM*050*20220117~
PER*CX**TE*8006240756~
AMT*AU*210~
SVC*HC>99215>95*210*144.9**1~
DTM*472*20211201~
CAS*CO*45*65.1~
REF*6R*LMPR0003142451-1~
AMT*B6*144.9~
LQ*HE*N59~
SE*34*1859~
ST*835*1860~
BPR*I*113.01*C*ACH*CCP*01*031100209*DA*0038865237*1066033492**01*041215016*DA*01260941461*20220121~
TRN*1*160118220273965*1066033492~
REF*EV*XXXXXXXXXXXXXXXXXXXXXXXXXXXXXX~
DTM*405*20220119~
N1*PR*AETNA~
N3*151 FARMINGTON AVENUE~
N4*HARTFORD*CT*06156~
REF*2U*60054~
PER*BL*Provider Service~
N1*PE*LIMA MEMORIAL PROFESSIONAL CORP*XX*1457474900~
N3*L-3982~
N4*COLUMBUS*OH*432600001~
REF*PQ*885650610~
REF*TJ*341935236~
LX*1~
TS3*1588686794*21*20221231*3*261~
CLP*2741268*1*87*37.67**13*220115E060250000*21*7~
NM1*QC*1*BALLENTINE*WILLIAM*C***MI*MEBD72KM~
NM1*82*2*LIMA MEMORIAL PROFESSIONAL CORP*****XX*1588686794~
REF*1L*455716-056~
REF*CE*STRS PPO PLAN NET 03418~
DTM*232*20210814~
DTM*233*20210814~
DTM*050*20220115~
PER*CX**TE*8006240756~
AMT*AU*87~
SVC*HC>99231>95>Q6*87*37.67**1~
DTM*472*20210814~
CAS*CO*45*49.33~
REF*6R*LMPR0003139870-1~
AMT*B6*37.67~
LQ*HE*N59~
CLP*2741273*1*87*37.67**13*220115E085090000*21*7~
NM1*QC*1*BALLENTINE*WILLIAM*C***MI*MEBD72KM~
NM1*82*2*LIMA MEMORIAL PROFESSIONAL CORP*****XX*1588686794~
REF*1L*455716-056~
REF*CE*STRS PPO PLAN NET 03418~
DTM*232*20210815~
DTM*233*20210815~
DTM*050*20220115~
PER*CX**TE*8006240756~
AMT*AU*87~
SVC*HC>99231>95>Q6*87*37.67**1~
DTM*472*20210815~
CAS*CO*45*49.33~
REF*6R*LMPR0003139871-1~
AMT*B6*37.67~
LQ*HE*N59~
CLP*2741282*1*87*37.67**13*220115E109730000*21*7~
NM1*QC*1*BINKLEY*MARK****MI*MEBTDCBJ~
NM1*82*2*LIMA MEMORIAL PROFESSIONAL CORP*****XX*1588686794~
REF*1L*467094-012~
REF*CE*VALUE PPO NET 03418~
DTM*232*20210830~
DTM*233*20210830~
DTM*050*20220115~
PER*CX**TE*8006240756~
AMT*AU*87~
SVC*HC>99231>95>Q6*87*37.67**1~
DTM*472*20210830~
CAS*CO*45*49.33~
REF*6R*LMPR0003139872-1~
AMT*B6*37.67~
LQ*HE*N59~
SE*66*1860~
ST*835*1861~
BPR*I*99.48*C*ACH*CCP*01*031100209*DA*0038865237*1066033492**01*041215016*DA*01260941461*20220121~
TRN*1*160118220274013*1066033492~
REF*EV*XXXXXXXXXXXXXXXXXXXXXXXXXXXXXX~
DTM*405*20220119~
N1*PR*AETNA~
N3*151 FARMINGTON AVENUE~
N4*HARTFORD*CT*06156~
REF*2U*60054~
PER*BL*Provider Service~
N1*PE*LIMA MEMORIAL PROFESSIONAL CORP*XX*1457474900~
N3*L-3982~
N4*COLUMBUS*OH*432600001~
REF*PQ*885650610~
REF*TJ*341935236~
LX*1~
TS3*1245420140*21*20221231*1*212~
CLP*2741324*1*212*99.48**13*220115E009600000*21*1~
NM1*QC*1*MILLER*TAMMY*F***MI*MEBVG31G~
NM1*82*2*LIMA MEMORIAL PROFESSIONAL CORP*****XX*1245420140~
REF*G1*2925261~
REF*1L*467094-012~
REF*CE*VALUE PPO NET 03418~
DTM*232*20211210~
DTM*233*20211210~
DTM*050*20220115~
PER*CX**TE*8006240756~
AMT*AU*212~
SVC*HC>99221*212*99.48**1~
DTM*472*20211210~
CAS*CO*45*112.52~
REF*6R*LMPR0003139893-1~
AMT*B6*99.48~
LQ*HE*N59~
SE*35*1861~
ST*835*1862~
BPR*H*0*C*NON************20220118~
TRN*1*FC9220190008108*1066033492~
REF*EV*XXXXXXXXXXXXXXXXXXXXXXXXXXXXXX~
DTM*405*20220119~
N1*PR*AETNA~
N3*151 FARMINGTON AVENUE~
N4*HARTFORD*CT*06156~
REF*2U*60054~
PER*BL*Provider Service~
N1*PE*LIMA MEMORIAL PROFESSIONAL CORP*XX*1457474900~
N3*L-3982~
N4*COLUMBUS*OH*432600001~
REF*PQ*885650610~
REF*TJ*341935236~
LX*1~
TS3*1568428217*22*20221231*1*210~
CLP*2731590*1*210*0**13*220115E034650000*22*1~
NM1*QC*1*WIENKEN*HUBERT*O***MI*MEBMX08Z~
NM1*82*2*LIMA MEMORIAL PROFESSIONAL CORP*****XX*1568428217~
REF*1L*441299-005~
REF*CE*MEDICARE (S02) PPO PLAN NET 03418~
DTM*232*20211116~
DTM*233*20211116~
DTM*050*20220115~
PER*CX**TE*8006240756~
SVC*HC>99215*210*0**0**1~
DTM*472*20211116~
CAS*OA*18*210*1~
REF*6R*LMPR0003139878-1~
LQ*HE*N522~
SE*32*1862~
ST*835*1863~
BPR*I*151.42*C*ACH*CCP*01*031100209*DA*0038865237*1066033492**01*041215016*DA*01260941461*20220121~
TRN*1*160118220274394*1066033492~
REF*EV*XXXXXXXXXXXXXXXXXXXXXXXXXXXXXX~
DTM*405*20220119~
N1*PR*AETNA~
N3*151 FARMINGTON AVENUE~
N4*HARTFORD*CT*06156~
REF*2U*60054~
PER*BL*Provider Service~
N1*PE*LIMA MEMORIAL PROFESSIONAL CORP*XX*1457474900~
N3*L-3982~
N4*COLUMBUS*OH*432600001~
REF*PQ*885650610~
REF*TJ*341935236~
LX*1~
TS3*1336182245*11*20221231*4*623~
CLP*2741174*1*135*42.96**13*220115E009620000*23*1~
NM1*QC*1*WELLS*DELMAR*E***MI*101379459100~
NM1*74*1******C*MEBMHVKV~
NM1*82*2*LIMA MEMORIAL PROFESSIONAL CORP*****XX*1336182245~
REF*1L*466853-124~
REF*CE*BP MEDICARE PPO ESA PLAN NET 03418~
DTM*232*20211124~
DTM*233*20211124~
DTM*050*20220115~
PER*CX**TE*8006240756~
AMT*AU*135~
SVC*HC>99282*135*42.96**1~
DTM*472*20211124~
CAS*CO*45*92.04~
REF*6R*LMPR0003139885-1~
AMT*B6*42.96~
LQ*HE*N59~
CLP*2741034*1*123*70.48**13*220115E060320000*21*1~
NM1*QC*1*WITTEN*SHARON*A***MI*MEBD73JR~
NM1*82*2*LIMA MEMORIAL PROFESSIONAL CORP*****XX*1336182245~
REF*G1*2770351~
REF*1L*455716-060~
REF*CE*STRS PPO PLAN NET 03418~
DTM*232*20211124~
DTM*233*20211124~
DTM*050*20220115~
PER*CX**TE*8006240756~
AMT*AU*123~
SVC*HC>99232>25*123*70.48**1~
DTM*472*20211124~
CAS*CO*45*52.52~
REF*6R*LMPR0003139882-1~
AMT*B6*70.48~
LQ*HE*N59~
CLP*2741082*1*61*37.98**13*220115E109770000*22*1~
NM1*QC*1*HOWELL*DAVID****MI*101291801200~
NM1*74*1******C*MEBMPSQM~
NM1*82*2*LIMA MEMORIAL PROFESSIONAL CORP*****XX*1336182245~
REF*1L*466853-124~
REF*CE*BP MEDICARE PPO ESA PLAN NET 03418~
DTM*232*20211124~
DTM*233*20211124~
DTM*050*20220115~
PER*CX**TE*8006240756~
AMT*AU*61~
SVC*HC>99224>25*61*37.98**1~
DTM*472*20211124~
CAS*CO*45*23.02~
REF*6R*LMPR0003139883-1~
AMT*B6*37.98~
LQ*HE*N59~
CLP*2740655*1*304*0*304*13*220115E109780000*23*1~
NM1*QC*1*WELLS*DELMAR*E***MI*101379459100~
NM1*74*1******C*MEBMHVKV~
NM1*82*2*LIMA MEMORIAL PROFESSIONAL CORP*****XX*1336182245~
REF*1L*466853-124~
REF*CE*BP MEDICARE PPO ESA PLAN NET 03418~
DTM*232*20211123~
DTM*233*20211123~
DTM*050*20220115~
PER*CX**TE*8006240756~
SVC*HC>99284>25*304*0**0**1~
DTM*472*20211123~
CAS*PR*B20*304*1~
REF*6R*LMPR0003139881-1~
SE*83*1863~
ST*835*1864~
BPR*I*341.47*C*ACH*CCP*01*031100209*DA*0038865237*1066033492**01*041215016*DA*01260941461*20220121~
TRN*1*160118220274490*1066033492~
REF*EV*XXXXXXXXXXXXXXXXXXXXXXXXXXXXXX~
DTM*405*20220119~
N1*PR*AETNA~
N3*151 FARMINGTON AVENUE~
N4*HARTFORD*CT*06156~
REF*2U*60054~
PER*BL*Provider Service~
N1*PE*LIMA MEMORIAL PROFESSIONAL CORP*XX*1457474900~
N3*L-3982~
N4*COLUMBUS*OH*432600001~
REF*PQ*885650610~
REF*TJ*341935236~
LX*1~
TS3*1366465346*11*20221231*4*608~
CLP*2740646*1*123*70.48**13*220115E009570000*21*1~
NM1*QC*1*CATTARENE*BRENT*H***MI*101304143400~
NM1*74*1******C*MEBVB43B~
NM1*82*2*LIMA MEMORIAL PROFESSIONAL CORP*****XX*1366465346~
REF*G1*2845182~
REF*1L*467094-012~
REF*CE*VALUE PPO NET 03418~
DTM*232*20211202~
DTM*233*20211202~
DTM*050*20220115~
PER*CX**TE*8006240756~
AMT*AU*123~
SVC*HC>99232*123*70.48**1~
DTM*472*20211202~
CAS*CO*45*52.52~
REF*6R*LMPR0003139887-1~
AMT*B6*70.48~
LQ*HE*N59~
CLP*2740644*1*160*98.46**13*220115E009580000*22*1~
NM1*QC*1*CATTARENE*BRENT*H***MI*101304143400~
NM1*74*1******C*MEBVB43B~
NM1*82*2*LIMA MEMORIAL PROFESSIONAL CORP*****XX*1366465346~
REF*1L*467094-012~
REF*CE*VALUE PPO NET 03418~
DTM*232*20211129~
DTM*233*20211129~
DTM*050*20220115~
PER*CX**TE*8006240756~
AMT*AU*160~
SVC*HC>99214*160*98.46**1~
DTM*472*20211129~
CAS*CO*45*61.54~
REF*6R*LMPR0003139886-1~
AMT*B6*98.46~
LQ*HE*N59~
CLP*2740650*1*87*37.67**13*220115E034610000*21*1~
NM1*QC*1*CATTARENE*BRENT*H***MI*101304143400~
NM1*74*1******C*MEBVB43B~
NM1*82*2*LIMA MEMORIAL PROFESSIONAL CORP*****XX*1366465346~
REF*G1*2845182~
REF*1L*467094-012~
REF*CE*VALUE PPO NET 03418~
DTM*232*20211203~
DTM*233*20211203~
DTM*050*20220115~
PER*CX**TE*8006240756~
AMT*AU*87~
SVC*HC>99231*87*37.67**1~
DTM*472*20211203~
CAS*CO*45*49.33~
REF*6R*LMPR0003139888-1~
AMT*B6*37.67~
LQ*HE*N59~
CLP*2741115*1*238*134.86**13*220115E060300000*22*1~
NM1*QC*1*STRAYER*MARCILLE*R***MI*MEBFDQFV~
NM1*82*2*LIMA MEMORIAL PROFESSIONAL CORP*****XX*1366465346~
REF*1L*466235-001~
REF*CE*SERS PPO PLAN NET 03418~
DTM*232*20211118~
DTM*233*20211118~
DTM*050*20220115~
PER*CX**TE*8006240756~
AMT*AU*238~
SVC*HC>99204*238*134.86**1~
DTM*472*20211118~
CAS*CO*45*103.14~
REF*6R*LMPR0003139879-1~
AMT*B6*134.86~
LQ*HE*N59~
SE*87*1864~
GE*25*1~
IEA*1*100358959~
