ISA*00*          *00*          *ZZ*133052274      *ZZ*XXXXXXXXXXXXXXX*220119*0250*^*00501*100358959*0*P*>~
GS*HP*133052274*XX*20220119*0250*1*X*005010X221A1~
ST*835*0573~
BPR*H*0*C*NON************20220119~
TRN*1*922019000306597*1066033492~
REF*EV*XXXXXXXXXXXXXXXXXXXXXXXXXXXXXX~
DTM*405*20220119~
N1*PR*AETNA~
N3*151 FARMINGTON AVENUE~
N4*HARTFORD*CT*06156~
REF*2U*60054~
PER*BL*Provider Service~
N1*PE*ADENA MEDICAL GROUP, LLC*XX*1235468083~
N3*PO BOX 932024~
N4*CLEVELAND*OH*441930007~
REF*PQ*745761250~
REF*TJ*271370967~
LX*1~
TS3*1881980605*11*20221231*1*433~
CLP*6348550*1*433*0**12*EMJMW2QTD0000*11*1~
NM1*QC*1*PFEIFER*CARA*J***MI*1000035552233~
NM1*74*1******C*W250317010~
NM1*82*1*STORTS*ERIC*C***XX*1235468083~
REF*1L*0863970-010-00100-PP~
REF*CE*Open Choice~
DTM*232*20220110~
DTM*233*20220110~
DTM*050*20220118~
PER*CX**TE*8004140596~
AMT*AU*433~
SVC*HC>20550>LT*360*0**0**1~
DTM*472*20220110~
CAS*PI*242*360*1~
REF*6R*H3XP0040128684-1~
AMT*B6*360~
LQ*HE*N130~
SVC*HC>J3301*32*0**0**4~
DTM*472*20220110~
CAS*PI*242*32*4~
REF*6R*H3XP0040128684-3~
AMT*B6*32~
LQ*HE*N130~
SVC*HC>J0702*41*0**0**1~
DTM*472*20220110~
CAS*PI*242*41*1~
REF*6R*H3XP0040128684-2~
AMT*B6*41~
LQ*HE*N130~
LX*2~
TS3*1851342653*11*20221231*1*170~
CLP*6229717*1*170*0*170*12*E9JCTKJ9S0000*11*1~
NM1*QC*1*GOLDSBERRY*AUBREY*B***MI*W267754129~
NM1*82*1*UPCHURCH*BENNIE*R***XX*1235468083~
REF*1L*0486870-011-00001- A~
REF*CE*Open Access Aetna Select  8480 NET 01465~
DTM*232*20211118~
DTM*233*20211118~
DTM*050*20211130~
PER*CX**TE*8886323862~
AMT*AU*170~
SVC*HC>99202*170*0**0**1~
DTM*472*20211118~
CAS*PR*227*170*1~
REF*6R*H3XP0039543629-1~
AMT*B6*170~
LQ*HE*MA04~
LQ*HE*N179~
SE*66*0573~
ST*835*1059~
BPR*I*134.49*C*ACH*CCP*01*031100209*DA*0038865237*1066033492**01*041000124*DA*4245708689*20220121~
TRN*1*160118220246794*1066033492~
REF*EV*XXXXXXXXXXXXXXXXXXXXXXXXXXXXXX~
DTM*405*20220119~
N1*PR*AETNA~
N3*151 FARMINGTON AVENUE~
N4*HARTFORD*CT*06156~
REF*2U*60054~
PER*BL*Provider Service~
N1*PE*ADENA MEDICAL GROUP, LLC*XX*1235468083~
N3*100 DAWN LN~
N4*WAVERLY*OH*456909138~
REF*PQ*745761250~
REF*TJ*271370967~
LX*1~
TS3*1861654105*11*20221231*1*340~
CLP*6328482*1*340*134.49*30*13*220114E086810000*11*1~
NM1*QC*1*ARTHURS*EDWIN****MI*MEBQP96J~
NM1*82*2*ADENA MEDICAL GROUP, LLC*****XX*1861654105~
REF*1L*466235-007~
REF*CE*SERS PPO PLAN NET 03418~
DTM*232*20211231~
DTM*233*20211231~
DTM*050*20220114~
PER*CX**TE*8006240756~
AMT*AU*340~
SVC*HC>99204*340*134.49**1~
DTM*472*20211231~
CAS*CO*45*175.51~
CAS*PR*3*30~
REF*6R*H3XP0040085162-1~
AMT*B6*164.49~
LQ*HE*N59~
SE*35*1059~
ST*835*1060~
BPR*I*287.92*C*ACH*CCP*01*031100209*DA*0038865237*1066033492**01*041000124*DA*4245708689*20220121~
TRN*1*160118220248433*1066033492~
REF*EV*XXXXXXXXXXXXXXXXXXXXXXXXXXXXXX~
DTM*405*20220119~
N1*PR*AETNA~
N3*151 FARMINGTON AVENUE~
N4*HARTFORD*CT*06156~
REF*2U*60054~
PER*BL*Provider Service~
N1*PE*ADENA MEDICAL GROUP, LLC*XX*1235468083~
N3*PO BOX 932024~
N4*CLEVELAND*OH*441930007~
REF*PQ*745761250~
REF*TJ*271370967~
LX*1~
TS3*1093734501*22*20221231*1*124~
CLP*6347288*1*124*39.53**13*220114E086830000*22*1~
NM1*QC*1*STIFFLER*VERNICE*J***MI*MEBD9D2Z~
NM1*82*2*ADENA MEDICAL GROUP, LLC*****XX*1093734501~
REF*1L*466235-002~
REF*CE*SERS PPO PLAN NET 03418~
DTM*232*20211228~
DTM*233*20211228~
DTM*050*20220114~
PER*CX**TE*8006240756~
AMT*AU*124~
SVC*HC>G0179*124*39.53**1~
DTM*472*20211228~
CAS*CO*45*84.47~
REF*6R*H3XP0040085158-1~
AMT*B6*39.53~
LQ*HE*N59~
LX*2~
TS3*1134577067*11*20221231*1*175~
CLP*6338933*1*175*41.38**13*220114E036190000*11*1~
NM1*QC*1*BROWN*JO*A***MI*MEBLR9XG~
NM1*74*1**JOANN*H~
NM1*82*2*ADENA MEDICAL GROUP, LLC*****XX*1134577067~
REF*1L*455716-057~
REF*CE*STRS PPO PLAN NET 03418~
DTM*232*20211229~
DTM*233*20211229~
DTM*050*20220114~
PER*CX**TE*8006240756~
AMT*AU*175~
SVC*HC>87811>QW*175*41.38**1~
DTM*472*20211229~
CAS*CO*45*133.62~
REF*6R*H3XP0040051227-1~
AMT*B6*41.38~
LQ*HE*N59~
LX*3~
TS3*1467788083*20*20221231*1*348~
CLP*6317477*1*348*140.31**13*220114E086820000*20*1~
NM1*QC*1*FINCH*PAUL*J***MI*101257929000~
NM1*74*1******C*MEBVXKTZ~
NM1*82*2*ADENA MEDICAL GROUP, LLC*****XX*1467788083~
REF*1L*455717-052~
REF*CE*STRS PPO PLAN NET 03418~
DTM*232*20211227~
DTM*233*20211227~
DTM*050*20220114~
PER*CX**TE*8006240756~
AMT*AU*348~
SVC*HC>99213>CS*194*89**1~
DTM*472*20211227~
CAS*CO*45*105~
REF*6R*H3XP0040085156-1~
AMT*B6*89~
LQ*HE*N59~
SVC*HC>87635>QW*154*51.31**1~
DTM*472*20211227~
CAS*CO*45*102.69~
REF*6R*H3XP0040085156-2~
AMT*B6*51.31~
LQ*HE*N59~
LX*4~
TS3*1801821723*19*20221231*1*194~
CLP*6332367*1*194*66.7**13*220114E061560000*19*1~
NM1*QC*1*BROWN*LINDA*K***MI*MEBJDHDL~
NM1*82*2*ADENA MEDICAL GROUP, LLC*****XX*1801821723~
REF*1L*455717-051~
REF*CE*STRS PPO PLAN NET 03418~
DTM*232*20211230~
DTM*233*20211230~
DTM*050*20220114~
PER*CX**TE*8006240756~
AMT*AU*194~
SVC*HC>99213>95*194*66.7**1~
DTM*472*20211230~
CAS*CO*45*127.3~
REF*6R*H3XP0040085161-1~
AMT*B6*66.7~
LQ*HE*N59~
SE*96*1060~
ST*835*1061~
BPR*I*214.84*C*ACH*CCP*01*031100209*DA*0038865237*1066033492**01*041000124*DA*4245708689*20220121~
TRN*1*160118220256969*1066033492~
REF*EV*XXXXXXXXXXXXXXXXXXXXXXXXXXXXXX~
DTM*405*20220119~
N1*PR*AETNA~
N3*151 FARMINGTON AVENUE~
N4*HARTFORD*CT*06156~
REF*2U*60054~
PER*BL*Provider Service~
N1*PE*ADENA MEDICAL GROUP, LLC*XX*1235468083~
N3*PO BOX 932024~
N4*CLEVELAND*OH*441930007~
REF*PQ*745761250~
REF*TJ*271370967~
LX*1~
TS3*1588951503*22*20221231*1*1080~
CLP*6323478*1*1080*214.84**13*220114E111790000*22*1~
NM1*QC*1*GEARING*MAGERY*A***MI*MEBLTXFN~
NM1*74*1**MARGERY~
NM1*82*2*ADENA MEDICAL GROUP, LLC*****XX*1588951503~
REF*1L*466235-002~
REF*CE*SERS PPO PLAN NET 03418~
DTM*232*20211230~
DTM*233*20211230~
DTM*050*20220114~
PER*CX**TE*8006240756~
AMT*AU*1080~
SVC*HC>99100*120*48**1~
DTM*472*20211230~
CAS*CO*45*72~
REF*6R*H3XP0040088148-2~
AMT*B6*48~
SVC*HC>01400>QZ>P3*960*166.84**42~
DTM*472*20211230~
CAS*CO*45*793.16~
REF*6R*H3XP0040088148-1~
AMT*B6*166.84~
LQ*HE*N59~
SE*40*1061~
ST*835*1062~
BPR*I*1220.79*C*ACH*CCP*01*031100209*DA*0038865237*1066033492**01*041000124*DA*4245708689*20220121~
TRN*1*160118220257620*1066033492~
REF*EV*XXXXXXXXXXXXXXXXXXXXXXXXXXXXXX~
DTM*405*20220119~
N1*PR*AETNA~
N3*151 FARMINGTON AVENUE~
N4*HARTFORD*CT*06156~
REF*2U*60054~
PER*BL*Provider Service~
N1*PE*ADENA MEDICAL GROUP, LLC*XX*1235468083~
N3*P.O. BOX 932024~
N4*CLEVELAND*OH*441930007~
REF*PQ*745761250~
REF*TJ*271370967~
LX*1~
TS3*1205813763*21*20221231*1*172~
CLP*6297159*1*172*99.48**13*220114E061570000*21*1~
NM1*QC*1*MADERIA*JANIS*V***MI*MEBPNKWV~
NM1*82*2*ADENA MEDICAL GROUP, LLC*****XX*1205813763~
REF*G1*2842568~
REF*1L*467119-098~
REF*CE*GROUP MEDICARE SELECT PLAN NET 03418~
DTM*232*20211208~
DTM*233*20211208~
DTM*050*20220114~
PER*CX**TE*8006240756~
AMT*AU*172~
SVC*HC>99221>GC*172*99.48**1~
DTM*472*20211208~
CAS*CO*45*72.52~
REF*6R*H3XP0040085153-1~
AMT*B6*99.48~
LQ*HE*N59~
LX*2~
TS3*1255475349*11*20221231*1*36~
CLP*6335411*1*36*2.95*15*13*220110E131490000*11*1~
NM1*QC*1*BEVENS*RITA*L***MI*MEBJFT5N~
NM1*82*2*ADENA MEDICAL GROUP, LLC*****XX*1255475349~
REF*1L*455716-057~
REF*CE*STRS PPO PLAN NET 03418~
DTM*232*20211229~
DTM*233*20211229~
DTM*050*20220110~
PER*CX**TE*8006240756~
AMT*AU*36~
SVC*HC>69209>50*36*2.95**1~
DTM*472*20211229~
CAS*CO*45*18.05~
CAS*PR*3*15~
REF*6R*H3XP0040029007-1~
AMT*B6*17.95~
LQ*HE*N59~
LX*3~
TS3*1407881055*22*20221231*2*265~
CLP*6315761*1*129*90.11*22.53*13*220110E131520000*22*1~
NM1*QC*1*GRIZZEL*BARBARA*A***MI*MEBPNPBH~
NM1*82*2*ADENA MEDICAL GROUP, LLC*****XX*1407881055~
REF*1L*467120-018~
REF*CE*GROUP MEDICARE STANDARD PLAN NET 03418~
DTM*232*20211220~
DTM*233*20211220~
DTM*050*20220110~
PER*CX**TE*8006240756~
AMT*AU*129~
SVC*HC>11402*129*90.11**1~
DTM*472*20211220~
CAS*CO*45*16.36~
CAS*PR*2*22.53~
REF*6R*H3XP0040029004-1~
AMT*B6*112.64~
LQ*HE*N59~
CLP*6308253*1*136*134.86**13*220110E131550000*22*1~
NM1*QC*1*RISNER*JOHN****MI*MEBM7WDW~
NM1*82*2*ADENA MEDICAL GROUP, LLC*****XX*1407881055~
REF*1L*455667-028~
REF*CE*HPRS PPO PLAN NET 03418~
DTM*232*20211220~
DTM*233*20211220~
DTM*050*20220110~
PER*CX**TE*8006240756~
AMT*AU*136~
SVC*HC>99204*136*134.86**1~
DTM*472*20211220~
CAS*CO*45*1.14~
REF*6R*H3XP0040029005-1~
AMT*B6*134.86~
LQ*HE*N59~
LX*4~
TS3*1629627294*20*20221231*1*404~
CLP*6322461*1*404*143.49**13*220114E036200000*20*1~
NM1*QC*1*KINNAMON*VICKI*S***MI*MEBT170N~
NM1*82*2*ADENA MEDICAL GROUP, LLC*****XX*1629627294~
REF*1L*455716-057~
REF*CE*STRS PPO PLAN NET 03418~
DTM*232*20211229~
DTM*233*20211229~
DTM*050*20220114~
PER*CX**TE*8006240756~
AMT*AU*404~
SVC*HC>99213>25>CS*194*75.65**1~
DTM*472*20211229~
CAS*CO*45*118.35~
REF*6R*H3XP0040085159-1~
AMT*B6*75.65~
LQ*HE*N59~
SVC*HC>87880>QW*56*16.53**1~
DTM*472*20211229~
CAS*CO*45*39.47~
REF*6R*H3XP0040085159-2~
AMT*B6*16.53~
LQ*HE*N59~
SVC*HC>87635>QW*154*51.31**1~
DTM*472*20211229~
CAS*CO*45*102.69~
REF*6R*H3XP0040085159-3~
AMT*B6*51.31~
LQ*HE*N59~
LX*5~
TS3*1750512349*22*20221231*1*194~
CLP*6321706*1*194*66.7**13*220110E221430000*22*1~
NM1*QC*1*ELY*TED*C***MI*MEBVV9RL~
NM1*82*2*ADENA MEDICAL GROUP, LLC*****XX*1750512349~
REF*1L*455716-057~
REF*CE*STRS PPO PLAN NET 03418~
DTM*232*20211229~
DTM*233*20211229~
DTM*050*20220110~
PER*CX**TE*8006240756~
AMT*AU*194~
SVC*HC>99213*194*66.7**1~
DTM*472*20211229~
CAS*CO*45*127.3~
REF*6R*H3XP0040029008-1~
AMT*B6*66.7~
LQ*HE*N59~
LX*6~
TS3*1851342653*22*20221231*1*256~
CLP*6342362*1*256*82.9**13*220113E165180000*22*1~
NM1*QC*1*PHILLIPS*JANET*L***MI*MEBT934P~
NM1*82*2*ADENA MEDICAL GROUP, LLC*****XX*1851342653~
REF*1L*467095-010~
REF*CE*VALUE PPO NET 03418~
DTM*232*20211201~
DTM*233*20211201~
DTM*050*20220113~
PER*CX**TE*8006240756~
AMT*AU*256~
SVC*HC>99203*256*82.9**1~
DTM*472*20211201~
CAS*CO*45*173.1~
REF*6R*H3XP0040070633-1~
AMT*B6*82.9~
LQ*HE*N59~
LX*7~
TS3*1851602544*22*20221231*1*2172~
CLP*6326915*1*2172*546.64*28.78*13*220110E251240000*22*1~
NM1*QC*1*GRAHAM*GEORGE*D***MI*MEBPNYPX~
NM1*82*2*ADENA MEDICAL GROUP, LLC*****XX*1851602544~
REF*1L*467119-545~
REF*CE*GROUP MEDICARE SELECT PLAN NET 03418~
DTM*232*20211230~
DTM*233*20211230~
DTM*050*20220110~
PER*CX**TE*8006240756~
AMT*AU*2172~
SVC*HC>26055>F3*1086*273.32**1~
DTM*472*20211230~
CAS*CO*45*798.29~
CAS*PR*2*14.39~
REF*6R*H3XP0040031163-1~
AMT*B6*287.71~
LQ*HE*N59~
SVC*HC>26055>F2*1086*273.32**1~
DTM*472*20211230~
CAS*CO*45*798.29~
CAS*PR*2*14.39~
REF*6R*H3XP0040031163-2~
AMT*B6*287.71~
LQ*HE*N59~
LX*8~
TS3*1902821366*22*20221231*1*145~
CLP*6331573*1*145*53.66*2.82*13*220110E191230000*22*1~
NM1*QC*1*LARGE*NINA*K***MI*MEBS4JCL~
NM1*82*2*ADENA MEDICAL GROUP, LLC*****XX*1902821366~
REF*1L*467119-545~
REF*CE*GROUP MEDICARE SELECT PLAN NET 03418~
DTM*232*20211228~
DTM*233*20211228~
DTM*050*20220110~
PER*CX**TE*8006240756~
AMT*AU*145~
SVC*HC>95816>26*145*53.66**1~
DTM*472*20211228~
CAS*CO*45*88.52~
CAS*PR*2*2.82~
REF*6R*H3XP0040031159-1~
AMT*B6*56.48~
LQ*HE*N59~
SE*200*1062~
ST*835*1063~
BPR*I*878.12*C*ACH*CCP*01*031100209*DA*0038865237*1066033492**01*041000124*DA*4245708689*20220121~
TRN*1*160118220260423*1066033492~
REF*EV*XXXXXXXXXXXXXXXXXXXXXXXXXXXXXX~
DTM*405*20220119~
N1*PR*AETNA~
N3*151 FARMINGTON AVENUE~
N4*HARTFORD*CT*06156~
REF*2U*60054~
PER*BL*Provider Service~
N1*PE*ADENA MEDICAL GROUP, LLC*XX*1235468083~
N3*PO BOX 932024~
N4*CLEVELAND*OH*441930007~
REF*PQ*745761250~
REF*TJ*271370967~
LX*1~
TS3*1578511952*65*20221231*3*1920~
CLP*6353685*1*641*292.81**13*220114E011300000*65*1~
NM1*QC*1*BARLAGE*HENRY*L**SR*MI*MEBPNPZJ~
NM1*82*2*ADENA MEDICAL GROUP, LLC*****XX*1578511952~
REF*1L*467120-120~
REF*CE*GROUP MEDICARE STANDARD PLAN NET 03418~
DTM*232*20211227~
DTM*233*20211227~
DTM*050*20220114~
PER*CX**TE*8006240756~
AMT*AU*641~
SVC*HC>90961*641*292.81**1~
DTM*472*20211227~
CAS*CO*45*348.19~
REF*6R*H3XP0040085157-1~
AMT*B6*292.81~
LQ*HE*N59~
CLP*6354089*1*641*292.81**13*220114E011310000*65*1~
NM1*QC*1*GILBERT*AMOS*L***MI*MEBQJRFZ~
NM1*82*2*ADENA MEDICAL GROUP, LLC*****XX*1578511952~
REF*1L*466235-007~
REF*CE*SERS PPO PLAN NET 03418~
DTM*232*20211229~
DTM*233*20211229~
DTM*050*20220114~
PER*CX**TE*8006240756~
AMT*AU*641~
SVC*HC>90961>95*641*292.81**1~
DTM*472*20211229~
CAS*CO*45*348.19~
REF*6R*H3XP0040085160-1~
AMT*B6*292.81~
LQ*HE*N59~
CLP*6353690*1*638*292.5**13*220114E111780000*65*1~
NM1*QC*1*BENNETT*BARBARA*A***MI*MEBL974M~
NM1*82*2*ADENA MEDICAL GROUP, LLC*****XX*1578511952~
REF*1L*466235-007~
REF*CE*SERS PPO PLAN NET 03418~
DTM*232*20211220~
DTM*233*20211220~
DTM*050*20220114~
PER*CX**TE*8006240756~
AMT*AU*638~
SVC*HC>90966*638*292.5**1~
DTM*472*20211220~
CAS*CO*45*345.5~
REF*6R*H3XP0040085154-1~
AMT*B6*292.5~
LQ*HE*N59~
SE*66*1063~
ST*835*1065~
BPR*I*135.49*C*ACH*CCP*01*031100209*DA*0038865237*1066033492**01*041000124*DA*4245708689*20220121~
TRN*1*160118220243609*1066033492~
REF*EV*XXXXXXXXXXXXXXXXXXXXXXXXXXXXXX~
DTM*405*20220119~
N1*PR*AETNA~
N3*151 FARMINGTON AVENUE~
N4*HARTFORD*CT*06156~
REF*2U*60054~
PER*BL*Provider Service~
N1*PE*ADENA HOME INFUSION DME AND RES*XX*1861786303~
N3*PO BOX 932622~
N4*CLEVELAND*OH*441930014~
REF*PQ*171552910~
REF*TJ*273752854~
LX*1~
TS3*1861786303*12*20221231*3*1344.6~
CLP*I110117S19925*1*448.2*135.49*33.87*13*220114E384040000*12*1~
NM1*QC*1*BEDELL*GORDON****MI*MEBVVS2M~
NM1*82*2*ADENA HOME INFUSION DME AND RES*****XX*1861786303~
REF*1L*467480-016~
REF*CE*PREMIER PLUS PPO NET 03418~
DTM*232*20211021~
DTM*233*20211021~
DTM*050*20220114~
PER*CX**TE*8006240756~
AMT*AU*448.2~
SVC*HC>E1390>RR>KX*350*114.95**1~
DTM*472*20211021~
CAS*CO*45*206.31~
CAS*PR*2*28.74~
REF*6R*229359~
AMT*B6*143.69~
LQ*HE*N6~
SVC*HC>E0431>RR>KX*98.2*20.54**1~
DTM*472*20211021~
CAS*CO*45*72.53~
CAS*PR*2*5.13~
REF*6R*229357~
AMT*B6*25.67~
LQ*HE*N6~
CLP*I66082S11605*1*448.2*0**13*220114E463160000*12*1~
NM1*QC*1*HAYES*CHRISTY*LYNN***MI*MEBLKV0L~
NM1*82*2*ADENA HOME INFUSION DME AND RES*****XX*1861786303~
REF*1L*466742-005~
REF*CE*MEDICARE (C04) PPO PLAN~
DTM*232*20210111~
DTM*233*20210111~
DTM*050*20220114~
PER*CX**TE*8006240756~
SVC*HC>E1390>RR>KX*350*0**0**1~
DTM*472*20210111~
CAS*CO*29*350*1~
REF*6R*137585~
SVC*HC>E0431>RR>KX*98.2*0**0**1~
DTM*472*20210111~
CAS*CO*29*98.2*1~
REF*6R*137583~
CLP*I63345S11605*1*448.2*0**13*220114E500300000*12*1~
NM1*QC*1*HAYES*CHRISTY*LYNN***MI*MEBLKV0L~
NM1*82*2*ADENA HOME INFUSION DME AND RES*****XX*1861786303~
REF*1L*466742-005~
REF*CE*MEDICARE (C04) PPO PLAN~
DTM*232*20201211~
DTM*233*20201211~
DTM*050*20220114~
PER*CX**TE*8006240756~
SVC*HC>E1390>RR>KX*350*0**0**1~
DTM*472*20201211~
CAS*CO*29*350*1~
REF*6R*130810~
SVC*HC>E0431>RR>KX*98.2*0**0**1~
DTM*472*20201211~
CAS*CO*29*98.2*1~
REF*6R*130808~
SE*76*1065~
ST*835*1684~
BPR*I*66.7*C*ACH*CCP*01*031100209*DA*0038865237*1066033492**01*041000124*DA*4245708689*20220121~
TRN*1*160118220268525*1066033492~
REF*EV*XXXXXXXXXXXXXXXXXXXXXXXXXXXXXX~
DTM*405*20220119~
N1*PR*AETNA~
N3*151 FARMINGTON AVENUE~
N4*HARTFORD*CT*06156~
REF*2U*60054~
PER*BL*Provider Service~
N1*PE*ADENA MEDICAL GROUP, LLC*XX*1235468083~
N3*PO BOX 932024~
N4*CLEVELAND*OH*441930007~
REF*PQ*745761250~
REF*TJ*271370967~
LX*1~
TS3*1184990368*19*20221231*1*70~
CLP*6328654*1*70*66.7**13*220117E184930000*19*1~
NM1*QC*1*REYNOLDS*GORDON*E***MI*MEBHGH8Q~
NM1*82*2*ADENA MEDICAL GROUP, LLC*****XX*1184990368~
REF*1L*455716-059~
REF*CE*STRS PPO PLAN NET 03418~
DTM*232*20211231~
DTM*233*20211231~
DTM*050*20220117~
PER*CX**TE*8006240756~
AMT*AU*70~
SVC*HC>99213*70*66.7**1~
DTM*472*20211231~
CAS*CO*45*3.3~
REF*6R*H3XP0040100030-1~
AMT*B6*66.7~
LQ*HE*N59~
SE*34*1684~
ST*835*1685~
BPR*I*411.14*C*ACH*CCP*01*031100209*DA*0038865237*1066033492**01*041000124*DA*4245708689*20220121~
TRN*1*160118220273267*1066033492~
REF*EV*XXXXXXXXXXXXXXXXXXXXXXXXXXXXXX~
DTM*405*20220119~
N1*PR*AETNA~
N3*151 FARMINGTON AVENUE~
N4*HARTFORD*CT*06156~
REF*2U*60054~
PER*BL*Provider Service~
N1*PE*ADENA MEDICAL GROUP, LLC*XX*1235468083~
N3*P.O. BOX 932024~
N4*CLEVELAND*OH*441930007~
REF*PQ*745761250~
REF*TJ*271370967~
LX*1~
TS3*1205813763*22*20221231*1*481~
CLP*6287494*1*481*164.73**13*220117E205280000*22*1~
NM1*QC*1*JACKSON*ZELMA*B***MI*MEBHN0KM~
NM1*82*2*ADENA MEDICAL GROUP, LLC*****XX*1205813763~
REF*1L*466235-007~
REF*CE*SERS PPO PLAN NET 03418~
DTM*232*20211209~
DTM*233*20211209~
DTM*050*20220117~
PER*CX**TE*8006240756~
AMT*AU*481~
SVC*HC>43248*481*164.73**1~
DTM*472*20211209~
CAS*CO*45*316.27~
REF*6R*H3XP0040100023-1~
AMT*B6*164.73~
LQ*HE*N59~
LX*2~
TS3*1659458156*22*20221231*1*494~
CLP*6357103*1*494*29.96*1.25*13*220117E205270000*22*1~
NM1*QC*1*CRYDER*DAN*D***MI*MEBLJP9W~
NM1*82*2*ADENA MEDICAL GROUP, LLC*****XX*1659458156~
REF*1L*455716-057~
REF*CE*STRS PPO PLAN NET 03418~
DTM*232*20211129~
DTM*233*20211129~
DTM*050*20220117~
PER*CX**TE*8006240756~
AMT*AU*494~
SVC*HC>94729>26*28*8.56**1~
DTM*472*20211129~
CAS*CO*45*19.08~
CAS*PR*2*.36~
REF*6R*H3XP0040102656-2~
AMT*B6*8.92~
LQ*HE*N59~
SVC*HC>94726>26*37*11.52**1~
DTM*472*20211129~
CAS*CO*45*25~
CAS*PR*2*.48~
REF*6R*H3XP0040102656-1~
AMT*B6*12~
LQ*HE*N59~
SVC*HC>94060>26*429*9.88**1~
DTM*472*20211129~
CAS*CO*45*418.71~
CAS*PR*2*.41~
REF*6R*H3XP0040102656-3~
AMT*B6*10.29~
LQ*HE*N59~
LX*3~
TS3*1871852285*21*20221231*2*309~
CLP*6354255*1*127*59.91**13*220117E142080001*21*1~
NM1*QC*1*GOODMAN*DARREL*E***MI*MEBTK0GF~
NM1*82*2*ADENA MEDICAL GROUP, LLC*****XX*1871852285~
REF*G1*2946496~
REF*1L*467478-107~
REF*CE*WEST ADV PLAN 125 NET 03418~
DTM*232*20211227~
DTM*233*20211227~
DTM*050*20220117~
PER*CX**TE*8006240756~
AMT*AU*127~
SVC*HC>99232>CS*127*59.91**1~
DTM*472*20211227~
CAS*CO*45*67.09~
REF*6R*H3XP0040100029-1~
AMT*B6*59.91~
LQ*HE*N59~
CLP*6354251*1*182*86.06**13*220117E184920001*21*1~
NM1*QC*1*GOODMAN*DARREL*E***MI*MEBTK0GF~
NM1*82*2*ADENA MEDICAL GROUP, LLC*****XX*1871852285~
REF*G1*2946496~
REF*1L*467478-107~
REF*CE*WEST ADV PLAN 125 NET 03418~
DTM*232*20211225~
DTM*233*20211225~
DTM*050*20220117~
PER*CX**TE*8006240756~
AMT*AU*182~
SVC*HC>99233>CS*182*86.06**1~
DTM*472*20211225~
CAS*CO*45*95.94~
REF*6R*H3XP0040100028-1~
AMT*B6*86.06~
LQ*HE*N59~
LX*4~
TS3*1891194957*21*20221231*1*127~
CLP*6354246*1*127*70.48**13*220117E163300000*21*1~
NM1*QC*1*GOODMAN*DARREL*E***MI*MEBTK0GF~
NM1*82*2*ADENA MEDICAL GROUP, LLC*****XX*1891194957~
REF*G1*2946496~
REF*1L*467478-107~
REF*CE*WEST ADV PLAN 125 NET 03418~
DTM*232*20211223~
DTM*233*20211223~
DTM*050*20220117~
PER*CX**TE*8006240756~
AMT*AU*127~
SVC*HC>99232>25>CS*127*70.48**1~
DTM*472*20211223~
CAS*CO*45*56.52~
REF*6R*H3XP0040100027-1~
AMT*B6*70.48~
LQ*HE*N59~
SE*122*1685~
ST*835*1686~
BPR*I*181.38*C*ACH*CCP*01*031100209*DA*0038865237*1066033492**01*041000124*DA*4245708689*20220121~
TRN*1*160118220274680*1066033492~
REF*EV*XXXXXXXXXXXXXXXXXXXXXXXXXXXXXX~
DTM*405*20220119~
N1*PR*AETNA~
N3*151 FARMINGTON AVENUE~
N4*HARTFORD*CT*06156~
REF*2U*60054~
PER*BL*Provider Service~
N1*PE*ADENA MEDICAL GROUP, LLC*XX*1235468083~
N3*PO BOX 932024~
N4*CLEVELAND*OH*441930007~
REF*PQ*745761250~
REF*TJ*271370967~
LX*1~
TS3*1104473115*20*20221231*1*348~
CLP*6328956*1*348*111.96*15*13*220117E163310000*20*1~
NM1*QC*1*PONTIUS*SHARON*E***MI*MEBGG9MX~
NM1*82*2*ADENA MEDICAL GROUP, LLC*****XX*1104473115~
REF*1L*455717-051~
REF*CE*STRS PPO PLAN NET 03418~
DTM*232*20211231~
DTM*233*20211231~
DTM*050*20220117~
PER*CX**TE*8006240756~
AMT*AU*348~
SVC*HC>99213*194*60.65**1~
DTM*472*20211231~
CAS*CO*45*118.35~
CAS*PR*3*15~
REF*6R*H3XP0040100031-1~
AMT*B6*75.65~
LQ*HE*N59~
SVC*HC>87635>QW*154*51.31**1~
DTM*472*20211231~
CAS*CO*45*102.69~
REF*6R*H3XP0040100031-2~
AMT*B6*51.31~
LQ*HE*N59~
LX*2~
TS3*1992944433*22*20221231*1*229~
CLP*6357347*1*229*69.42**13*220117E142070000*22*1~
NM1*QC*1*CONKEL*PATRICIA*A***MI*MEBD9GVZ~
NM1*82*2*ADENA MEDICAL GROUP, LLC*****XX*1992944433~
REF*1L*466235-007~
REF*CE*SERS PPO PLAN NET 03418~
DTM*232*20211112~
DTM*233*20211112~
DTM*050*20220117~
PER*CX**TE*8006240756~
AMT*AU*229~
SVC*HC>93306>26*229*69.42**1~
DTM*472*20211112~
CAS*CO*45*159.58~
REF*6R*H3XP0040100021-1~
AMT*B6*69.42~
LQ*HE*N59~
SE*59*1686~
ST*835*1687~
BPR*I*252.52*C*ACH*CCP*01*031100209*DA*0038865237*1066033492**01*041000124*DA*4245708689*20220121~
TRN*1*160118220275641*1066033492~
REF*EV*XXXXXXXXXXXXXXXXXXXXXXXXXXXXXX~
DTM*405*20220119~
N1*PR*AETNA~
N3*151 FARMINGTON AVENUE~
N4*HARTFORD*CT*06156~
REF*2U*60054~
PER*BL*Provider Service~
N1*PE*ADENA MEDICAL GROUP, LLC*XX*1235468083~
N3*PO BOX 932024~
N4*CLEVELAND*OH*441930007~
REF*PQ*745761250~
REF*TJ*271370967~
LX*1~
TS3*1699155234*22*20221231*1*1297~
CLP*6285038*1*1297*252.52**13*220117E205290000*22*1~
NM1*QC*1*TEETS*WERTIE*E***MI*MEBTK36D~
NM1*82*2*ADENA MEDICAL GROUP, LLC*****XX*1699155234~
REF*1L*467478-107~
REF*CE*WEST ADV PLAN 125 NET 03418~
DTM*232*20211213~
DTM*233*20211213~
DTM*050*20220117~
PER*CX**TE*8006240756~
AMT*AU*1297~
SVC*HC>45385>33*1297*252.52**1~
DTM*472*20211213~
CAS*CO*45*1044.48~
REF*6R*H3XP0040100026-1~
AMT*B6*252.52~
LQ*HE*N59~
SE*34*1687~
GE*11*1~
IEA*1*100358959~
