ISA*00*          *00*          *ZZ*133052274      *ZZ*XXXXXXXXXXXXXXX*220119*0250*^*00501*100358959*0*P*>~
GS*HP*133052274*XX*20220119*0250*1*X*005010X221A1~
ST*835*0835~
BPR*I*11821.47*C*ACH*CCP*01*011900445*DA*0000009046*1066033492**01*041200050*DA*80250500*20220124~
TRN*1*822019000348961*1066033492~
REF*EV*XXXXXXXXXXXXXXXXXXXXXXXXXXXXXX~
DTM*405*20220119~
N1*PR*AETNA~
N3*151 FARMINGTON AVENUE~
N4*HARTFORD*CT*06156~
REF*2U*60054~
PER*BL*Provider Service~
N1*PE*THE TOLEDO HOSPITAL*XX*1407854771~
N3*PO BOX 630253~
N4*CINCINNATI*OH*452630253~
REF*PQ*000615152~
REF*TJ*344428256~
LX*1~
TS3*1215933155*11*20221231*1*1244~
CLP*P215549800*1*1244*0*1244*13*E8PCTSQFJ0000*11*1~
NM1*QC*1*HOLLINGSWORTH*DELILAH~
NM1*IL*1*HOLLINGSWORTH*MICHAEL****MI*W268889078~
NM1*82*1*JAARA*ZIAD****XX*1407854771~
REF*1L*0868404-012-00001- A~
REF*CE*Aetna Choice  POS II NET 00414~
DTM*232*20211116~
DTM*233*20211116~
DTM*050*20211129~
PER*CX**TE*8886323862~
AMT*AU*1244~
SVC*HC>99392>25*223*0**0**1~
DTM*472*20211116~
CAS*PR*227*223*1~
REF*6R*XPPB0100251279-1~
AMT*B6*223~
LQ*HE*MA04~
LQ*HE*N179~
SVC*HC>99177>59*43*0**0**1~
DTM*472*20211116~
CAS*PR*227*43*1~
REF*6R*XPPB0100251279-3~
AMT*B6*43~
LQ*HE*MA04~
LQ*HE*N179~
SVC*HC>96110*978*0**0**1~
DTM*472*20211116~
CAS*PR*227*978*1~
REF*6R*XPPB0100251279-2~
AMT*B6*978~
LQ*HE*MA04~
LQ*HE*N179~
LX*2~
TS3*1407854771*11*20221231*32*69405.6~
CLP*QMC187014*1*2012.6*1569.83**13*EAACWJ80K0000*13*1~
NM1*QC*1*DAVIS*GROVER***JR*MI*W049466181~
NM1*82*2*PROMEDICA TOLEDO HOSPITAL*****XX*1407854771~
REF*1L*0701389-010-00099-AC~
REF*CE*Aetna Choice  POS II NET 00414~
DTM*232*20211205~
DTM*233*20211205~
DTM*050*20211221~
PER*CX**TE*8886323862~
AMT*AU*2012.6~
SVC*HC>A0428>QN>HR*1829*1426.62*0540*1*HC>A0428>HR>QN~
DTM*472*20211205~
CAS*CO*45*402.38~
REF*6R*1001~
AMT*B6*1426.62~
SVC*HC>A0425>QN>HR*183.6*143.21*0540*2*HC>A0425>HR>QN*0~
DTM*472*20211205~
CAS*CO*45*40.39~
REF*6R*1002~
AMT*B6*143.21~
CLP*H315441096700*1*520*0**12*EBPCWZZVM0000*13*1~
NM1*QC*1*NAFZIGER*PETER*J***MI*ZZ0449743~
NM1*74*1******C*W250101199~
NM1*82*2*PROMEDICA TOLEDO HOSPITAL*****XX*1407854771~
REF*1L*0863970-010-00100-PP~
REF*CE*Open Choice~
DTM*232*20220102~
DTM*233*20220102~
DTM*050*20220117~
PER*CX**TE*8004140596~
AMT*AU*520~
SVC*HC>U0003>CS*420*0*0300*0**1~
DTM*472*20220102~
CAS*PI*242*420*1~
REF*6R*PMXP0101726141-1~
AMT*B6*420~
LQ*HE*N130~
SVC*HC>U0005*100*0*0300*0**1~
DTM*472*20220102~
CAS*PI*242*100*1~
REF*6R*PMXP0101726141-2~
AMT*B6*100~
LQ*HE*N130~
CLP*H315289336300*1*562*0*562*13*EC36V4HY90000*13*1~
NM1*QC*1*REASTER*AMY*L~
NM1*IL*1*REASTER*JASON*E***MI*W263017800~
NM1*82*2*PROMEDICA TOLEDO HOSPITAL*****XX*1407854771~
REF*1L*0141900-011-00001-HB~
REF*CE*Aetna Choice  POS II~
DTM*232*20211123~
DTM*233*20211123~
DTM*050*20211129~
PER*CX**TE*8886323862~
AMT*AU*562~
SVC*HC>77063*56*0*0403*0**1~
DTM*472*20211123~
CAS*PR*227*56*1~
REF*6R*PMXP0100260949-1~
AMT*B6*56~
LQ*HE*MA04~
LQ*HE*N179~
SVC*HC>77067*506*0*0403*0**1~
DTM*472*20211123~
CAS*PR*227*506*1~
REF*6R*PMXP0100260949-2~
AMT*B6*506~
LQ*HE*MA04~
LQ*HE*N179~
CLP*H315337071300*1*237*0*237*13*EDY1V4H0G0000*13*1~
NM1*QC*1*METZGER*JANELLE*L~
NM1*IL*1*METZGER*MICHAEL*R***MI*W178670054~
NM1*82*2*PROMEDICA TOLEDO HOSPITAL*****XX*1407854771~
REF*1L*0839202-021-00001-AD~
REF*CE*Aetna HealthFund  Aetna Choice  POS II NET 00414~
DTM*232*20211115~
DTM*233*20211115~
DTM*050*20211129~
PER*CX**TE*8886323862~
AMT*AU*237~
SVC*HC>87480*79*0*0306*0**1~
DTM*472*20211115~
CAS*PR*227*79*1~
REF*6R*PMXP0100276682-1~
AMT*B6*79~
LQ*HE*MA04~
LQ*HE*N179~
SVC*HC>87510*79*0*0306*0**1~
DTM*472*20211115~
CAS*PR*227*79*1~
REF*6R*PMXP0100276682-2~
AMT*B6*79~
LQ*HE*MA04~
LQ*HE*N179~
SVC*HC>87660*79*0*0306*0**1~
DTM*472*20211115~
CAS*PR*227*79*1~
REF*6R*PMXP0100276682-3~
AMT*B6*79~
LQ*HE*MA04~
LQ*HE*N179~
CLP*H315317515300*1*1744*0**13*EFPCV7HLX0000*13*1~
NM1*QC*1*CAMERON*MADDOX*C~
NM1*IL*1*BLOOMHEART*DEVIN****MI*W232669630~
NM1*82*2*PROMEDICA TOLEDO HOSPITAL*****XX*1407854771~
REF*1L*0868311-025-00105- A~
REF*CE*Aetna Choice  POS II NET 00414~
DTM*232*20211124~
DTM*233*20211124~
DTM*050*20211129~
PER*CX**TE*8886323862~
AMT*AU*1744~
SVC*HC>95816*1744*0*0740*0**1~
DTM*472*20211124~
CAS*CO*226*1744*1~
REF*6R*PMXP0100268023-1~
AMT*B6*1744~
LQ*HE*N517~
CLP*H315461732600*1*4800*0**12*EHPCWZK6N0000*13*1~
NM1*QC*1*DUNCAN*JANIE*L~
NM1*IL*1*DUNN*ANGELICA****MI*014410640~
NM1*74*1*DUNCAN*****C*W259001025~
NM1*82*2*PROMEDICA TOLEDO HOSPITAL*****XX*1407854771~
REF*1L*0863970-010-00100-PP~
REF*CE*Open Choice~
DTM*232*20220109~
DTM*233*20220109~
DTM*050*20220117~
PER*CX**TE*8004140596~
AMT*AU*4800~
SVC*NU>0250*32*0**0**5~
DTM*472*20220109~
CAS*PI*242*32*5~
REF*6R*PMXP0101721167-1~
AMT*B6*32~
LQ*HE*N130~
SVC*HC>96361*278*0*0260*0**1~
DTM*472*20220109~
CAS*PI*242*278*1~
REF*6R*PMXP0101721167-2~
AMT*B6*278~
LQ*HE*N130~
SVC*HC>70450*720*0*0351*0**1~
DTM*472*20220109~
CAS*PI*242*720*1~
REF*6R*PMXP0101721167-3~
AMT*B6*720~
LQ*HE*N130~
SVC*HC>99283>25*1448*0*0450*0**1~
DTM*472*20220109~
CAS*PI*242*1448*1~
REF*6R*PMXP0101721167-4~
AMT*B6*1448~
LQ*HE*N130~
SVC*HC>96374*994*0*0761*0**1~
DTM*472*20220109~
CAS*PI*242*994*1~
REF*6R*PMXP0101721167-5~
AMT*B6*994~
LQ*HE*N130~
SVC*HC>96375*1328*0*0761*0**4~
DTM*472*20220109~
CAS*PI*242*1328*4~
REF*6R*PMXP0101721167-6~
AMT*B6*1328~
LQ*HE*N130~
CLP*H315324782402*1*1107*0**12*EJACV4PLF0001*11*1~
NM1*QC*1*FRY*JORDAN*S~
NM1*IL*1*FRY*JERRY****MI*W258745036~
NM1*82*2*PROMEDICA TOLEDO HOSPITAL*****XX*1407854771~
MIA*0****MA15~
REF*G1*060435510~
REF*1L*0146966-010-00701- D~
REF*CE*Aetna HealthFund  Open Access Aetna Sele NET 00633~
DTM*232*20211109~
DTM*233*20211112~
DTM*050*20211122~
PER*CX**TE*8886323862~
SVC*NU>0302*375*0**3~
DTM*150*20211109~
DTM*151*20211112~
CAS*CO*97*375~
REF*6R*PMXP0100069052-9~
LQ*HE*N20~
SVC*NU>0305*732*0**6~
DTM*150*20211109~
DTM*151*20211112~
CAS*CO*97*732~
REF*6R*PMXP0100069052-10~
LQ*HE*N20~
CLP*H315351004200*1*520*0**13*EJFCWRPPN0000*13*1~
NM1*QC*1*STRAYER*JACOB****MI*W243883618~
NM1*82*2*PROMEDICA TOLEDO HOSPITAL*****XX*1407854771~
REF*1L*0737539-011-00001-AA~
REF*CE*Aetna Choice  POS II NET 00414~
DTM*232*20211211~
DTM*233*20211211~
DTM*050*20211227~
PER*CX**TE*8886323862~
AMT*AU*520~
SVC*HC>U0003>CS*420*0*0300*0**1~
DTM*472*20211211~
CAS*CO*97*420*1~
REF*6R*PMXP0101096474-1~
AMT*B6*420~
SVC*HC>U0005*100*0*0300*0**1~
DTM*472*20211211~
CAS*CO*97*100*1~
REF*6R*PMXP0101096474-2~
AMT*B6*100~
CLP*H315356945300*1*101*0*101*13*EKJMV68V70000*13*1~
NM1*QC*1*PARQUETTE*MEGAN*A***MI*W259350854~
NM1*82*2*PROMEDICA TOLEDO HOSPITAL*****XX*1407854771~
REF*1L*0469677-027-00001-HU~
REF*CE*Aetna Choice  POS II NET 12290~
DTM*232*20211124~
DTM*233*20211124~
DTM*050*20211129~
PER*CX**TE*8886323862~
AMT*AU*101~
SVC*HC>80053*28*0*0300*0**1~
DTM*472*20211124~
CAS*PR*227*28*1~
REF*6R*PMXP0100268467-1~
AMT*B6*28~
LQ*HE*MA04~
LQ*HE*N179~
SVC*HC>86140*18*0*0302*0**1~
DTM*472*20211124~
CAS*PR*227*18*1~
REF*6R*PMXP0100268467-2~
AMT*B6*18~
LQ*HE*MA04~
LQ*HE*N179~
SVC*HC>85025*21*0*0305*0**1~
DTM*472*20211124~
CAS*PR*227*21*1~
REF*6R*PMXP0100268467-3~
AMT*B6*21~
LQ*HE*MA04~
LQ*HE*N179~
SVC*HC>85610*9*0*0305*0**1~
DTM*472*20211124~
CAS*PR*227*9*1~
REF*6R*PMXP0100268467-4~
AMT*B6*9~
LQ*HE*MA04~
LQ*HE*N179~
SVC*HC>85652*10*0*0305*0**1~
DTM*472*20211124~
CAS*PR*227*10*1~
REF*6R*PMXP0100268467-5~
AMT*B6*10~
LQ*HE*MA04~
LQ*HE*N179~
SVC*HC>85730*15*0*0305*0**1~
DTM*472*20211124~
CAS*PR*227*15*1~
REF*6R*PMXP0100268467-6~
AMT*B6*15~
LQ*HE*MA04~
LQ*HE*N179~
CLP*H314440124700*22*-535*-294.94**13*EMACLY72L0000*13*1~
NM1*QC*1*DOUGLAS*MARLENE*D***MI*W001501702~
NM1*82*2*PROMEDICA TOLEDO HOSPITAL*****XX*1407854771~
REF*1L*0469677-027-00001-HV~
REF*CE*Aetna Choice  POS II NET 00414~
DTM*232*20200910~
DTM*233*20200910~
DTM*050*20200915~
PER*CX**TE*8886323862~
SVC*HC>77067>52*-482*-241.94*0403*1~
DTM*472*20200910~
CAS*CO*45*-240.06~
REF*6R*PMXP0087896417-2~
SVC*HC>77063>52*-53*-53*0403*1~
DTM*472*20200910~
REF*6R*PMXP0087896417-1~
CLP*H314440124700*1*535*151.99**13*EMACLY72L0001*13*1~
NM1*QC*1*DOUGLAS*MARLENE*D***MI*W001501702~
NM1*82*2*PROMEDICA TOLEDO HOSPITAL*****XX*1407854771~
REF*1L*0469677-027-00001-HV~
REF*CE*Aetna Choice  POS II NET 00414~
REF*F8*EMACLY72L0000~
DTM*232*20200910~
DTM*233*20200910~
DTM*050*20200915~
PER*CX**TE*8886323862~
AMT*AU*535~
SVC*HC>77067>52*482*120.97*0403*1~
DTM*472*20200910~
CAS*CO*45*361.03~
REF*6R*PMXP0087896417-2~
AMT*B6*120.97~
SVC*HC>77063>52*53*31.02*0403*1~
DTM*472*20200910~
CAS*CO*45*21.98~
REF*6R*PMXP0087896417-1~
AMT*B6*31.02~
CLP*H315469880400*1*1198*0**12*EMTXW2NPP0000*13*1~
NM1*QC*1*HARMON*JOHN*P***MI*940423154~
NM1*74*1******C*W250243362~
NM1*82*2*PROMEDICA TOLEDO HOSPITAL*****XX*1407854771~
REF*1L*0863970-040-00200-PQ~
REF*CE*Open Choice~
DTM*232*20220111~
DTM*233*20220111~
DTM*050*20220117~
PER*CX**TE*8004140596~
AMT*AU*1198~
SVC*HC>72148*1198*0*0612*0**1~
DTM*472*20220111~
CAS*PI*242*1198*1~
REF*6R*PMXP0101721495-1~
AMT*B6*1198~
LQ*HE*N130~
CLP*H314967799100*22*-67080.64*-6181.5**13*EM36SMX8K0002*13*1~
NM1*QC*1*BANKS*SHEVONNE*R***MI*W200951951~
NM1*82*2*PROMEDICA TOLEDO HOSPITAL*****XX*1407854771~
MOA***MA15~
REF*G1*059239702~
REF*1L*0469677-027-00001-HV~
REF*CE*Aetna Choice  POS II NET 00414~
DTM*232*20210625~
DTM*233*20210626~
DTM*050*20210708~
PER*CX**TE*8886323862~
SVC*HC>22853*-14303.33*-797.5*0360*1~
DTM*472*20210625~
CAS*CO*45*-13505.83~
REF*6R*PMXP0096116937-15~
SVC*HC>22551*-13443.33*-5384*0360*1~
DTM*472*20210625~
CAS*CO*45*-8059.33~
REF*6R*PMXP0096116937-14~
SVC*HC>20930*-12930.34*0*0360*0**1~
DTM*472*20210625~
CAS*CO*97*-12930.34*2~
REF*6R*PMXP0096116937-13~
LQ*HE*N19~
LQ*HE*N20~
SVC*HC>C1821*-9000*0*0278*0**1~
DTM*472*20210625~
CAS*CO*56*-9000*1~
REF*6R*PMXP0096116937-11~
LQ*HE*N20~
LQ*HE*N563~
SVC*HC>C1762*-1805.06*0*0278*1~
DTM*472*20210625~
CAS*CO*97*-1805.06~
REF*6R*PMXP0096116937-10~
LQ*HE*N20~
SVC*HC>C1713*-1500*0*0278*2~
DTM*472*20210625~
CAS*CO*97*-1500~
REF*6R*PMXP0096116937-9~
LQ*HE*N20~
SVC*HC>99219>25*-4334*0*0762*11~
DTM*472*20210626~
CAS*CO*97*-4334~
REF*6R*PMXP0096116937-24~
LQ*HE*N20~
SVC*HC>99219>25*-3152*0*0762*8~
DTM*472*20210625~
CAS*CO*97*-3152~
REF*6R*PMXP0096116937-23~
LQ*HE*N20~
SVC*NU>0250*-126*0**10~
DTM*472*20210626~
CAS*CO*97*-126~
REF*6R*PMXP0096116937-2~
LQ*HE*N20~
SVC*NU>0250*-754*0**27~
DTM*472*20210625~
CAS*CO*97*-754~
REF*6R*PMXP0096116937-1~
LQ*HE*N20~
SVC*HC>97161>GP*-399*0*0424*0**1~
DTM*472*20210626~
CAS*CO*151*-399*1~
REF*6R*PMXP0096116937-18~
LQ*HE*N20~
LQ*HE*N362~
SVC*HC>97530>GP*-166*0*0421*1*HC>97116>GP>59~
DTM*472*20210626~
CAS*CO*97*-166~
REF*6R*PMXP0096116937-16~
LQ*HE*N20~
SVC*HC>97530>GP*-190*0*0421*1~
DTM*472*20210626~
CAS*CO*97*-190~
REF*6R*PMXP0096116937-17~
LQ*HE*N20~
SVC*HC>96376*-458*0*0761*2~
DTM*472*20210626~
CAS*CO*97*-458~
REF*6R*PMXP0096116937-22~
LQ*HE*N20~
SVC*HC>96375>59*-310*0*0761*0**1~
DTM*472*20210625~
CAS*PI*B15*-310*1~
REF*6R*PMXP0096116937-21~
LQ*HE*N20~
SVC*HC>C1729*-24.71*0*0272*0**1~
DTM*472*20210625~
CAS*CO*97*-24.71*2~
REF*6R*PMXP0096116937-8~
LQ*HE*N19~
LQ*HE*N20~
SVC*NU>0272*-978.87*0**2~
DTM*472*20210625~
CAS*CO*97*-978.87~
REF*6R*PMXP0096116937-7~
LQ*HE*N20~
SVC*NU>0710*-3206*0**7~
DTM*472*20210625~
CAS*CO*97*-3206~
REF*6R*PMXP0096116937-20~
LQ*HE*N20~
CLP*H314967799100*1*66745.93*6979**13*EM36SMX8K0003*13*1~
NM1*QC*1*BANKS*SHEVONNE*R***MI*W200951951~
NM1*82*2*PROMEDICA TOLEDO HOSPITAL*****XX*1407854771~
MOA***MA15~
REF*G1*059239702~
REF*1L*0469677-027-00001-HV~
REF*CE*Aetna Choice  POS II NET 00414~
REF*F8*EM36SMX8K0002~
DTM*232*20210625~
DTM*233*20210626~
DTM*050*20210708~
PER*CX**TE*8886323862~
AMT*AU*27746.66~
SVC*HC>22853*14303.33*1595*0360*1~
DTM*472*20210625~
CAS*CO*45*12708.33~
REF*6R*PMXP0096116937-15~
AMT*B6*1595~
SVC*HC>22551*13443.33*5384*0360*1~
DTM*472*20210625~
CAS*CO*45*8059.33~
REF*6R*PMXP0096116937-14~
AMT*B6*5384~
SVC*HC>20930*12930.34*0*0360*0**1~
DTM*472*20210625~
CAS*CO*97*12930.34*2~
REF*6R*PMXP0096116937-13~
LQ*HE*N19~
LQ*HE*N20~
SVC*HC>C1821*9000*0*0278*0**1~
DTM*472*20210625~
CAS*CO*56*9000*1~
REF*6R*PMXP0096116937-11~
LQ*HE*N20~
LQ*HE*N563~
SVC*HC>C1762*1805.06*0*0278*1~
DTM*472*20210625~
CAS*CO*97*1805.06~
REF*6R*PMXP0096116937-10~
LQ*HE*N20~
SVC*HC>C1713*1500*0*0278*2~
DTM*472*20210625~
CAS*CO*97*1500~
REF*6R*PMXP0096116937-9~
LQ*HE*N20~
SVC*HC>99219>25*4334*0*0762*11~
DTM*472*20210626~
CAS*CO*97*4334~
REF*6R*PMXP0096116937-24~
LQ*HE*N20~
SVC*HC>99219>25*3152*0*0762*8~
DTM*472*20210625~
CAS*CO*97*3152~
REF*6R*PMXP0096116937-23~
LQ*HE*N20~
SVC*NU>0250*126*0**10~
DTM*472*20210626~
CAS*CO*97*126~
REF*6R*PMXP0096116937-2~
LQ*HE*N20~
SVC*NU>0250*754*0**27~
DTM*472*20210625~
CAS*CO*97*754~
REF*6R*PMXP0096116937-1~
LQ*HE*N20~
SVC*HC>97161>GP*399*0*0424*0**1~
DTM*472*20210626~
CAS*CO*151*399*1~
REF*6R*PMXP0096116937-18~
LQ*HE*N20~
LQ*HE*N362~
SVC*HC>97530>GP*166*0*0421*1*HC>97116>GP>59~
DTM*472*20210626~
CAS*CO*97*166~
REF*6R*PMXP0096116937-16~
LQ*HE*N20~
SVC*HC>97530>GP*190*0*0421*1~
DTM*472*20210626~
CAS*CO*97*190~
REF*6R*PMXP0096116937-17~
LQ*HE*N20~
SVC*HC>96376*458*0*0761*2~
DTM*472*20210626~
CAS*CO*97*458~
REF*6R*PMXP0096116937-22~
LQ*HE*N20~
SVC*NU>0272*978.87*0**2~
DTM*472*20210625~
CAS*CO*97*978.87~
REF*6R*PMXP0096116937-7~
LQ*HE*N20~
SVC*NU>0710*3206*0**7~
DTM*472*20210625~
CAS*CO*97*3206~
REF*6R*PMXP0096116937-20~
LQ*HE*N20~
CLP*H314967799100*1*334.71*0**13*EM36SMX8K0004*13*1~
NM1*QC*1*BANKS*SHEVONNE*R***MI*W200951951~
NM1*82*2*PROMEDICA TOLEDO HOSPITAL*****XX*1407854771~
MOA***MA15~
REF*1L*0469677-027-00001-HV~
REF*CE*Aetna Choice  POS II NET 00414~
DTM*232*20210625~
DTM*233*20210625~
DTM*050*20210708~
PER*CX**TE*8886323862~
AMT*AU*334.71~
SVC*HC>96375>59*310*0*0761*0**1~
DTM*472*20210625~
CAS*PI*B15*310*1~
REF*6R*PMXP0096116937-21~
AMT*B6*310~
SVC*HC>C1729*24.71*0*0272*0**1~
DTM*472*20210625~
CAS*CO*97*24.71*1~
REF*6R*PMXP0096116937-8~
AMT*B6*24.71~
LQ*HE*N19~
CLP*H315472161000*1*4021*0**12*EPY1W13L40000*13*1~
NM1*QC*1*CATHERS*CRYSTAL*A***MI*941351560~
NM1*74*1******C*W250727122~
NM1*82*2*PROMEDICA TOLEDO HOSPITAL*****XX*1407854771~
REF*1L*0863970-040-00200-PQ~
REF*CE*Open Choice~
DTM*232*20220112~
DTM*233*20220112~
DTM*050*20220117~
PER*CX**TE*8004140596~
AMT*AU*4021~
SVC*HC>0279U*918*0*0300*0**1~
DTM*472*20220112~
CAS*PI*242*918*1~
REF*6R*PMXP0101726778-1~
AMT*B6*918~
LQ*HE*N130~
SVC*HC>0280U*2111*0*0300*0**1~
DTM*472*20220112~
CAS*PI*242*2111*1~
REF*6R*PMXP0101726778-2~
AMT*B6*2111~
LQ*HE*N130~
SVC*HC>36415*15*0*0300*0**1~
DTM*472*20220112~
CAS*PI*242*15*1~
REF*6R*PMXP0101726778-3~
AMT*B6*15~
LQ*HE*N130~
SVC*HC>82306*117*0*0300*0**1~
DTM*472*20220112~
CAS*PI*242*117*1~
REF*6R*PMXP0101726778-4~
AMT*B6*117~
LQ*HE*N130~
SVC*HC>85245*91*0*0300*0**1~
DTM*472*20220112~
CAS*PI*242*91*1~
REF*6R*PMXP0101726778-5~
AMT*B6*91~
LQ*HE*N130~
SVC*HC>85246*295*0*0300*0**2~
DTM*472*20220112~
CAS*PI*242*295*2~
REF*6R*PMXP0101726778-6~
AMT*B6*295~
LQ*HE*N130~
SVC*HC>82607*59*0*0301*0**1~
DTM*472*20220112~
CAS*PI*242*59*1~
REF*6R*PMXP0101726778-7~
AMT*B6*59~
LQ*HE*N130~
SVC*HC>82728*53*0*0301*0**1~
DTM*472*20220112~
CAS*PI*242*53*1~
REF*6R*PMXP0101726778-8~
AMT*B6*53~
LQ*HE*N130~
SVC*HC>82746*58*0*0301*0**1~
DTM*472*20220112~
CAS*PI*242*58*1~
REF*6R*PMXP0101726778-9~
AMT*B6*58~
LQ*HE*N130~
SVC*HC>83540*26*0*0301*0**1~
DTM*472*20220112~
CAS*PI*242*26*1~
REF*6R*PMXP0101726778-10~
AMT*B6*26~
LQ*HE*N130~
SVC*HC>83550*39*0*0301*0**1~
DTM*472*20220112~
CAS*PI*242*39*1~
REF*6R*PMXP0101726778-11~
AMT*B6*39~
LQ*HE*N130~
SVC*HC>84443*41*0*0301*0**1~
DTM*472*20220112~
CAS*PI*242*41*1~
REF*6R*PMXP0101726778-12~
AMT*B6*41~
LQ*HE*N130~
SVC*HC>85025*21*0*0305*0**1~
DTM*472*20220112~
CAS*PI*242*21*1~
REF*6R*PMXP0101726778-13~
AMT*B6*21~
LQ*HE*N130~
SVC*HC>85045*21*0*0305*0**1~
DTM*472*20220112~
CAS*PI*242*21*1~
REF*6R*PMXP0101726778-14~
AMT*B6*21~
LQ*HE*N130~
SVC*HC>85240*20*0*0305*0**1~
DTM*472*20220112~
CAS*PI*242*20*1~
REF*6R*PMXP0101726778-15~
AMT*B6*20~
LQ*HE*N130~
SVC*HC>85397*136*0*0305*0**1~
DTM*472*20220112~
CAS*PI*242*136*1~
REF*6R*PMXP0101726778-16~
AMT*B6*136~
LQ*HE*N130~
CLP*H315388976900*1*5065*0**12*ERFCW2MLB0000*13*1~
NM1*QC*1*MAHN*DAWN*M***MI*941244419~
NM1*74*1******C*W250529641~
NM1*82*2*PROMEDICA TOLEDO HOSPITAL*****XX*1407854771~
REF*1L*0863970-040-00200-PQ~
REF*CE*Open Choice~
DTM*232*20220113~
DTM*233*20220113~
DTM*050*20220118~
PER*CX**TE*8004140596~
AMT*AU*5065~
SVC*HC>93306*5065*0*0483*0**1~
DTM*472*20220113~
CAS*PI*242*5065*1~
REF*6R*PMXP0101757830-1~
AMT*B6*2504.09~
LQ*HE*N130~
CLP*H315364813501*2*7426*200**13*ERWZWKGKR0000*13*1~
CAS*OA*23*2425~
CAS*PR*2*-72~
NM1*QC*1*MINKE*BRUCE*A~
NM1*IL*1*MINKE*KIMBERLY*A***MI*W215662381~
NM1*82*2*PROMEDICA TOLEDO HOSPITAL*****XX*1407854771~
REF*1L*0737539-027-00001- G~
REF*CE*Aetna Choice  POS II NET 00414~
DTM*232*20211130~
DTM*233*20211130~
DTM*050*20211222~
PER*CX**TE*8886323862~
AMT*I*.1~
AMT*AU*2483~
SVC*NU>0250*7*0**1~
DTM*472*20211130~
CAS*CO*97*7~
REF*6R*PMXP0100980667-1~
LQ*HE*N20~
SVC*HC>Q9967*228*0*0255*0**150~
DTM*472*20211130~
CAS*CO*97*228*300~
REF*6R*PMXP0100980667-2~
LQ*HE*N19~
LQ*HE*N20~
SVC*HC>96360>59*930*0*0260*1~
DTM*472*20211130~
CAS*CO*97*930~
REF*6R*PMXP0100980667-3~
LQ*HE*N20~
SVC*HC>36415*26*0*0300*0**1~
DTM*472*20211130~
CAS*CO*97*26*2~
REF*6R*PMXP0100980667-4~
LQ*HE*N19~
LQ*HE*N20~
SVC*HC>80048*340*0*0300*1~
DTM*472*20211130~
CAS*CO*97*340~
REF*6R*PMXP0100980667-5~
LQ*HE*N20~
SVC*HC>80076*260*0*0300*1~
DTM*472*20211130~
CAS*CO*97*260~
REF*6R*PMXP0100980667-6~
LQ*HE*N20~
SVC*HC>83605*208*0*0301*1~
DTM*472*20211130~
CAS*CO*97*208~
REF*6R*PMXP0100980667-7~
LQ*HE*N20~
SVC*HC>83690*197*0*0301*1~
DTM*472*20211130~
CAS*CO*97*197~
REF*6R*PMXP0100980667-8~
LQ*HE*N20~
SVC*HC>85025*153*0*0305*1~
DTM*472*20211130~
CAS*CO*97*153~
REF*6R*PMXP0100980667-9~
LQ*HE*N20~
SVC*HC>85610*96*0*0305*1~
DTM*472*20211130~
CAS*CO*97*96~
REF*6R*PMXP0100980667-10~
LQ*HE*N20~
SVC*HC>85730*115*0*0305*1~
DTM*472*20211130~
CAS*CO*97*115~
REF*6R*PMXP0100980667-11~
LQ*HE*N20~
SVC*HC>87040*440*0*0306*2~
DTM*472*20211130~
CAS*CO*97*440~
REF*6R*PMXP0100980667-12~
LQ*HE*N20~
SVC*HC>74177*1941*0*0352*1~
DTM*472*20211130~
CAS*CO*97*1941~
REF*6R*PMXP0100980667-13~
LQ*HE*N20~
SVC*HC>99284>25*2483*2553*0450*1~
DTM*472*20211130~
CAS*OA*94*-70~
REF*6R*PMXP0100980667-14~
AMT*B6*2553~
SVC*NU>0637*2*0**3~
DTM*472*20211130~
CAS*CO*97*2~
REF*6R*PMXP0100980667-15~
LQ*HE*N20~
CLP*H315380456200*1*29571*9680.53**13*ESPCVFFL70000*13*1~
NM1*QC*1*HARTLAND*LAURA*M~
NM1*IL*1*HARTLAND*JEFFREY****MI*W229610194~
NM1*82*2*PROMEDICA TOLEDO HOSPITAL*****XX*1407854771~
REF*1L*0699000-010-00353-IS~
REF*CE*Aetna Choice  POS II NET 00414~
DTM*232*20211229~
DTM*233*20211229~
DTM*050*20220104~
PER*CX**TE*8886323862~
AMT*AU*25762~
SVC*HC>19380>50*12881*5070*0360*1~
DTM*472*20211229~
CAS*CO*45*7811~
REF*6R*PMXP0101315534-4~
AMT*B6*5070~
SVC*HC>19380>50*0*2535*0360*1**0~
DTM*472*20211229~
CAS*CO*45*3905.5~
CAS*OA*94*-6440.5*-1~
REF*6R*PMXP0101315534-4~
AMT*B6*2535~
SVC*NU>0250*434*0**23~
DTM*472*20211229~
CAS*CO*97*434~
REF*6R*PMXP0101315534-1~
LQ*HE*N20~
SVC*HC>81025*169*0*0307*1~
DTM*472*20211229~
CAS*CO*97*169~
REF*6R*PMXP0101315534-2~
LQ*HE*N20~
SVC*HC>15771*12881*2075.53*0360*1~
DTM*472*20211229~
CAS*CO*45*10805.47~
REF*6R*PMXP0101315534-3~
AMT*B6*2075.53~
SVC*NU>0710*3206*0**7~
DTM*472*20211229~
CAS*CO*97*3206~
REF*6R*PMXP0101315534-5~
LQ*HE*N20~
CLP*H315019032501*1*177*98.28**13*EXTXT1Q2V0000*13*7~
NM1*QC*1*KOPROWICZ*ANTOINETTE*M~
NM1*IL*1*KOPROWICZ*MICHAEL*J***MI*W197753983~
NM1*74*1******C*W197753983~
NM1*82*2*PROMEDICA TOLEDO HOSPITAL*****XX*1407854771~
REF*1L*0842877-040-00401-AA~
REF*CE*Aexcel  Plus Aetna Choice  POS II NET 00414~
DTM*232*20210725~
DTM*233*20210725~
DTM*050*20211213~
PER*CX**TE*8886323862~
AMT*AU*126~
SVC*HC>81003*51*0*0301*0**1~
DTM*472*20210725~
CAS*OA*18*51*1~
REF*6R*00000000001~
SVC*HC>99215>25*126*98.28*0761*1~
DTM*472*20210725~
CAS*CO*45*27.72~
REF*6R*00000000002~
AMT*B6*98.28~
CLP*H315333177600*1*3923*0*3923*12*EZACTL1T40000*13*1~
NM1*QC*1*SILVERNAIL*KYA~
NM1*IL*1*TRUBEY*JINNIFER*A***MI*W266732179~
NM1*82*2*PROMEDICA TOLEDO HOSPITAL*****XX*1407854771~
REF*1L*0141974-015-00032-JF~
REF*CE*Open Access Aetna Select  8480 NET 00633~
DTM*232*20211113~
DTM*233*20211113~
DTM*050*20211122~
PER*CX**TE*8886323862~
AMT*AU*3923~
SVC*NU>0250*30*0**0**4~
DTM*472*20211113~
CAS*PR*227*30*4~
REF*6R*PMXP0099947155-1~
AMT*B6*30~
LQ*HE*MA04~
LQ*HE*N179~
SVC*HC>0202U*2501*0*0306*0**1~
DTM*472*20211113~
CAS*PR*227*2501*1~
REF*6R*PMXP0099947155-2~
AMT*B6*2501~
LQ*HE*MA04~
LQ*HE*N179~
SVC*HC>99283*1392*0*0450*0**1~
DTM*472*20211113~
CAS*PR*227*1392*1~
REF*6R*PMXP0099947155-3~
AMT*B6*1392~
LQ*HE*MA04~
LQ*HE*N179~
CLP*H315347726200*1*1043*0**12*E0Y1VMHTQ0000*13*1~
NM1*QC*1*COFFMAN*DELANNA*I***MI*940583030~
NM1*74*1******C*W250124952~
NM1*82*2*PROMEDICA TOLEDO HOSPITAL*****XX*1407854771~
REF*1L*0863970-040-00200-PQ~
REF*CE*Open Choice~
DTM*232*20220113~
DTM*233*20220113~
DTM*050*20220118~
PER*CX**TE*8004140596~
AMT*AU*1043~
SVC*HC>77080*459*0*0320*0**1~
DTM*472*20220113~
CAS*PI*242*459*1~
REF*6R*PMXP0101757487-1~
AMT*B6*459~
LQ*HE*N130~
SVC*HC>77063*58*0*0403*0**1~
DTM*472*20220113~
CAS*PI*242*58*1~
REF*6R*PMXP0101757487-2~
AMT*B6*58~
LQ*HE*N130~
SVC*HC>77067*526*0*0403*0**1~
DTM*472*20220113~
CAS*PI*242*526*1~
REF*6R*PMXP0101757487-3~
AMT*B6*526~
LQ*HE*N130~
CLP*H315356163300*1*1057*0*1057*13*E2PCTSNNZ0000*13*1~
NM1*QC*1*KRALOVIC*COURTNEY****MI*W209870624~
NM1*82*2*PROMEDICA TOLEDO HOSPITAL*****XX*1407854771~
REF*1L*0865239-040-00001- C~
REF*CE*Aetna Choice  POS II NET 00414~
DTM*232*20211124~
DTM*233*20211124~
DTM*050*20211129~
PER*CX**TE*8886323862~
AMT*AU*1057~
SVC*HC>82306*117*0*0300*0**1~
DTM*472*20211124~
CAS*PR*227*117*1~
REF*6R*PMXP0100268290-1~
AMT*B6*117~
LQ*HE*MA04~
LQ*HE*N179~
SVC*HC>86696*56*0*0300*0**1~
DTM*472*20211124~
CAS*PR*227*56*1~
REF*6R*PMXP0100268290-2~
AMT*B6*56~
LQ*HE*MA04~
LQ*HE*N179~
SVC*HC>86787*116*0*0300*0**1~
DTM*472*20211124~
CAS*PR*227*116*1~
REF*6R*PMXP0100268290-3~
AMT*B6*116~
LQ*HE*MA04~
LQ*HE*N179~
SVC*HC>87086*22*0*0300*0**1~
DTM*472*20211124~
CAS*PR*227*22*1~
REF*6R*PMXP0100268290-4~
AMT*B6*22~
LQ*HE*MA04~
LQ*HE*N179~
SVC*HC>86695*56*0*0302*0**1~
DTM*472*20211124~
CAS*PR*227*56*1~
REF*6R*PMXP0100268290-5~
AMT*B6*56~
LQ*HE*MA04~
LQ*HE*N179~
SVC*HC>86762*56*0*0302*0**1~
DTM*472*20211124~
CAS*PR*227*56*1~
REF*6R*PMXP0100268290-6~
AMT*B6*56~
LQ*HE*MA04~
LQ*HE*N179~
SVC*HC>86780*52*0*0302*0**1~
DTM*472*20211124~
CAS*PR*227*52*1~
REF*6R*PMXP0100268290-7~
AMT*B6*52~
LQ*HE*MA04~
LQ*HE*N179~
SVC*HC>86850*179*0*0302*0**1~
DTM*472*20211124~
CAS*PR*227*179*1~
REF*6R*PMXP0100268290-8~
AMT*B6*179~
LQ*HE*MA04~
LQ*HE*N179~
SVC*HC>86900*77*0*0302*0**1~
DTM*472*20211124~
CAS*PR*227*77*1~
REF*6R*PMXP0100268290-9~
AMT*B6*77~
LQ*HE*MA04~
LQ*HE*N179~
SVC*HC>86901*111*0*0302*0**1~
DTM*472*20211124~
CAS*PR*227*111*1~
REF*6R*PMXP0100268290-10~
AMT*B6*111~
LQ*HE*MA04~
LQ*HE*N179~
SVC*HC>85027*15*0*0305*0**1~
DTM*472*20211124~
CAS*PR*227*15*1~
REF*6R*PMXP0100268290-11~
AMT*B6*15~
LQ*HE*MA04~
LQ*HE*N179~
SVC*HC>87077*32*0*0306*0**1~
DTM*472*20211124~
CAS*PR*227*32*1~
REF*6R*PMXP0100268290-12~
AMT*B6*32~
LQ*HE*MA04~
LQ*HE*N179~
SVC*HC>87186*31*0*0306*0**1~
DTM*472*20211124~
CAS*PR*227*31*1~
REF*6R*PMXP0100268290-13~
AMT*B6*31~
LQ*HE*MA04~
LQ*HE*N179~
SVC*HC>87340*37*0*0306*0**1~
DTM*472*20211124~
CAS*PR*227*37*1~
REF*6R*PMXP0100268290-14~
AMT*B6*37~
LQ*HE*MA04~
LQ*HE*N179~
SVC*HC>87389*100*0*0306*0**1~
DTM*472*20211124~
CAS*PR*227*100*1~
REF*6R*PMXP0100268290-15~
AMT*B6*100~
LQ*HE*MA04~
LQ*HE*N179~
CLP*H314786675600*22*-640*-46.5**12*E2Y1PJD4N0000*13*1~
NM1*QC*1*JACQUESSON*EMMANUELLE*M~
NM1*IL*1*ROGEZ*DAVID*J***MI*57089922~
NM1*74*1*JACQUESSON*EMMANUELLE****C*W263574895~
NM1*82*2*PROMEDICA TOLEDO HOSPITAL*****XX*1407854771~
REF*1L*0863940-050-00100-PP~
REF*CE*Open Choice NET 00061~
DTM*232*20210316~
DTM*233*20210316~
DTM*050*20210331~
PER*CX**TE*8004140596~
AMT*I*-.78~
SVC*HC>U0005*-100*-46.5*0300*1~
DTM*472*20210316~
CAS*CO*45*-53.5~
REF*6R*PMXP0093218787-3~
SVC*HC>U0003>CS*-420*0*0300*0**1~
DTM*472*20210316~
CAS*PI*96*-420*1~
REF*6R*PMXP0093218787-2~
LQ*HE*M41~
SVC*HC>C9803>CS*-120*0*0300*0**1~
DTM*472*20210316~
CAS*PI*96*-120*1~
REF*6R*PMXP0093218787-1~
LQ*HE*M41~
CLP*H314786675600*1*520*0**12*E2Y1PJD4N0001*13*1~
NM1*QC*1*JACQUESSON*EMMANUELLE*M~
NM1*IL*1*ROGEZ*DAVID*J***MI*57089922~
NM1*74*1*JACQUESSON*EMMANUELLE****C*W263574895~
NM1*82*2*PROMEDICA TOLEDO HOSPITAL*****XX*1407854771~
REF*1L*0863940-050-00100-PP~
REF*CE*Open Choice NET 00061~
REF*F8*E2Y1PJD4N0000~
DTM*232*20210316~
DTM*233*20210316~
DTM*050*20211022~
PER*CX**TE*8004140596~
AMT*AU*520~
SVC*HC>U0005*100*0*0300*0*HC>U0003>CS*1~
DTM*472*20210316~
CAS*CO*97*100*1~
REF*6R*PMXP0093218787-2~
AMT*B6*100~
SVC*HC>U0003>CS*420*0*0300*0*HC>C9803>CS*1~
DTM*472*20210316~
CAS*CO*97*420*1~
REF*6R*PMXP0093218787-1~
AMT*B6*420~
CLP*H314792556501*1*2474*775.96**13*E4PCT1T400000*13*1~
NM1*QC*1*MANLEY*MICHELLE*R***MI*W224166049~
NM1*82*2*PROMEDICA TOLEDO HOSPITAL*****XX*1407854771~
REF*1L*0737409-014-00001-AC~
REF*CE*Aetna Choice  POS II NET 00414~
DTM*232*20210401~
DTM*233*20210401~
DTM*050*20211209~
PER*CX**TE*8886323862~
AMT*I*5.36~
AMT*AU*2474~
SVC*HC>A9579*398*0*0255*0**15~
DTM*472*20210401~
CAS*CO*97*398*15~
REF*6R*PMXP0100578017-1~
AMT*B6*398~
LQ*HE*N19~
SVC*HC>81025*169*12.03*0307*1~
DTM*472*20210401~
CAS*CO*45*156.97~
REF*6R*PMXP0100578017-2~
AMT*B6*12.03~
SVC*HC>70553*1907*763.93*0611*1~
DTM*472*20210401~
CAS*CO*45*1143.07~
REF*6R*PMXP0100578017-3~
AMT*B6*763.93~
CLP*H315314918700*22*-3461*-2042.4**13*E8FCTJQCY0000*13*1~
NM1*QC*1*CUMMINGS*CHEYENNE*M***MI*W252835773~
NM1*82*2*PROMEDICA TOLEDO HOSPITAL*****XX*1407854771~
REF*1L*0141974-010-00095-CQ~
REF*CE*Aetna HealthFund  Aetna Choice  POS II NET 00414~
DTM*232*20211104~
DTM*233*20211104~
DTM*050*20211110~
PER*CX**TE*8886323862~
SVC*NU>0250*-3*0**2~
DTM*472*20211104~
CAS*CO*97*-3~
REF*6R*PMXP0099685629-1~
LQ*HE*N20~
SVC*HC>80053*-424*0*0300*1~
DTM*472*20211104~
CAS*CO*97*-424~
REF*6R*PMXP0099685629-2~
LQ*HE*N20~
SVC*HC>83690*-197*0*0301*1~
DTM*472*20211104~
CAS*CO*97*-197~
REF*6R*PMXP0099685629-4~
LQ*HE*N20~
SVC*HC>82150*-201*0*0301*1~
DTM*472*20211104~
CAS*CO*97*-201~
REF*6R*PMXP0099685629-3~
LQ*HE*N20~
SVC*HC>85025*-153*0*0305*1~
DTM*472*20211104~
CAS*CO*97*-153~
REF*6R*PMXP0099685629-5~
LQ*HE*N20~
SVC*HC>99284*-2483*-2042.4*0450*1~
DTM*472*20211104~
CAS*OA*94*70~
CAS*PR*2*-510.6~
REF*6R*PMXP0099685629-6~
CLP*H315314918700*1*3461*1026.4*256.6*13*E8FCTJQCY0001*13*1~
NM1*QC*1*CUMMINGS*CHEYENNE*M***MI*W252835773~
NM1*82*2*PROMEDICA TOLEDO HOSPITAL*****XX*1407854771~
REF*1L*0141974-010-00095-CQ~
REF*CE*Aetna HealthFund  Aetna Choice  POS II NET 00414~
REF*F8*E8FCTJQCY0000~
DTM*232*20211104~
DTM*233*20211104~
DTM*050*20211111~
PER*CX**TE*8886323862~
AMT*AU*2483~
SVC*NU>0250*3*0**2~
DTM*472*20211104~
CAS*CO*97*3~
REF*6R*PMXP0099685629-1~
LQ*HE*N20~
SVC*HC>80053*424*0*0300*1~
DTM*472*20211104~
CAS*CO*97*424~
REF*6R*PMXP0099685629-2~
LQ*HE*N20~
SVC*HC>83690*197*0*0301*1~
DTM*472*20211104~
CAS*CO*97*197~
REF*6R*PMXP0099685629-4~
LQ*HE*N20~
SVC*HC>82150*201*0*0301*1~
DTM*472*20211104~
CAS*CO*97*201~
REF*6R*PMXP0099685629-3~
LQ*HE*N20~
SVC*HC>85025*153*0*0305*1~
DTM*472*20211104~
CAS*CO*97*153~
REF*6R*PMXP0099685629-5~
LQ*HE*N20~
SVC*HC>99283*2483*1026.4*0450*1*HC>99284~
DTM*472*20211104~
CAS*CO*45*1200~
CAS*PR*2*256.6~
REF*6R*PMXP0099685629-6~
AMT*B6*1283~
LQ*HE*N22~
CLP*H315322503100*1*1828*0**13*E8Y1TMZ8F0000*13*1~
NM1*QC*1*CRYMES LINCOLN*OMARNESA*S~
NM1*IL*1*CRYMES-LINCOLN*SHNELL*S***MI*W268386214~
NM1*82*2*PROMEDICA TOLEDO HOSPITAL*****XX*1407854771~
MOA***MA15~
REF*1L*0468592-011-00106-CA~
REF*CE*Aetna Choice  POS II NET 00414~
DTM*232*20211109~
DTM*233*20211109~
DTM*050*20211126~
PER*CX**TE*8886323862~
AMT*AU*1828~
SVC*HC>81240*195*0*0300*0**1~
DTM*472*20211109~
CAS*PI*170*195*1~
REF*6R*PMXP0099947616-1~
AMT*B6*195~
LQ*HE*N95~
SVC*HC>81241*242*0*0300*0**1~
DTM*472*20211109~
CAS*CO*226*242*1~
REF*6R*PMXP0099947616-2~
AMT*B6*242~
LQ*HE*N517~
SVC*HC>82306*117*0*0300*0**1~
DTM*472*20211109~
CAS*CO*226*117*1~
REF*6R*PMXP0099947616-3~
AMT*B6*117~
LQ*HE*N517~
SVC*HC>86787*116*0*0300*0**1~
DTM*472*20211109~
CAS*CO*226*116*1~
REF*6R*PMXP0099947616-4~
AMT*B6*116~
LQ*HE*N517~
SVC*HC>83036*24*0*0301*0**1~
DTM*472*20211109~
CAS*CO*226*24*1~
REF*6R*PMXP0099947616-5~
AMT*B6*24~
LQ*HE*N517~
SVC*HC>83520*153*0*0301*0**1~
DTM*472*20211109~
CAS*CO*226*153*1~
REF*6R*PMXP0099947616-6~
AMT*B6*153~
LQ*HE*N517~
SVC*HC>84146*81*0*0301*0**1~
DTM*472*20211109~
CAS*CO*226*81*1~
REF*6R*PMXP0099947616-7~
AMT*B6*81~
LQ*HE*N517~
SVC*HC>84443*41*0*0301*0**1~
DTM*472*20211109~
CAS*CO*226*41*1~
REF*6R*PMXP0099947616-8~
AMT*B6*41~
LQ*HE*N517~
SVC*HC>86704*49*0*0302*0**1~
DTM*472*20211109~
CAS*CO*226*49*1~
REF*6R*PMXP0099947616-9~
AMT*B6*49~
LQ*HE*N517~
SVC*HC>86762*63*0*0302*0**1~
DTM*472*20211109~
CAS*CO*226*63*1~
REF*6R*PMXP0099947616-10~
AMT*B6*63~
LQ*HE*N517~
SVC*HC>86780*52*0*0302*0**1~
DTM*472*20211109~
CAS*CO*226*52*1~
REF*6R*PMXP0099947616-11~
AMT*B6*52~
LQ*HE*N517~
SVC*HC>86803*52*0*0302*0**1~
DTM*472*20211109~
CAS*CO*226*52*1~
REF*6R*PMXP0099947616-12~
AMT*B6*52~
LQ*HE*N517~
SVC*HC>86850*179*0*0302*0**1~
DTM*472*20211109~
CAS*CO*226*179*1~
REF*6R*PMXP0099947616-13~
AMT*B6*179~
LQ*HE*N517~
SVC*HC>86900*77*0*0302*0**1~
DTM*472*20211109~
CAS*CO*226*77*1~
REF*6R*PMXP0099947616-14~
AMT*B6*77~
LQ*HE*N517~
SVC*HC>86901*111*0*0302*0**1~
DTM*472*20211109~
CAS*CO*226*111*1~
REF*6R*PMXP0099947616-15~
AMT*B6*111~
LQ*HE*N517~
SVC*HC>87340*37*0*0306*0**1~
DTM*472*20211109~
CAS*CO*226*37*1~
REF*6R*PMXP0099947616-16~
AMT*B6*37~
LQ*HE*N517~
SVC*HC>87389*100*0*0306*0**1~
DTM*472*20211109~
CAS*CO*226*100*1~
REF*6R*PMXP0099947616-17~
AMT*B6*100~
LQ*HE*N517~
SVC*HC>87491>59*139*0*0306*0**1~
DTM*472*20211109~
CAS*CO*226*139*1~
REF*6R*PMXP0099947616-18~
AMT*B6*139~
LQ*HE*N517~
CLP*H315322503100*1*139*0**13*E8Y1TMZ8F0001*13*1~
NM1*QC*1*CRYMES LINCOLN*OMARNESA*S~
NM1*IL*1*CRYMES-LINCOLN*SHNELL*S***MI*W268386214~
NM1*82*2*PROMEDICA TOLEDO HOSPITAL*****XX*1407854771~
MOA***MA15~
REF*1L*0468592-011-00106-CA~
REF*CE*Aetna Choice  POS II NET 00414~
DTM*232*20211109~
DTM*233*20211109~
DTM*050*20211126~
PER*CX**TE*8886323862~
AMT*AU*139~
SVC*HC>87591>59*139*0*0306*0**1~
DTM*472*20211109~
CAS*CO*226*139*1~
REF*6R*PMXP0099947616-19~
AMT*B6*139~
LQ*HE*N517~
CLP*H315427768600*22*-249*-122.58**13*E9JCT32840000*13*1~
NM1*QC*1*HATFIELD*JEAN*C***MI*W001508462~
NM1*82*2*PROMEDICA TOLEDO HOSPITAL*****XX*1407854771~
REF*1L*0469677-026-00001-TC~
REF*CE*Aetna Choice  POS II NET 12290~
DTM*232*20211227~
DTM*233*20211227~
DTM*050*20220101~
PER*CX**TE*8886323862~
SVC*HC>80053*-28*-15.3*0300*1~
DTM*472*20211227~
CAS*CO*45*-8.87~
CAS*PR*2*-3.83~
REF*6R*PMXP0101286841-1~
SVC*HC>82306*-117*-42.9*0300*1~
DTM*472*20211227~
CAS*CO*45*-63.37~
CAS*PR*2*-10.73~
REF*6R*PMXP0101286841-2~
SVC*HC>83036*-24*-17.58*0301*1~
DTM*472*20211227~
CAS*CO*45*-6.42~
REF*6R*PMXP0101286841-3~
SVC*HC>84439*-24*-13.07*0301*1~
DTM*472*20211227~
CAS*CO*45*-7.66~
CAS*PR*2*-3.27~
REF*6R*PMXP0101286841-4~
SVC*HC>84443*-41*-24.35*0301*1~
DTM*472*20211227~
CAS*CO*45*-10.56~
CAS*PR*2*-6.09~
REF*6R*PMXP0101286841-5~
SVC*HC>85027*-15*-9.38*0305*1~
DTM*472*20211227~
CAS*CO*45*-3.28~
CAS*PR*2*-2.34~
REF*6R*PMXP0101286841-6~
CLP*H315427768600*1*249*97.9*20.09*13*E9JCT32840001*13*1~
NM1*QC*1*HATFIELD*JEAN*C***MI*W001508462~
NM1*82*2*PROMEDICA TOLEDO HOSPITAL*****XX*1407854771~
REF*1L*0469677-026-00001-TC~
REF*CE*Aetna Choice  POS II NET 12290~
REF*F8*E9JCT32840000~
DTM*232*20211227~
DTM*233*20211227~
DTM*050*20220113~
PER*CX**TE*8886323862~
AMT*AU*249~
SVC*HC>80053*28*0*0300*0**1~
DTM*472*20211227~
CAS*CO*97*28*1~
REF*6R*PMXP0101286841-1~
AMT*B6*28~
SVC*HC>82306*117*42.9*0300*1~
DTM*472*20211227~
CAS*CO*45*63.37~
CAS*PR*2*10.73~
REF*6R*PMXP0101286841-2~
AMT*B6*53.63~
SVC*HC>83036*24*17.58*0301*1~
DTM*472*20211227~
CAS*CO*45*6.42~
REF*6R*PMXP0101286841-3~
AMT*B6*17.58~
SVC*HC>84439*24*13.07*0301*1~
DTM*472*20211227~
CAS*CO*45*7.66~
CAS*PR*2*3.27~
REF*6R*PMXP0101286841-4~
AMT*B6*16.34~
SVC*HC>84443*41*24.35*0301*1~
DTM*472*20211227~
CAS*CO*45*10.56~
CAS*PR*2*6.09~
REF*6R*PMXP0101286841-5~
AMT*B6*30.44~
SVC*HC>85027*15*0*0305*0**1~
DTM*472*20211227~
CAS*CO*97*15*1~
REF*6R*PMXP0101286841-6~
AMT*B6*15~
LX*3~
TS3*1407854771*11*20221231*1*-101~
CLP*H315346414300*22*-101*-75.96**13*EBFCWCJS00000*13*1~
NM1*QC*1*EVANS*RACHEL*A~
NM1*IL*1*EVANS*NICHOLAS****MI*W265379352~
NM1*82*2*PROMEDICA TOLEDO HOSPITAL*****XX*1407854771~
REF*1L*0172537-010-00700- A~
REF*CE*Aetna HealthFund  Aetna Choice  POS II NET 00414~
DTM*232*20211119~
DTM*233*20211119~
DTM*050*20211230~
PER*CX**TE*8886323862~
SVC*HC>91300*-1*0*0636*0**1~
DTM*472*20211119~
CAS*CO*204*-1*1~
REF*6R*PMXP0100474021-1~
LQ*HE*N693~
LQ*HE*N193~
SVC*HC>0004A*-100*-75.96*0771*1~
DTM*472*20211119~
CAS*CO*45*-24.04~
REF*6R*PMXP0100474021-2~
LQ*HE*N693~
PLB*1407854771*20221231*CS>E2Y1PJD4N0000-H314786675600-2021-03-16*-.78*WO>EBFCWCJS00000-H315346414300-2021-11-19*75.96*CS>EBFCWCJS00000-H315346414300-2021-11-19*-75.96*WO>EMACLY72L0000-H314440124700-2020-09-10*142.95*CS>EMACLY72L0000-H314440124700-2020-09-10*-142.95*WO>E2Y1PJD4N0000-H314786675600-2021-03-16*46.5~
PLB*1407854771*20221231*CS>E2Y1PJD4N0000-H314786675600-2021-03-16*-46.5*WO>E8FCTJQCY0000-H315314918700-2021-11-04*1016*CS>E8FCTJQCY0000-H315314918700-2021-11-04*-1016*WO>E9JCT32840000-H315427768600-2021-12-27*24.68*CS>E9JCT32840000-H315427768600-2021-12-27*-24.68*L6*-4.68~
SE*1445*0835~
ST*835*0836~
BPR*H*0*C*NON************20220119~
TRN*1*922019000348918*1066033492~
REF*EV*XXXXXXXXXXXXXXXXXXXXXXXXXXXXXX~
DTM*405*20220119~
N1*PR*AETNA~
N3*151 FARMINGTON AVENUE~
N4*HARTFORD*CT*06156~
REF*2U*60054~
PER*BL*Provider Service~
N1*PE*THE TOLEDO HOSPITAL*XX*1407854771~
N3*PO BOX 630253~
N4*CINCINNATI*OH*452630253~
REF*PQ*000615152~
REF*TJ*344428256~
LX*1~
TS3*1407854771*23*20221231*1*2347~
CLP*H314947426200*1*2347*0**13*P1JMQKHXB0000*13*1~
NM1*QC*1*YATES*SEAN*T~
NM1*IL*1*YATES*LEANNE*M***MI*W255211734~
NM1*82*2*PROMEDICA TOLEDO HOSPITAL*****XX*1407854771~
REF*1L*0141268-011-00010-AB~
REF*CE*Aetna Open Access  Managed Choice NET 00414~
DTM*232*20210504~
DTM*233*20210504~
DTM*050*20211129~
PER*CX**TE*8886323862~
AMT*AU*2347~
SVC*NU>0250*1*0**0**2~
DTM*472*20210504~
CAS*CO*226*1*2~
REF*6R*PMXP0094544961-1~
AMT*B6*1~
LQ*HE*N517~
SVC*HC>L1830>RT*320*0*0274*0**1~
DTM*472*20210504~
CAS*CO*226*320*1~
REF*6R*PMXP0094544961-2~
AMT*B6*320~
LQ*HE*N517~
SVC*HC>73562>RT*634*0*0320*0**1~
DTM*472*20210504~
CAS*CO*226*634*1~
REF*6R*PMXP0094544961-3~
AMT*B6*634~
LQ*HE*N517~
SVC*HC>99283>25*1392*0*0450*0**1~
DTM*472*20210504~
CAS*CO*226*1392*1~
REF*6R*PMXP0094544961-4~
AMT*B6*1392~
LQ*HE*N517~
SE*53*0836~
ST*835*0837~
BPR*I*46.62*C*ACH*CCP*01*031100209*DA*0000009108*1066033492**01*041200050*DA*80250500*20220124~
TRN*1*822019000240670*1066033492~
REF*EV*XXXXXXXXXXXXXXXXXXXXXXXXXXXXXX~
DTM*405*20220119~
N1*PR*AETNA~
N3*151 FARMINGTON AVENUE~
N4*HARTFORD*CT*06156~
REF*2U*60054~
PER*BL*Provider Service~
N1*PE*THE TOLEDO HOSPITAL*XX*1407854771~
N3*PO BOX 630253~
N4*CINCINNATI*OH*452630253~
REF*PQ*000615152~
REF*TJ*344428256~
LX*1~
TS3*1407854771*22*20221231*1*103~
CLP*H315449356100*2*103*46.62*11.65*13*E2201101560000*13*1~
NM1*QC*1*BERENDT*SARAH*E***MI*W266729242~
NM1*82*2*PROMEDICA TOLEDO HOSPITAL*****XX*1407854771~
REF*1L*0686194-032-00101-QB~
REF*CE*PPO-Medical NET 00414~
DTM*232*20220104~
DTM*233*20220104~
DTM*050*20220111~
PER*CX**TE*8886323862~
AMT*AU*103~
SVC*HC>80053*28*16.69**1~
DTM*472*20220104~
CAS*CO*45*7.14~
CAS*PR*2*4.17~
REF*6R*PMXP0101525193-1~
AMT*B6*20.86~
SVC*HC>83735*23*9.11**1~
DTM*472*20220104~
CAS*CO*45*11.61~
CAS*PR*2*2.28~
REF*6R*PMXP0101525193-2~
AMT*B6*11.39~
SVC*HC>86803*52*20.82**1~
DTM*472*20220104~
CAS*CO*45*25.98~
CAS*PR*2*5.2~
REF*6R*PMXP0101525193-3~
AMT*B6*26.02~
SE*46*0837~
ST*835*0838~
BPR*H*0*C*NON************20220119~
TRN*1*922019000348917*1066033492~
REF*EV*XXXXXXXXXXXXXXXXXXXXXXXXXXXXXX~
DTM*405*20220119~
N1*PR*AETNA~
N3*151 FARMINGTON AVENUE~
N4*HARTFORD*CT*06156~
REF*2U*60054~
PER*BL*Provider Service~
N1*PE*THE TOLEDO HOSPITAL*XX*1407854771~
N3*PO BOX 630253~
N4*CINCINNATI*OH*452630253~
REF*PQ*000615152~
REF*TJ*344428256~
LX*1~
TS3*1407854771*22*20221231*1*79~
CLP*H315333103600*1*79*0*79*13*E1ACTV80M0000*13*1~
NM1*QC*1*SMITH*ELOISE*J~
NM1*IL*1*SMITH*EDWARD*W**JR*MI*W189908913~
NM1*82*2*PROMEDICA TOLEDO HOSPITAL*****XX*1407854771~
REF*1L*0658471-013-00042-MR~
REF*CE*Aetna HealthFund  Aetna Choice  POS II NET 00414~
DTM*232*20211113~
DTM*233*20211113~
DTM*050*20211129~
PER*CX**TE*8886323862~
AMT*AU*79~
SVC*HC>87651*79*0*0306*0**1~
DTM*472*20211113~
CAS*PR*227*79*1~
REF*6R*PMXP0100258162-1~
AMT*B6*79~
LQ*HE*MA04~
LQ*HE*N179~
SE*36*0838~
ST*835*0839~
BPR*H*0*C*NON************20220119~
TRN*1*922019000348916*1066033492~
REF*EV*XXXXXXXXXXXXXXXXXXXXXXXXXXXXXX~
DTM*405*20220119~
N1*PR*AETNA~
N3*151 FARMINGTON AVENUE~
N4*HARTFORD*CT*06156~
REF*2U*60054~
PER*BL*Provider Service~
N1*PE*THE TOLEDO HOSPITAL*XX*1407854771~
N3*PO BOX 630253~
N4*CINCINNATI*OH*452630253~
REF*PQ*000615152~
REF*TJ*344428256~
LX*1~
TS3*1407854771*22*20221231*1*634~
CLP*H315212357001*1*634*0**12*EKACWQ1RR0000*13*1~
NM1*QC*1*GREINER*GRAYSON*J***MI*W243539341~
NM1*82*2*PROMEDICA TOLEDO HOSPITAL*****XX*1407854771~
REF*1L*0863826-012-00001- A~
REF*CE*Open Choice NET 00061~
DTM*232*20210918~
DTM*233*20210918~
DTM*050*20211230~
PER*CX**TE*8886323862~
AMT*AU*634~
SVC*HC>73030>RT*634*0*0320*0**1~
DTM*472*20210918~
CAS*PI*227*634*1~
REF*6R*PMXP0101201810-1~
AMT*B6*55.78~
LQ*HE*N179~
SE*34*0839~
ST*835*1276~
BPR*I*152855.12*C*ACH*CCP*01*031100209*DA*0038865237*1066033492**01*041200050*DA*80250500*20220121~
TRN*1*160118220238014*1066033492~
REF*EV*XXXXXXXXXXXXXXXXXXXXXXXXXXXXXX~
DTM*405*20220119~
N1*PR*AETNA~
N3*151 FARMINGTON AVENUE~
N4*HARTFORD*CT*06156~
REF*2U*60054~
PER*BL*Provider Service~
N1*PE*THE TOLEDO HOSPITAL*XX*1407854771~
N3*P.O. BOX 630253~
N4*CINCINNATI*OH*452630253~
REF*PQ*000615152~
REF*TJ*344428256~
LX*1~
TS3*1407854771*11*20221231*46*795883.6~
CLP*H314161152600*22*-127498*-5652.37**13*200305E458840003~
NM1*QC*1*MILLER*AUDREY****MI*MEBTQB0F~
NM1*82*2*THE TOLEDO HOSPITAL*****XX*1407854771~
REF*G1*8287278~
REF*1L*466235-001~
REF*CE*SERS PPO PLAN~
DTM*232*20200214~
DTM*233*20200227~
DTM*050*20200305~
PER*CX**TE*8006240756~
SVC*NU>0206*-71162*-5652.37**13**1~
DTM*150*20200214~
DTM*151*20200227~
CAS*CO*253*-115.35**45*-65394.28~
LQ*HE*N694~
SVC*NU>0260*-2408*0**0**1~
DTM*150*20200214~
DTM*151*20200227~
CAS*CO*97*-2408*5~
LQ*HE*M2~
LQ*HE*N694~
SVC*NU>0270*-7714*0**0**1~
DTM*150*20200214~
DTM*151*20200227~
CAS*CO*97*-7714*14~
LQ*HE*M2~
LQ*HE*N694~
SVC*NU>0450*-2774*0**0**1~
DTM*150*20200214~
DTM*151*20200227~
CAS*CO*97*-2774*1~
LQ*HE*M2~
LQ*HE*N694~
SVC*NU>0761*-786*0**0**1~
DTM*150*20200214~
DTM*151*20200227~
CAS*CO*97*-786*3~
LQ*HE*M2~
LQ*HE*N694~
SVC*NU>0250*-7246*0**0**1~
DTM*150*20200214~
DTM*151*20200227~
CAS*CO*97*-7246*999~
LQ*HE*M2~
LQ*HE*N694~
SVC*NU>0300*-5128*0**0**1~
DTM*150*20200214~
DTM*151*20200227~
CAS*CO*97*-5128*17~
LQ*HE*M2~
LQ*HE*N694~
SVC*NU>0301*-4253*0**0**1~
DTM*150*20200214~
DTM*151*20200227~
CAS*CO*97*-4253*27~
LQ*HE*M2~
LQ*HE*N694~
SVC*NU>0302*-367*0**0**1~
DTM*150*20200214~
DTM*151*20200227~
CAS*CO*97*-367*3~
LQ*HE*M2~
LQ*HE*N694~
SVC*NU>0305*-4474*0**0**1~
DTM*150*20200214~
DTM*151*20200227~
CAS*CO*97*-4474*46~
LQ*HE*M2~
LQ*HE*N694~
SVC*NU>0320*-650*0**0**1~
DTM*150*20200214~
DTM*151*20200227~
CAS*CO*97*-650*2~
LQ*HE*M2~
LQ*HE*N694~
SVC*NU>0370*-931*0**0**1~
DTM*150*20200214~
DTM*151*20200227~
CAS*CO*97*-931*3~
LQ*HE*M2~
LQ*HE*N694~
SVC*NU>0402*-1068*0**0**1~
DTM*150*20200214~
DTM*151*20200227~
CAS*CO*97*-1068*1~
LQ*HE*M2~
LQ*HE*N694~
SVC*NU>0421*-1674*0**0**1~
DTM*150*20200214~
DTM*151*20200227~
CAS*CO*97*-1674*10~
LQ*HE*M2~
LQ*HE*N694~
SVC*NU>0424*-423*0**0**1~
DTM*150*20200214~
DTM*151*20200227~
CAS*CO*97*-423*1~
LQ*HE*M2~
LQ*HE*N694~
SVC*NU>0431*-1379*0**0**1~
DTM*150*20200214~
DTM*151*20200227~
CAS*CO*97*-1379*8~
LQ*HE*M2~
LQ*HE*N694~
SVC*NU>0434*-423*0**0**1~
DTM*150*20200214~
DTM*151*20200227~
CAS*CO*97*-423*1~
LQ*HE*M2~
LQ*HE*N694~
SVC*NU>0460*-106*0**0**1~
DTM*150*20200214~
DTM*151*20200227~
CAS*CO*97*-106*1~
LQ*HE*M2~
LQ*HE*N694~
SVC*NU>0730*-503*0**0**1~
DTM*150*20200214~
DTM*151*20200227~
CAS*CO*97*-503*1~
LQ*HE*M2~
LQ*HE*N694~
SVC*NU>0750*-11948*0**0**1~
DTM*150*20200214~
DTM*151*20200227~
CAS*CO*97*-11948*5~
LQ*HE*M2~
LQ*HE*N694~
SVC*NU>0921*-2081*0**0**1~
DTM*150*20200214~
DTM*151*20200227~
CAS*CO*97*-2081*1~
LQ*HE*M2~
LQ*HE*N694~
CLP*H315185652202*22*-197084.6*0**13*211016E238890000*11*7**246*3.1257~
NM1*QC*1*SZABO*JOHN*T***MI*MEBD8MGQ~
NM1*82*2*THE TOLEDO HOSPITAL*****XX*1407854771~
REF*G1*2124845~
REF*1L*455716-056~
REF*CE*STRS PPO PLAN NET 03418~
DTM*232*20210905~
DTM*233*20210915~
DTM*050*20211016~
PER*CX**TE*8006240756~
SVC*NU>0211*-8920*0**0**1~
DTM*150*20210905~
DTM*151*20210906~
CAS*OA*18*-8920*1~
REF*6R*PMXP0098959678-1~
LQ*HE*MA67~
LQ*HE*N522~
SVC*NU>0214*-34158*0**0**6~
DTM*150*20210906~
DTM*151*20210912~
CAS*OA*18*-34158*6~
REF*6R*PMXP0098959678-2~
LQ*HE*MA67~
LQ*HE*N522~
SVC*HC>93452*0*0*0180*3~
DTM*150*20210912~
DTM*151*20210915~
REF*6R*PMXP0098959678-19~
SVC*HC>93452*-99091*0*0481*0**5~
DTM*150*20210905~
DTM*151*20210915~
CAS*OA*18*-99091*5~
REF*6R*PMXP0098959678-15~
LQ*HE*MA67~
LQ*HE*N522~
SVC*NU>0270*-2272*0**0**4~
DTM*150*20210905~
DTM*151*20210915~
CAS*OA*18*-2272*4~
REF*6R*PMXP0098959678-5~
LQ*HE*MA67~
LQ*HE*N522~
SVC*NU>0272*-4380.6*0**0**10~
DTM*150*20210905~
DTM*151*20210915~
CAS*OA*18*-4380.6*10~
REF*6R*PMXP0098959678-6~
LQ*HE*MA67~
LQ*HE*N522~
SVC*NU>0450*-5880*0**0**2~
DTM*150*20210905~
DTM*151*20210915~
CAS*OA*18*-5880*2~
REF*6R*PMXP0098959678-13~
LQ*HE*MA67~
LQ*HE*N522~
SVC*NU>0761*-929*0**0**1~
DTM*150*20210905~
DTM*151*20210915~
CAS*OA*18*-929*1~
REF*6R*PMXP0098959678-18~
LQ*HE*MA67~
LQ*HE*N522~
SVC*NU>0278*-10875*0**0**3~
DTM*150*20210905~
DTM*151*20210915~
CAS*OA*18*-10875*3~
REF*6R*PMXP0098959678-7~
LQ*HE*MA67~
LQ*HE*N522~
SVC*NU>0250*-2338*0**0**213~
DTM*150*20210905~
DTM*151*20210915~
CAS*OA*18*-2338*213~
REF*6R*PMXP0098959678-3~
LQ*HE*MA67~
LQ*HE*N522~
SVC*NU>0255*-540*0**0**250~
DTM*150*20210905~
DTM*151*20210915~
CAS*OA*18*-540*250~
REF*6R*PMXP0098959678-4~
LQ*HE*MA67~
LQ*HE*N522~
SVC*NU>0300*-3928*0**0**12~
DTM*150*20210905~
DTM*151*20210915~
CAS*OA*18*-3928*12~
REF*6R*PMXP0098959678-8~
LQ*HE*MA67~
LQ*HE*N522~
SVC*NU>0301*-5799*0**0**27~
DTM*150*20210905~
DTM*151*20210915~
CAS*OA*18*-5799*27~
REF*6R*PMXP0098959678-9~
LQ*HE*MA67~
LQ*HE*N522~
SVC*NU>0305*-2638*0**0**23~
DTM*150*20210905~
DTM*151*20210915~
CAS*OA*18*-2638*23~
REF*6R*PMXP0098959678-10~
LQ*HE*MA67~
LQ*HE*N522~
SVC*NU>0320*-722*0**0**2~
DTM*150*20210905~
DTM*151*20210915~
CAS*OA*18*-722*2~
REF*6R*PMXP0098959678-11~
LQ*HE*MA67~
LQ*HE*N522~
SVC*NU>0370*-716*0**0**4~
DTM*150*20210905~
DTM*151*20210915~
CAS*OA*18*-716*4~
REF*6R*PMXP0098959678-12~
LQ*HE*MA67~
LQ*HE*N522~
SVC*NU>0460*-111*0**0**1~
DTM*150*20210905~
DTM*151*20210915~
CAS*OA*18*-111*1~
REF*6R*PMXP0098959678-14~
LQ*HE*MA67~
LQ*HE*N522~
SVC*NU>0483*-5065*0**0**1~
DTM*150*20210905~
DTM*151*20210915~
CAS*OA*18*-5065*1~
REF*6R*PMXP0098959678-16~
LQ*HE*MA67~
LQ*HE*N522~
SVC*NU>0730*-6516*0**0**12~
DTM*150*20210905~
DTM*151*20210915~
CAS*OA*18*-6516*12~
REF*6R*PMXP0098959678-17~
LQ*HE*MA67~
LQ*HE*N522~
SVC*NU>0921*-2206*0**0**1~
DTM*150*20210905~
DTM*151*20210915~
CAS*OA*18*-2206*1~
REF*6R*PMXP0098959678-20~
LQ*HE*MA67~
LQ*HE*N522~
CLP*H315185652202*1*197084.6*0**13*211209C238890000*11*7**246*3.1257~
NM1*QC*1*SZABO*JOHN*T***MI*MEBD8MGQ~
NM1*82*2*THE TOLEDO HOSPITAL*****XX*1407854771~
REF*G1*2124845~
REF*1L*455716-056~
REF*CE*STRS PPO PLAN NET 03418~
REF*F8*211016E238890000~
DTM*232*20210905~
DTM*233*20210915~
DTM*050*20211209~
PER*CX**TE*8006240756~
SVC*NU>0211*8920*0**0**1~
DTM*150*20210905~
DTM*151*20210906~
CAS*OA*18*8920*1~
REF*6R*PMXP0098959678-1~
LQ*HE*MA67~
LQ*HE*N522~
SVC*NU>0214*34158*0**0**6~
DTM*150*20210906~
DTM*151*20210912~
CAS*OA*18*34158*6~
REF*6R*PMXP0098959678-2~
LQ*HE*MA67~
LQ*HE*M2~
LQ*HE*N522~
SVC*HC>93452*99091*0*0481*0**5~
DTM*150*20210905~
DTM*151*20210915~
CAS*OA*18*99091*5~
REF*6R*PMXP0098959678-15~
LQ*HE*MA67~
LQ*HE*M2~
LQ*HE*N522~
SVC*NU>0270*2272*0**0**4~
DTM*150*20210905~
DTM*151*20210915~
CAS*OA*18*2272*4~
REF*6R*PMXP0098959678-5~
LQ*HE*MA67~
LQ*HE*M2~
LQ*HE*N522~
SVC*NU>0272*4380.6*0**0**10~
DTM*150*20210905~
DTM*151*20210915~
CAS*OA*18*4380.6*10~
REF*6R*PMXP0098959678-6~
LQ*HE*MA67~
LQ*HE*M2~
LQ*HE*N522~
SVC*NU>0450*5880*0**0**2~
DTM*150*20210905~
DTM*151*20210915~
CAS*OA*18*5880*2~
REF*6R*PMXP0098959678-13~
LQ*HE*MA67~
LQ*HE*M2~
LQ*HE*N522~
SVC*NU>0761*929*0**0**1~
DTM*150*20210905~
DTM*151*20210915~
CAS*OA*18*929*1~
REF*6R*PMXP0098959678-18~
LQ*HE*MA67~
LQ*HE*M2~
LQ*HE*N522~
SVC*NU>0278*10875*0**0**3~
DTM*150*20210905~
DTM*151*20210915~
CAS*OA*18*10875*3~
REF*6R*PMXP0098959678-7~
LQ*HE*MA67~
LQ*HE*M2~
LQ*HE*N522~
SVC*NU>0250*2338*0**0**213~
DTM*150*20210905~
DTM*151*20210915~
CAS*OA*18*2338*213~
REF*6R*PMXP0098959678-3~
LQ*HE*MA67~
LQ*HE*M2~
LQ*HE*N522~
SVC*NU>0255*540*0**0**250~
DTM*150*20210905~
DTM*151*20210915~
CAS*OA*18*540*250~
REF*6R*PMXP0098959678-4~
LQ*HE*MA67~
LQ*HE*M2~
LQ*HE*N522~
SVC*NU>0300*3928*0**0**12~
DTM*150*20210905~
DTM*151*20210915~
CAS*OA*18*3928*12~
REF*6R*PMXP0098959678-8~
LQ*HE*MA67~
LQ*HE*M2~
LQ*HE*N522~
SVC*NU>0301*5799*0**0**27~
DTM*150*20210905~
DTM*151*20210915~
CAS*OA*18*5799*27~
REF*6R*PMXP0098959678-9~
LQ*HE*MA67~
LQ*HE*M2~
LQ*HE*N522~
SVC*NU>0305*2638*0**0**23~
DTM*150*20210905~
DTM*151*20210915~
CAS*OA*18*2638*23~
REF*6R*PMXP0098959678-10~
LQ*HE*MA67~
LQ*HE*M2~
LQ*HE*N522~
SVC*NU>0320*722*0**0**2~
DTM*150*20210905~
DTM*151*20210915~
CAS*OA*18*722*2~
REF*6R*PMXP0098959678-11~
LQ*HE*MA67~
LQ*HE*M2~
LQ*HE*N522~
SVC*NU>0370*716*0**0**4~
DTM*150*20210905~
DTM*151*20210915~
CAS*OA*18*716*4~
REF*6R*PMXP0098959678-12~
LQ*HE*MA67~
LQ*HE*M2~
LQ*HE*N522~
SVC*NU>0460*111*0**0**1~
DTM*150*20210905~
DTM*151*20210915~
CAS*OA*18*111*1~
REF*6R*PMXP0098959678-14~
LQ*HE*MA67~
LQ*HE*M2~
LQ*HE*N522~
SVC*NU>0483*5065*0**0**1~
DTM*150*20210905~
DTM*151*20210915~
CAS*OA*18*5065*1~
REF*6R*PMXP0098959678-16~
LQ*HE*MA67~
LQ*HE*M2~
LQ*HE*N522~
SVC*NU>0730*6516*0**0**12~
DTM*150*20210905~
DTM*151*20210915~
CAS*OA*18*6516*12~
REF*6R*PMXP0098959678-17~
LQ*HE*MA67~
LQ*HE*M2~
LQ*HE*N522~
SVC*NU>0921*2206*0**0**1~
DTM*150*20210905~
DTM*151*20210915~
CAS*OA*18*2206*1~
REF*6R*PMXP0098959678-20~
LQ*HE*MA67~
LQ*HE*M2~
LQ*HE*N522~
CLP*H315156672203*22*-311669.75*0**13*211113E559220001*11*7**327*2.6096~
NM1*QC*1*STANLEY*JANEALICE*B***MI*MEBT4K1X~
NM1*82*2*THE TOLEDO HOSPITAL*****XX*1407854771~
REF*G1*2020682~
REF*1L*455716-056~
REF*CE*STRS PPO PLAN NET 03418~
DTM*232*20210822~
DTM*233*20210914~
DTM*050*20211113~
PER*CX**TE*8006240756~
SVC*NU>0202*-26760*0**0**3~
DTM*150*20210822~
DTM*151*20210825~
CAS*PI*252*-26760*3~
REF*6R*PMXP0099794482-2~
LQ*HE*MA67~
LQ*HE*N26~
SVC*NU>0121*-72060*0**0**20~
DTM*150*20210825~
DTM*151*20210914~
CAS*PI*252*-72060*20~
REF*6R*PMXP0099794482-1~
LQ*HE*MA67~
LQ*HE*N26~
SVC*HC>43999*-46072*0*0360*0**13~
DTM*150*20210822~
DTM*151*20210914~
CAS*PI*252*-46072*13~
REF*6R*PMXP0099794482-19~
LQ*HE*MA67~
LQ*HE*N26~
SVC*HC>43999*-2886*0*0361*0**1~
DTM*150*20210822~
DTM*151*20210914~
CAS*PI*252*-2886*1~
REF*6R*PMXP0099794482-20~
LQ*HE*MA67~
LQ*HE*N26~
SVC*NU>0260*-520*0**0**2~
DTM*150*20210822~
DTM*151*20210914~
CAS*PI*252*-520*2~
REF*6R*PMXP0099794482-5~
LQ*HE*MA67~
LQ*HE*N26~
SVC*NU>0270*-8520*0**0**15~
DTM*150*20210822~
DTM*151*20210914~
CAS*PI*252*-8520*15~
REF*6R*PMXP0099794482-6~
LQ*HE*MA67~
LQ*HE*N26~
SVC*NU>0272*-5562.75*0**0**6~
DTM*150*20210822~
DTM*151*20210914~
CAS*PI*252*-5562.75*6~
REF*6R*PMXP0099794482-7~
LQ*HE*MA67~
LQ*HE*N26~
SVC*NU>0390*-4015*0**0**3~
DTM*150*20210822~
DTM*151*20210914~
CAS*PI*252*-4015*3~
REF*6R*PMXP0099794482-22~
LQ*HE*MA67~
LQ*HE*N26~
SVC*NU>0391*-3603*0**0**3~
DTM*150*20210822~
DTM*151*20210914~
CAS*PI*252*-3603*3~
REF*6R*PMXP0099794482-23~
LQ*HE*MA67~
LQ*HE*N26~
SVC*NU>0410*-247*0**0**1~
DTM*150*20210822~
DTM*151*20210914~
CAS*PI*252*-247*1~
REF*6R*PMXP0099794482-25~
LQ*HE*MA67~
LQ*HE*N26~
SVC*NU>0450*-2940*0**0**1~
DTM*150*20210822~
DTM*151*20210914~
CAS*PI*252*-2940*1~
REF*6R*PMXP0099794482-30~
LQ*HE*MA67~
LQ*HE*N26~
SVC*NU>0710*-5954*0**0**13~
DTM*150*20210822~
DTM*151*20210914~
CAS*PI*252*-5954*13~
REF*6R*PMXP0099794482-34~
LQ*HE*MA67~
LQ*HE*N26~
SVC*NU>0761*-5511*0**0**7~
DTM*150*20210822~
DTM*151*20210914~
CAS*PI*252*-5511*7~
REF*6R*PMXP0099794482-37~
LQ*HE*MA67~
LQ*HE*N26~
SVC*NU>0250*-19138*0**0**734~
DTM*150*20210822~
DTM*151*20210914~
CAS*PI*252*-19138*734~
REF*6R*PMXP0099794482-3~
LQ*HE*MA67~
LQ*HE*N26~
SVC*NU>0255*-398*0**0**15~
DTM*150*20210822~
DTM*151*20210914~
CAS*PI*252*-398*15~
REF*6R*PMXP0099794482-4~
LQ*HE*MA67~
LQ*HE*N26~
SVC*NU>0300*-18830*0**0**65~
DTM*150*20210822~
DTM*151*20210914~
CAS*PI*252*-18830*65~
REF*6R*PMXP0099794482-8~
LQ*HE*MA67~
LQ*HE*N26~
SVC*NU>0301*-21553*0**0**134~
DTM*150*20210822~
DTM*151*20210914~
CAS*PI*252*-21553*134~
REF*6R*PMXP0099794482-9~
LQ*HE*MA67~
LQ*HE*N26~
SVC*NU>0302*-13822*0**0**60~
DTM*150*20210822~
DTM*151*20210914~
CAS*PI*252*-13822*60~
REF*6R*PMXP0099794482-10~
LQ*HE*MA67~
LQ*HE*N26~
SVC*NU>0305*-6543*0**0**59~
DTM*150*20210822~
DTM*151*20210914~
CAS*PI*252*-6543*59~
REF*6R*PMXP0099794482-11~
LQ*HE*MA67~
LQ*HE*N26~
SVC*NU>0306*-1370*0**0**6~
DTM*150*20210822~
DTM*151*20210914~
CAS*PI*252*-1370*6~
REF*6R*PMXP0099794482-12~
LQ*HE*MA67~
LQ*HE*N26~
SVC*NU>0307*-166*0**0**2~
DTM*150*20210822~
DTM*151*20210914~
CAS*PI*252*-166*2~
REF*6R*PMXP0099794482-13~
LQ*HE*MA67~
LQ*HE*N26~
SVC*NU>0310*-155*0**0**1~
DTM*150*20210822~
DTM*151*20210914~
CAS*PI*252*-155*1~
REF*6R*PMXP0099794482-14~
LQ*HE*MA67~
LQ*HE*N26~
SVC*NU>0311*-1392*0**0**10~
DTM*150*20210822~
DTM*151*20210914~
CAS*PI*252*-1392*10~
REF*6R*PMXP0099794482-15~
LQ*HE*MA67~
LQ*HE*N26~
SVC*NU>0312*-1078*0**0**4~
DTM*150*20210822~
DTM*151*20210914~
CAS*PI*252*-1078*4~
REF*6R*PMXP0099794482-16~
LQ*HE*MA67~
LQ*HE*N26~
SVC*NU>0320*-3466*0**0**8~
DTM*150*20210822~
DTM*151*20210914~
CAS*PI*252*-3466*8~
REF*6R*PMXP0099794482-17~
LQ*HE*MA67~
LQ*HE*N26~
SVC*NU>0352*-3842*0**0**3~
DTM*150*20210822~
DTM*151*20210914~
CAS*PI*252*-3842*3~
REF*6R*PMXP0099794482-18~
LQ*HE*MA67~
LQ*HE*N26~
SVC*NU>0370*-997*0**0**3~
DTM*150*20210822~
DTM*151*20210914~
CAS*PI*252*-997*3~
REF*6R*PMXP0099794482-21~
LQ*HE*MA67~
LQ*HE*N26~
SVC*NU>0402*-2264*0**0**2~
DTM*150*20210822~
DTM*151*20210914~
CAS*PI*252*-2264*2~
REF*6R*PMXP0099794482-24~
LQ*HE*MA67~
LQ*HE*N26~
SVC*NU>0421*-2498*0**0**14~
DTM*150*20210822~
DTM*151*20210914~
CAS*PI*252*-2498*14~
REF*6R*PMXP0099794482-26~
LQ*HE*MA67~
LQ*HE*N26~
SVC*NU>0424*-679*0**0**2~
DTM*150*20210822~
DTM*151*20210914~
CAS*PI*252*-679*2~
REF*6R*PMXP0099794482-27~
LQ*HE*MA67~
LQ*HE*N26~
SVC*NU>0431*-3053*0**0**17~
DTM*150*20210822~
DTM*151*20210914~
CAS*PI*252*-3053*17~
REF*6R*PMXP0099794482-28~
LQ*HE*MA67~
LQ*HE*N26~
SVC*NU>0434*-679*0**0**2~
DTM*150*20210822~
DTM*151*20210914~
CAS*PI*252*-679*2~
REF*6R*PMXP0099794482-29~
LQ*HE*MA67~
LQ*HE*N26~
SVC*NU>0460*-413*0**0**2~
DTM*150*20210822~
DTM*151*20210914~
CAS*PI*252*-413*2~
REF*6R*PMXP0099794482-31~
LQ*HE*MA67~
LQ*HE*N26~
SVC*NU>0483*-5065*0**0**1~
DTM*150*20210822~
DTM*151*20210914~
CAS*PI*252*-5065*1~
REF*6R*PMXP0099794482-32~
LQ*HE*MA67~
LQ*HE*N26~
SVC*NU>0611*-1907*0**0**1~
DTM*150*20210822~
DTM*151*20210914~
CAS*PI*252*-1907*1~
REF*6R*PMXP0099794482-33~
LQ*HE*MA67~
LQ*HE*N26~
SVC*NU>0730*-3801*0**0**7~
DTM*150*20210822~
DTM*151*20210914~
CAS*PI*252*-3801*7~
REF*6R*PMXP0099794482-35~
LQ*HE*MA67~
LQ*HE*N26~
SVC*NU>0750*-13910*0**0**6~
DTM*150*20210822~
DTM*151*20210914~
CAS*PI*252*-13910*6~
REF*6R*PMXP0099794482-36~
LQ*HE*MA67~
LQ*HE*N26~
CLP*H315156672203*1*311669.75*22512.37*222.87*13*211215C559220000*11*7**327*2.6096~
NM1*QC*1*STANLEY*JANEALICE*B***MI*MEBT4K1X~
NM1*82*2*THE TOLEDO HOSPITAL*****XX*1407854771~
REF*G1*2020682~
REF*1L*455716-056~
REF*CE*STRS PPO PLAN NET 03418~
REF*F8*211113E559220001~
DTM*232*20210822~
DTM*233*20210914~
DTM*050*20211215~
PER*CX**TE*8006240756~
AMT*AU*26760~
SVC*NU>0202*26760*22512.37**3~
DTM*150*20210822~
DTM*151*20210825~
CAS*CO*45*4024.76~
CAS*PR*2*222.87~
REF*6R*PMXP0099794482-2~
AMT*B6*22735.24~
SVC*NU>0121*72060*0**0**20~
DTM*150*20210825~
DTM*151*20210914~
CAS*CO*97*72060*20~
REF*6R*PMXP0099794482-1~
LQ*HE*M2~
SVC*HC>43999*46072*0*0360*0**13~
DTM*150*20210822~
DTM*151*20210914~
CAS*CO*97*46072*13~
REF*6R*PMXP0099794482-19~
LQ*HE*M2~
SVC*HC>43999*2886*0*0361*0**1~
DTM*150*20210822~
DTM*151*20210914~
CAS*CO*97*2886*1~
REF*6R*PMXP0099794482-20~
LQ*HE*M2~
SVC*NU>0260*520*0**0**2~
DTM*150*20210822~
DTM*151*20210914~
CAS*CO*97*520*2~
REF*6R*PMXP0099794482-5~
LQ*HE*M2~
SVC*NU>0270*8520*0**0**15~
DTM*150*20210822~
DTM*151*20210914~
CAS*CO*97*8520*15~
REF*6R*PMXP0099794482-6~
LQ*HE*M2~
SVC*NU>0272*5562.75*0**0**6~
DTM*150*20210822~
DTM*151*20210914~
CAS*CO*97*5562.75*6~
REF*6R*PMXP0099794482-7~
LQ*HE*M2~
SVC*NU>0390*4015*0**0**3~
DTM*150*20210822~
DTM*151*20210914~
CAS*CO*97*4015*3~
REF*6R*PMXP0099794482-22~
LQ*HE*M2~
SVC*NU>0391*3603*0**0**3~
DTM*150*20210822~
DTM*151*20210914~
CAS*CO*97*3603*3~
REF*6R*PMXP0099794482-23~
LQ*HE*M2~
SVC*NU>0410*247*0**0**1~
DTM*150*20210822~
DTM*151*20210914~
CAS*CO*97*247*1~
REF*6R*PMXP0099794482-25~
LQ*HE*M2~
SVC*NU>0450*2940*0**0**1~
DTM*150*20210822~
DTM*151*20210914~
CAS*CO*97*2940*1~
REF*6R*PMXP0099794482-30~
LQ*HE*M2~
SVC*NU>0710*5954*0**0**13~
DTM*150*20210822~
DTM*151*20210914~
CAS*CO*97*5954*13~
REF*6R*PMXP0099794482-34~
LQ*HE*M2~
SVC*NU>0761*5511*0**0**7~
DTM*150*20210822~
DTM*151*20210914~
CAS*CO*97*5511*7~
REF*6R*PMXP0099794482-37~
LQ*HE*M2~
SVC*NU>0250*19138*0**0**734~
DTM*150*20210822~
DTM*151*20210914~
CAS*CO*97*19138*734~
REF*6R*PMXP0099794482-3~
LQ*HE*M2~
SVC*NU>0255*398*0**0**15~
DTM*150*20210822~
DTM*151*20210914~
CAS*CO*97*398*15~
REF*6R*PMXP0099794482-4~
LQ*HE*M2~
SVC*NU>0300*18830*0**0**65~
DTM*150*20210822~
DTM*151*20210914~
CAS*CO*97*18830*65~
REF*6R*PMXP0099794482-8~
LQ*HE*M2~
SVC*NU>0301*21553*0**0**134~
DTM*150*20210822~
DTM*151*20210914~
CAS*CO*97*21553*134~
REF*6R*PMXP0099794482-9~
LQ*HE*M2~
SVC*NU>0302*13822*0**0**60~
DTM*150*20210822~
DTM*151*20210914~
CAS*CO*97*13822*60~
REF*6R*PMXP0099794482-10~
LQ*HE*M2~
SVC*NU>0305*6543*0**0**59~
DTM*150*20210822~
DTM*151*20210914~
CAS*CO*97*6543*59~
REF*6R*PMXP0099794482-11~
LQ*HE*M2~
SVC*NU>0306*1370*0**0**6~
DTM*150*20210822~
DTM*151*20210914~
CAS*CO*97*1370*6~
REF*6R*PMXP0099794482-12~
LQ*HE*M2~
SVC*NU>0307*166*0**0**2~
DTM*150*20210822~
DTM*151*20210914~
CAS*CO*97*166*2~
REF*6R*PMXP0099794482-13~
LQ*HE*M2~
SVC*NU>0310*155*0**0**1~
DTM*150*20210822~
DTM*151*20210914~
CAS*CO*97*155*1~
REF*6R*PMXP0099794482-14~
LQ*HE*M2~
SVC*NU>0311*1392*0**0**10~
DTM*150*20210822~
DTM*151*20210914~
CAS*CO*97*1392*10~
REF*6R*PMXP0099794482-15~
LQ*HE*M2~
SVC*NU>0312*1078*0**0**4~
DTM*150*20210822~
DTM*151*20210914~
CAS*CO*97*1078*4~
REF*6R*PMXP0099794482-16~
LQ*HE*M2~
SVC*NU>0320*3466*0**0**8~
DTM*150*20210822~
DTM*151*20210914~
CAS*CO*97*3466*8~
REF*6R*PMXP0099794482-17~
LQ*HE*M2~
SVC*NU>0352*3842*0**0**3~
DTM*150*20210822~
DTM*151*20210914~
CAS*CO*97*3842*3~
REF*6R*PMXP0099794482-18~
LQ*HE*M2~
SVC*NU>0370*997*0**0**3~
DTM*150*20210822~
DTM*151*20210914~
CAS*CO*97*997*3~
REF*6R*PMXP0099794482-21~
LQ*HE*M2~
SVC*NU>0402*2264*0**0**2~
DTM*150*20210822~
DTM*151*20210914~
CAS*CO*97*2264*2~
REF*6R*PMXP0099794482-24~
LQ*HE*M2~
SVC*NU>0421*2498*0**0**14~
DTM*150*20210822~
DTM*151*20210914~
CAS*CO*97*2498*14~
REF*6R*PMXP0099794482-26~
LQ*HE*M2~
SVC*NU>0424*679*0**0**2~
DTM*150*20210822~
DTM*151*20210914~
CAS*CO*97*679*2~
REF*6R*PMXP0099794482-27~
LQ*HE*M2~
SVC*NU>0431*3053*0**0**17~
DTM*150*20210822~
DTM*151*20210914~
CAS*CO*97*3053*17~
REF*6R*PMXP0099794482-28~
LQ*HE*M2~
SVC*NU>0434*679*0**0**2~
DTM*150*20210822~
DTM*151*20210914~
CAS*CO*97*679*2~
REF*6R*PMXP0099794482-29~
LQ*HE*M2~
SVC*NU>0460*413*0**0**2~
DTM*150*20210822~
DTM*151*20210914~
CAS*CO*97*413*2~
REF*6R*PMXP0099794482-31~
LQ*HE*M2~
SVC*NU>0483*5065*0**0**1~
DTM*150*20210822~
DTM*151*20210914~
CAS*CO*97*5065*1~
REF*6R*PMXP0099794482-32~
LQ*HE*M2~
SVC*NU>0611*1907*0**0**1~
DTM*150*20210822~
DTM*151*20210914~
CAS*CO*97*1907*1~
REF*6R*PMXP0099794482-33~
LQ*HE*M2~
SVC*NU>0730*3801*0**0**7~
DTM*150*20210822~
DTM*151*20210914~
CAS*CO*97*3801*7~
REF*6R*PMXP0099794482-35~
LQ*HE*M2~
SVC*NU>0750*13910*0**0**6~
DTM*150*20210822~
DTM*151*20210914~
CAS*CO*97*13910*6~
REF*6R*PMXP0099794482-36~
LQ*HE*M2~
CLP*H315396723700*1*686*94.6*10.51*13*220104E016670000*13*1~
NM1*QC*1*BENNETT*ROSE*M***MI*MEBNY9PN~
NM1*82*2*THE TOLEDO HOSPITAL*****XX*1407854771~
REF*G1*3007811~
REF*1L*441297-006~
REF*CE*MEDICARE (S02) PPO PLAN NET 03418~
DTM*232*20211228~
DTM*233*20211228~
DTM*050*20220104~
PER*CX**TE*8006240756~
AMT*AU*686~
SVC*HC>71250*686*94.6*0352*1~
DTM*472*20211228~
CAS*CO*45*580.89~
CAS*PR*2*10.51~
REF*6R*PMXP0101314723-1~
AMT*B6*105.11~
LQ*HE*N59~
CLP*H315386883400*1*640*23.8**13*220104E016980000*13*1~
NM1*QC*1*BARD*REBECCA*D***MI*MEBNH13X~
NM1*82*2*THE TOLEDO HOSPITAL*****XX*1407854771~
REF*1L*441297-006~
REF*CE*MEDICARE (S02) PPO PLAN NET 03418~
DTM*232*20211219~
DTM*233*20211219~
DTM*050*20220104~
PER*CX**TE*8006240756~
AMT*AU*120~
SVC*HC>C9803>CS*120*23.8*0300*1~
DTM*472*20211219~
CAS*CO*45*96.2~
REF*6R*PMXP0101313404-1~
AMT*B6*23.8~
LQ*HE*N59~
SVC*HC>U0003*420*0*0300*0**1~
DTM*472*20211219~
CAS*CO*234*420*1~
REF*6R*PMXP0101313404-2~
LQ*HE*N525~
SVC*HC>U0005*100*0*0300*0**1~
DTM*472*20211219~
CAS*CO*234*100*1~
REF*6R*PMXP0101313404-3~
LQ*HE*N525~
CLP*H315367532400*1*640*0**13*220104E107370000*13*1~
NM1*QC*1*DUWVE*STEPHANIE*A***MI*MEBRZVGC~
NM1*82*2*THE TOLEDO HOSPITAL*****XX*1407854771~
REF*1L*441301-005~
REF*CE*MEDICARE (S02) PPO PLAN NET 03418~
DTM*232*20211219~
DTM*233*20211219~
DTM*050*20220104~
PER*CX**TE*8006240756~
SVC*HC>C9803>CS*120*0*0300*0**1~
DTM*472*20211219~
CAS*CO*97*120*1~
REF*6R*PMXP0101313350-1~
LQ*HE*N130~
SVC*HC>U0003*420*0*0300*0**1~
DTM*472*20211219~
CAS*CO*234*420*1~
REF*6R*PMXP0101313350-2~
LQ*HE*N130~
LQ*HE*N525~
SVC*HC>U0005*100*0*0300*0**1~
DTM*472*20211219~
CAS*CO*234*100*1~
REF*6R*PMXP0101313350-3~
LQ*HE*N130~
LQ*HE*N525~
CLP*H315387539700*1*640*23.8**13*220104E287780000*13*1~
NM1*QC*1*KATAFIASZ*GERALD*C***MI*MEBNZDZB~
NM1*82*2*THE TOLEDO HOSPITAL*****XX*1407854771~
REF*1L*441297-006~
REF*CE*MEDICARE (S02) PPO PLAN NET 03418~
DTM*232*20211219~
DTM*233*20211219~
DTM*050*20220104~
PER*CX**TE*8006240756~
AMT*AU*120~
SVC*HC>C9803>CS*120*23.8*0300*1~
DTM*472*20211219~
CAS*CO*45*96.2~
REF*6R*PMXP0101313368-1~
AMT*B6*23.8~
LQ*HE*N59~
SVC*HC>U0003*420*0*0300*0**1~
DTM*472*20211219~
CAS*CO*234*420*1~
REF*6R*PMXP0101313368-2~
LQ*HE*N525~
SVC*HC>U0005*100*0*0300*0**1~
DTM*472*20211219~
CAS*CO*234*100*1~
REF*6R*PMXP0101313368-3~
LQ*HE*N525~
CLP*H315434784300*1*686*94.6*10.51*13*220104E376710000*13*1~
NM1*QC*1*ALCORN*KATHLEEN*T***MI*MEBMRQTT~
NM1*82*2*THE TOLEDO HOSPITAL*****XX*1407854771~
REF*G1*3070320~
REF*1L*441297-006~
REF*CE*MEDICARE (S02) PPO PLAN NET 03418~
DTM*232*20211229~
DTM*233*20211229~
DTM*050*20220104~
PER*CX**TE*8006240756~
AMT*AU*686~
SVC*HC>73700>RT*686*94.6*0352*1~
DTM*472*20211229~
CAS*CO*45*580.89~
CAS*PR*2*10.51~
REF*6R*PMXP0101315142-1~
AMT*B6*105.11~
LQ*HE*N59~
CLP*H315370160700*1*36706*11263.34*4*13*220107E233990000*13*2~
NM1*QC*1*DUVALL*CARL*D***MI*MEBNX4QT~
NM1*82*2*THE TOLEDO HOSPITAL*****XX*1407854771~
REF*G1*2473813~
REF*1L*441301-005~
REF*CE*MEDICARE (S02) PPO PLAN NET 03418~
DTM*232*20211202~
DTM*233*20211230~
DTM*050*20220107~
PER*CX**TE*8006240756~
AMT*AU*36702~
SVC*HC>A9270>GY*2*0*0637*0**2~
DTM*472*20211202~
CAS*PR*96*2*2~
REF*6R*PMXP0101432887-7~
LQ*HE*N130~
SVC*HC>96365*1510*196.3*0260*1~
DTM*472*20211202~
CAS*CO*45*1313.7~
REF*6R*PMXP0101432887-1~
AMT*B6*196.3~
LQ*HE*N59~
SVC*HC>96366*520*77.16*0260*2~
DTM*472*20211202~
CAS*CO*45*442.84~
REF*6R*PMXP0101432887-3~
AMT*B6*77.16~
LQ*HE*N59~
SVC*HC>J1569*16191*5338.92*0636*120~
DTM*472*20211202~
CAS*CO*45*10852.08~
REF*6R*PMXP0101432887-5~
AMT*B6*5338.92~
LQ*HE*N59~
SVC*HC>A9270>GY*2*0*0637*0**2~
DTM*472*20211230~
CAS*PR*96*2*2~
REF*6R*PMXP0101432887-8~
LQ*HE*N130~
SVC*HC>96365*1510*196.3*0260*1~
DTM*472*20211230~
CAS*CO*45*1313.7~
REF*6R*PMXP0101432887-2~
AMT*B6*196.3~
LQ*HE*N59~
SVC*HC>96366*780*115.74*0260*3~
DTM*472*20211230~
CAS*CO*45*664.26~
REF*6R*PMXP0101432887-4~
AMT*B6*115.74~
LQ*HE*N59~
SVC*HC>J1569*16191*5338.92*0636*120~
DTM*472*20211230~
CAS*CO*45*10852.08~
REF*6R*PMXP0101432887-6~
AMT*B6*5338.92~
LQ*HE*N59~
CLP*H315354759300*1*61809.6*11722.03*152.72*13*220108E062490000*13*1~
NM1*QC*1*ELIZONDO*MARGARITA*L***MI*MEBNYZRD~
NM1*82*2*THE TOLEDO HOSPITAL*****XX*1407854771~
REF*G1*2979117~
REF*1L*441301-005~
REF*CE*MEDICARE (S02) PPO PLAN NET 03418~
DTM*232*20211228~
DTM*233*20211229~
DTM*050*20220108~
PER*CX**TE*8006240756~
AMT*AU*36760~
SVC*NU>0250*2857*0**0**26~
DTM*472*20211228~
CAS*CO*97*2857*26~
REF*6R*PMXP0101488070-1~
LQ*HE*N130~
SVC*NU>0250*93*0**0**3~
DTM*472*20211229~
CAS*CO*97*93*3~
REF*6R*PMXP0101488070-2~
LQ*HE*N130~
SVC*NU>0270*568*0**0**1~
DTM*472*20211228~
CAS*CO*97*568*1~
REF*6R*PMXP0101488070-3~
LQ*HE*N130~
SVC*NU>0272*951.01*0**0**4~
DTM*472*20211228~
CAS*CO*97*951.01*4~
REF*6R*PMXP0101488070-4~
LQ*HE*N130~
SVC*NU>0278*382.5*0**0**2~
DTM*472*20211228~
CAS*CO*97*382.5*2~
REF*6R*PMXP0101488070-5~
LQ*HE*N130~
SVC*HC>C1776*11692.09*0*0278*0**4~
DTM*472*20211228~
CAS*CO*97*11692.09*4~
REF*6R*PMXP0101488070-6~
LQ*HE*N130~
SVC*HC>27447>RT*35917*11548.61*0360*1~
DTM*472*20211228~
CAS*CO*45*24215.67~
CAS*PR*2*152.72~
REF*6R*PMXP0101488070-7~
AMT*B6*11701.33~
LQ*HE*MA109~
SVC*HC>97530>GP*190*0*0421*0**1~
DTM*472*20211229~
CAS*CO*97*190*1~
REF*6R*PMXP0101488070-8~
LQ*HE*N130~
SVC*HC>97162>GP*444*98.02*0424*1~
DTM*472*20211229~
CAS*CO*45*345.98~
REF*6R*PMXP0101488070-9~
AMT*B6*98.02~
LQ*HE*N59~
SVC*HC>97535>GO>59*171*0*0431*0**1~
DTM*472*20211229~
CAS*CO*97*171*1~
REF*6R*PMXP0101488070-10~
LQ*HE*N130~
SVC*HC>97165>GO*399*75.4*0434*1~
DTM*472*20211229~
CAS*CO*45*323.6~
REF*6R*PMXP0101488070-11~
AMT*B6*75.4~
LQ*HE*N59~
SVC*HC>A9270>GY*15*0*0637*0**14~
DTM*472*20211228~
CAS*PI*16*15*14~
REF*6R*PMXP0101488070-12~
LQ*HE*M49~
SVC*HC>A9270>GY*25*0*0637*0**9~
DTM*472*20211229~
CAS*PI*16*25*9~
REF*6R*PMXP0101488070-13~
LQ*HE*M49~
SVC*NU>0710*4981*0**0**32~
DTM*472*20211228~
CAS*CO*97*4981*32~
REF*6R*PMXP0101488070-14~
LQ*HE*N130~
SVC*NU>0710*3124*0**0**44~
DTM*472*20211229~
CAS*CO*97*3124*44~
REF*6R*PMXP0101488070-15~
LQ*HE*N130~
CLP*H315265429900*1*285596*74443.49**13*220108E062550000*13*3~
NM1*QC*1*COTTON SLIKER*SANDRA*W***MI*MEBDGG9X~
NM1*74*1*COTTON SLIKE~
NM1*82*2*THE TOLEDO HOSPITAL*****XX*1407854771~
REF*1L*467100-017~
REF*CE*PREMIER 2 PPO NET 03418~
DTM*232*20211207~
DTM*233*20211207~
DTM*050*20220108~
PER*CX**TE*8006240756~
AMT*AU*284093~
SVC*HC>A9270>GY*1*0*0637*0**1~
DTM*472*20211207~
CAS*PI*16*1*1~
REF*6R*PMXP0101492659-9~
LQ*HE*M49~
SVC*HC>80053*424*0*0300*0**1~
DTM*472*20211207~
CAS*CO*97*424*1~
REF*6R*PMXP0101492659-2~
LQ*HE*N130~
SVC*HC>83010*279*0*0301*0**1~
DTM*472*20211207~
CAS*CO*97*279*1~
REF*6R*PMXP0101492659-3~
LQ*HE*N130~
SVC*HC>83615*126*0*0301*0**1~
DTM*472*20211207~
CAS*CO*97*126*1~
REF*6R*PMXP0101492659-4~
LQ*HE*N130~
SVC*HC>85025*153*0*0305*0**1~
DTM*472*20211207~
CAS*CO*97*153*1~
REF*6R*PMXP0101492659-5~
LQ*HE*N130~
SVC*HC>85045*102*0*0305*0**1~
DTM*472*20211207~
CAS*CO*97*102*1~
REF*6R*PMXP0101492659-6~
LQ*HE*N130~
SVC*HC>96413*2317*299.75*0335*1~
DTM*472*20211207~
CAS*CO*45*2017.25~
REF*6R*PMXP0101492659-7~
AMT*B6*299.75~
LQ*HE*N59~
SVC*HC>J1303*281776*74143.74*0636*330~
DTM*472*20211207~
CAS*CO*45*207632.26~
REF*6R*PMXP0101492659-8~
AMT*B6*74143.74~
LQ*HE*N59~
SVC*HC>36591*374*0*0761*0**1~
DTM*472*20211207~
CAS*CO*97*374*1~
REF*6R*PMXP0101492659-10~
LQ*HE*N130~
SVC*NU>0250*44*0**0**7~
DTM*472*20211207~
CAS*CO*97*44*7~
REF*6R*PMXP0101492659-1~
LQ*HE*N130~
CLP*H314161152603*1*127498*0**13*220108E162780000*11*7**382*.7914~
NM1*QC*1*MILLER*AUDREY*M***MI*MEBTQB0F~
NM1*82*2*THE TOLEDO HOSPITAL*****XX*1407854771~
REF*G1*8287278~
REF*1L*466235-001~
REF*CE*SERS PPO PLAN NET 03418~
DTM*232*20200214~
DTM*233*20200227~
DTM*050*20220108~
PER*CX**TE*8006240756~
SVC*NU>0206*71162*0**0**13~
DTM*150*20200214~
DTM*151*20200227~
CAS*OA*18*71162*13~
REF*6R*PMXP0101488334-1~
LQ*HE*MA67~
LQ*HE*N522~
SVC*NU>0260*2408*0**0**5~
DTM*150*20200214~
DTM*151*20200227~
CAS*OA*18*2408*5~
REF*6R*PMXP0101488334-3~
LQ*HE*MA67~
LQ*HE*N130~
LQ*HE*N522~
SVC*NU>0270*7714*0**0**14~
DTM*150*20200214~
DTM*151*20200227~
CAS*OA*18*7714*14~
REF*6R*PMXP0101488334-4~
LQ*HE*MA67~
LQ*HE*N130~
LQ*HE*N522~
SVC*NU>0450*2774*0**0**1~
DTM*150*20200214~
DTM*151*20200227~
CAS*OA*18*2774*1~
REF*6R*PMXP0101488334-16~
LQ*HE*MA67~
LQ*HE*N130~
LQ*HE*N522~
SVC*NU>0761*786*0**0**3~
DTM*150*20200214~
DTM*151*20200227~
CAS*OA*18*786*3~
REF*6R*PMXP0101488334-20~
LQ*HE*MA67~
LQ*HE*N130~
LQ*HE*N522~
SVC*NU>0250*7246*0**0**1986~
DTM*150*20200214~
DTM*151*20200227~
CAS*OA*18*7246*999~
REF*6R*PMXP0101488334-2~
LQ*HE*MA67~
LQ*HE*N130~
LQ*HE*N522~
SVC*NU>0300*5128*0**0**17~
DTM*150*20200214~
DTM*151*20200227~
CAS*OA*18*5128*17~
REF*6R*PMXP0101488334-5~
LQ*HE*MA67~
LQ*HE*N130~
LQ*HE*N522~
SVC*NU>0301*4253*0**0**27~
DTM*150*20200214~
DTM*151*20200227~
CAS*OA*18*4253*27~
REF*6R*PMXP0101488334-6~
LQ*HE*MA67~
LQ*HE*N130~
LQ*HE*N522~
SVC*NU>0302*367*0**0**3~
DTM*150*20200214~
DTM*151*20200227~
CAS*OA*18*367*3~
REF*6R*PMXP0101488334-7~
LQ*HE*MA67~
LQ*HE*N130~
LQ*HE*N522~
SVC*NU>0305*4474*0**0**46~
DTM*150*20200214~
DTM*151*20200227~
CAS*OA*18*4474*46~
REF*6R*PMXP0101488334-8~
LQ*HE*MA67~
LQ*HE*N130~
LQ*HE*N522~
SVC*NU>0320*650*0**0**2~
DTM*150*20200214~
DTM*151*20200227~
CAS*OA*18*650*2~
REF*6R*PMXP0101488334-9~
LQ*HE*MA67~
LQ*HE*N130~
LQ*HE*N522~
SVC*NU>0370*931*0**0**3~
DTM*150*20200214~
DTM*151*20200227~
CAS*OA*18*931*3~
REF*6R*PMXP0101488334-10~
LQ*HE*MA67~
LQ*HE*N130~
LQ*HE*N522~
SVC*NU>0402*1068*0**0**1~
DTM*150*20200214~
DTM*151*20200227~
CAS*OA*18*1068*1~
REF*6R*PMXP0101488334-11~
LQ*HE*MA67~
LQ*HE*N130~
LQ*HE*N522~
SVC*NU>0421*1674*0**0**10~
DTM*150*20200214~
DTM*151*20200227~
CAS*OA*18*1674*10~
REF*6R*PMXP0101488334-12~
LQ*HE*MA67~
LQ*HE*N130~
LQ*HE*N522~
SVC*NU>0424*423*0**0**1~
DTM*150*20200214~
DTM*151*20200227~
CAS*OA*18*423*1~
REF*6R*PMXP0101488334-13~
LQ*HE*MA67~
LQ*HE*N130~
LQ*HE*N522~
SVC*NU>0431*1379*0**0**8~
DTM*150*20200214~
DTM*151*20200227~
CAS*OA*18*1379*8~
REF*6R*PMXP0101488334-14~
LQ*HE*MA67~
LQ*HE*N130~
LQ*HE*N522~
SVC*NU>0434*423*0**0**1~
DTM*150*20200214~
DTM*151*20200227~
CAS*OA*18*423*1~
REF*6R*PMXP0101488334-15~
LQ*HE*MA67~
LQ*HE*N130~
LQ*HE*N522~
SVC*NU>0460*106*0**0**1~
DTM*150*20200214~
DTM*151*20200227~
CAS*OA*18*106*1~
REF*6R*PMXP0101488334-17~
LQ*HE*MA67~
LQ*HE*N130~
LQ*HE*N522~
SVC*NU>0730*503*0**0**1~
DTM*150*20200214~
DTM*151*20200227~
CAS*OA*18*503*1~
REF*6R*PMXP0101488334-18~
LQ*HE*MA67~
LQ*HE*N130~
LQ*HE*N522~
SVC*NU>0750*11948*0**0**5~
DTM*150*20200214~
DTM*151*20200227~
CAS*OA*18*11948*5~
REF*6R*PMXP0101488334-19~
LQ*HE*MA67~
LQ*HE*N130~
LQ*HE*N522~
SVC*NU>0921*2081*0**0**1~
DTM*150*20200214~
DTM*151*20200227~
CAS*OA*18*2081*1~
REF*6R*PMXP0101488334-21~
LQ*HE*MA67~
LQ*HE*N130~
LQ*HE*N522~
CLP*H315308616600*1*162905*20724.53**13*220112E051580000*13*3~
NM1*QC*1*SCHEUER*JEAN****MI*101377953800~
NM1*74*1******C*MEBT9R3Y~
NM1*82*2*THE TOLEDO HOSPITAL*****XX*1407854771~
REF*G1*2480728~
REF*1L*441301-005~
REF*CE*MEDICARE (S02) PPO PLAN NET 03418~
DTM*232*20211201~
DTM*233*20211230~
DTM*050*20220112~
PER*CX**TE*8006240756~
AMT*AU*157264~
SVC*HC>77386*5285*523.34*0333*1~
DTM*472*20211201~
CAS*CO*45*4761.66~
REF*6R*PMXP0101584307-28~
AMT*B6*523.34~
LQ*HE*N59~
SVC*HC>80053*424*0*0300*0**1~
DTM*472*20211202~
CAS*CO*97*424*1~
REF*6R*PMXP0101584307-10~
LQ*HE*N130~
SVC*HC>82607*320*0*0301*0**1~
DTM*472*20211202~
CAS*CO*97*320*1~
REF*6R*PMXP0101584307-13~
LQ*HE*N130~
SVC*HC>82728*294*0*0301*0**1~
DTM*472*20211202~
CAS*CO*97*294*1~
REF*6R*PMXP0101584307-14~
LQ*HE*N130~
SVC*HC>82746*299*0*0301*0**1~
DTM*472*20211202~
CAS*CO*97*299*1~
REF*6R*PMXP0101584307-15~
LQ*HE*N130~
SVC*HC>83540*147*0*0301*0**1~
DTM*472*20211202~
CAS*CO*97*147*1~
REF*6R*PMXP0101584307-16~
LQ*HE*N130~
SVC*HC>83550*113*0*0301*0**1~
DTM*472*20211202~
CAS*CO*97*113*1~
REF*6R*PMXP0101584307-17~
LQ*HE*N130~
SVC*HC>84439*114*0*0301*0**1~
DTM*472*20211202~
CAS*CO*97*114*1~
REF*6R*PMXP0101584307-19~
LQ*HE*N130~
SVC*HC>84443*357*0*0301*0**1~
DTM*472*20211202~
CAS*CO*97*357*1~
REF*6R*PMXP0101584307-20~
LQ*HE*N130~
SVC*HC>85025*153*0*0305*0**1~
DTM*472*20211202~
CAS*CO*97*153*1~
REF*6R*PMXP0101584307-21~
LQ*HE*N130~
SVC*HC>96365*1510*196.3*0260*1~
DTM*472*20211202~
CAS*CO*45*1313.7~
REF*6R*PMXP0101584307-4~
AMT*B6*196.3~
LQ*HE*N59~
SVC*HC>96366*260*38.58*0260*1~
DTM*472*20211202~
CAS*CO*45*221.42~
REF*6R*PMXP0101584307-6~
AMT*B6*38.58~
LQ*HE*N59~
SVC*HC>36591*374*0*0761*0**1~
DTM*472*20211202~
CAS*CO*97*374*1~
REF*6R*PMXP0101584307-57~
LQ*HE*N130~
SVC*NU>0250*112*0**0**8~
DTM*472*20211202~
CAS*CO*97*112*8~
REF*6R*PMXP0101584307-1~
LQ*HE*N130~
SVC*HC>77336*1222*122.38*0333*1~
DTM*472*20211202~
CAS*CO*45*1099.62~
REF*6R*PMXP0101584307-24~
AMT*B6*122.38~
LQ*HE*N59~
SVC*HC>77386*5285*523.34*0333*1~
DTM*472*20211202~
CAS*CO*45*4761.66~
REF*6R*PMXP0101584307-29~
AMT*B6*523.34~
LQ*HE*N59~
SVC*HC>77386*5285*523.34*0333*1~
DTM*472*20211203~
CAS*CO*45*4761.66~
REF*6R*PMXP0101584307-30~
AMT*B6*523.34~
LQ*HE*N59~
SVC*HC>77386*5285*523.34*0333*1~
DTM*472*20211206~
CAS*CO*45*4761.66~
REF*6R*PMXP0101584307-31~
AMT*B6*523.34~
LQ*HE*N59~
SVC*HC>77386*5285*523.34*0333*1~
DTM*472*20211207~
CAS*CO*45*4761.66~
REF*6R*PMXP0101584307-32~
AMT*B6*523.34~
LQ*HE*N59~
SVC*HC>77386*5285*523.34*0333*1~
DTM*472*20211208~
CAS*CO*45*4761.66~
REF*6R*PMXP0101584307-33~
AMT*B6*523.34~
LQ*HE*N59~
SVC*HC>A9270>GY*1*0*0637*0**3~
DTM*472*20211209~
CAS*PI*16*1*3~
REF*6R*PMXP0101584307-56~
LQ*HE*M49~
SVC*HC>80053*424*0*0300*0**1~
DTM*472*20211209~
CAS*CO*97*424*1~
REF*6R*PMXP0101584307-11~
LQ*HE*N130~
SVC*HC>83735*139*0*0301*0**1~
DTM*472*20211209~
CAS*CO*97*139*1~
REF*6R*PMXP0101584307-18~
LQ*HE*N130~
SVC*HC>85025*153*0*0305*0**1~
DTM*472*20211209~
CAS*CO*97*153*1~
REF*6R*PMXP0101584307-22~
LQ*HE*N130~
SVC*HC>96367>59*384*59.78*0260*1~
DTM*472*20211209~
CAS*CO*45*324.22~
REF*6R*PMXP0101584307-8~
AMT*B6*59.78~
LQ*HE*N59~
SVC*HC>96368>59*310*0*0260*0**1~
DTM*472*20211209~
CAS*CO*97*310*1~
REF*6R*PMXP0101584307-9~
LQ*HE*N130~
SVC*HC>96411*339*59.78*0335*1~
DTM*472*20211209~
CAS*CO*45*279.22~
REF*6R*PMXP0101584307-49~
AMT*B6*59.78~
LQ*HE*N59~
SVC*HC>96413*2317*299.75*0335*1~
DTM*472*20211209~
CAS*CO*45*2017.25~
REF*6R*PMXP0101584307-50~
AMT*B6*299.75~
LQ*HE*N59~
SVC*HC>J1453*177*36.45*0636*150~
DTM*472*20211209~
CAS*CO*45*140.55~
REF*6R*PMXP0101584307-51~
AMT*B6*36.45~
LQ*HE*N59~
SVC*HC>J9045*252*0*0636*0**13~
DTM*472*20211209~
CAS*CO*97*252*13~
REF*6R*PMXP0101584307-52~
LQ*HE*N130~
SVC*HC>J9305*28989*7492.9*0636*100~
DTM*472*20211209~
CAS*CO*45*21496.1~
REF*6R*PMXP0101584307-53~
AMT*B6*7492.9~
LQ*HE*N59~
SVC*HC>J9305*1015*149.86*0636*2~
DTM*472*20211209~
CAS*CO*45*865.14~
REF*6R*PMXP0101584307-54~
AMT*B6*149.86~
LQ*HE*N59~
SVC*HC>J9305>JW*4060*599.43*0636*8~
DTM*472*20211209~
CAS*CO*45*3460.57~
REF*6R*PMXP0101584307-55~
AMT*B6*599.43~
LQ*HE*N59~
SVC*HC>36591*374*0*0761*0**1~
DTM*472*20211209~
CAS*CO*97*374*1~
REF*6R*PMXP0101584307-58~
LQ*HE*N130~
SVC*HC>96375*310*38.58*0761*1~
DTM*472*20211209~
CAS*CO*45*271.42~
REF*6R*PMXP0101584307-60~
AMT*B6*38.58~
LQ*HE*N59~
SVC*NU>0250*172*0**0**12~
DTM*472*20211209~
CAS*CO*97*172*12~
REF*6R*PMXP0101584307-2~
LQ*HE*N130~
SVC*HC>77336*1222*122.38*0333*1~
DTM*472*20211209~
CAS*CO*45*1099.62~
REF*6R*PMXP0101584307-25~
AMT*B6*122.38~
LQ*HE*N59~
SVC*HC>77386*5285*523.34*0333*1~
DTM*472*20211209~
CAS*CO*45*4761.66~
REF*6R*PMXP0101584307-34~
AMT*B6*523.34~
LQ*HE*N59~
SVC*HC>77386*5285*523.34*0333*1~
DTM*472*20211210~
CAS*CO*45*4761.66~
REF*6R*PMXP0101584307-35~
AMT*B6*523.34~
LQ*HE*N59~
SVC*HC>77386*5285*523.34*0333*1~
DTM*472*20211213~
CAS*CO*45*4761.66~
REF*6R*PMXP0101584307-36~
AMT*B6*523.34~
LQ*HE*N59~
SVC*HC>77386*5285*523.34*0333*1~
DTM*472*20211214~
CAS*CO*45*4761.66~
REF*6R*PMXP0101584307-37~
AMT*B6*523.34~
LQ*HE*N59~
SVC*HC>77386*5285*523.34*0333*1~
DTM*472*20211215~
CAS*CO*45*4761.66~
REF*6R*PMXP0101584307-38~
AMT*B6*523.34~
LQ*HE*N59~
SVC*HC>77336*1222*122.38*0333*1~
DTM*472*20211216~
CAS*CO*45*1099.62~
REF*6R*PMXP0101584307-26~
AMT*B6*122.38~
LQ*HE*N59~
SVC*HC>77386*5285*523.34*0333*1~
DTM*472*20211216~
CAS*CO*45*4761.66~
REF*6R*PMXP0101584307-39~
AMT*B6*523.34~
LQ*HE*N59~
SVC*HC>77386*5285*523.34*0333*1~
DTM*472*20211217~
CAS*CO*45*4761.66~
REF*6R*PMXP0101584307-40~
AMT*B6*523.34~
LQ*HE*N59~
SVC*HC>77386*5285*523.34*0333*1~
DTM*472*20211220~
CAS*CO*45*4761.66~
REF*6R*PMXP0101584307-41~
AMT*B6*523.34~
LQ*HE*N59~
SVC*HC>77386*5285*523.34*0333*1~
DTM*472*20211221~
CAS*CO*45*4761.66~
REF*6R*PMXP0101584307-42~
AMT*B6*523.34~
LQ*HE*N59~
SVC*HC>77386*5285*523.34*0333*1~
DTM*472*20211222~
CAS*CO*45*4761.66~
REF*6R*PMXP0101584307-43~
AMT*B6*523.34~
LQ*HE*N59~
SVC*HC>77336*1222*122.38*0333*1~
DTM*472*20211223~
CAS*CO*45*1099.62~
REF*6R*PMXP0101584307-27~
AMT*B6*122.38~
LQ*HE*N59~
SVC*HC>77386*5285*523.34*0333*1~
DTM*472*20211223~
CAS*CO*45*4761.66~
REF*6R*PMXP0101584307-44~
AMT*B6*523.34~
LQ*HE*N59~
SVC*HC>77386*5285*523.34*0333*1~
DTM*472*20211227~
CAS*CO*45*4761.66~
REF*6R*PMXP0101584307-45~
AMT*B6*523.34~
LQ*HE*N59~
SVC*HC>77386*5285*523.34*0333*1~
DTM*472*20211228~
CAS*CO*45*4761.66~
REF*6R*PMXP0101584307-46~
AMT*B6*523.34~
LQ*HE*N59~
SVC*HC>77386*5285*523.34*0333*1~
DTM*472*20211229~
CAS*CO*45*4761.66~
REF*6R*PMXP0101584307-47~
AMT*B6*523.34~
LQ*HE*N59~
SVC*HC>80053*424*0*0300*0**1~
DTM*472*20211230~
CAS*CO*97*424*1~
REF*6R*PMXP0101584307-12~
LQ*HE*N130~
SVC*HC>85025*153*0*0305*0**1~
DTM*472*20211230~
CAS*CO*97*153*1~
REF*6R*PMXP0101584307-23~
LQ*HE*N130~
SVC*HC>96365*1510*196.3*0260*1~
DTM*472*20211230~
CAS*CO*45*1313.7~
REF*6R*PMXP0101584307-5~
AMT*B6*196.3~
LQ*HE*N59~
SVC*HC>96366*520*77.16*0260*2~
DTM*472*20211230~
CAS*CO*45*442.84~
REF*6R*PMXP0101584307-7~
AMT*B6*77.16~
LQ*HE*N59~
SVC*HC>36591*374*0*0761*0**1~
DTM*472*20211230~
CAS*CO*97*374*1~
REF*6R*PMXP0101584307-59~
LQ*HE*N130~
SVC*NU>0250*158*0**0**10~
DTM*472*20211230~
CAS*CO*97*158*10~
REF*6R*PMXP0101584307-3~
LQ*HE*N130~
SVC*HC>77386*5285*523.34*0333*1~
DTM*472*20211230~
CAS*CO*45*4761.66~
REF*6R*PMXP0101584307-48~
AMT*B6*523.34~
LQ*HE*N59~
CLP*H315389198200*1*640*123.8**13*220112E093060000*13*1~
NM1*QC*1*MILLER*THERESA*C***MI*MEBNB21L~
NM1*82*2*THE TOLEDO HOSPITAL*****XX*1407854771~
REF*1L*455716-056~
REF*CE*STRS PPO PLAN NET 03418~
DTM*232*20211228~
DTM*233*20211228~
DTM*050*20220112~
PER*CX**TE*8006240756~
AMT*AU*640~
SVC*HC>C9803>CS*120*23.8*0300*1~
DTM*472*20211228~
CAS*CO*45*96.2~
REF*6R*PMXP0101583695-1~
AMT*B6*23.8~
LQ*HE*N59~
SVC*HC>U0003*420*75*0300*1~
DTM*472*20211228~
CAS*CO*45*345~
REF*6R*PMXP0101583695-2~
AMT*B6*75~
LQ*HE*N59~
SVC*HC>U0005*100*25*0300*1~
DTM*472*20211228~
CAS*CO*45*75~
REF*6R*PMXP0101583695-3~
AMT*B6*25~
LQ*HE*N59~
CLP*H315326537500*1*52885*7096.45**13*220112E134390000*13*3~
NM1*QC*1*TREVINO*WANDA*F***MI*MEBNS9LP~
NM1*82*2*THE TOLEDO HOSPITAL*****XX*1407854771~
REF*1L*441297-006~
REF*CE*MEDICARE (S02) PPO PLAN NET 03418~
DTM*232*20211215~
DTM*233*20211229~
DTM*050*20220112~
PER*CX**TE*8006240756~
AMT*AU*51662~
SVC*NU>0250*15*0**0**3~
DTM*150*20211215~
DTM*151*20211222~
CAS*CO*97*15*3~
REF*6R*PMXP0101584376-1~
LQ*HE*N130~
SVC*HC>C1717*1077*334.69*0278*1~
DTM*472*20211220~
CAS*CO*45*742.31~
REF*6R*PMXP0101584376-2~
AMT*B6*334.69~
LQ*HE*N59~
SVC*HC>C1717*1077*334.69*0278*1~
DTM*472*20211222~
CAS*CO*45*742.31~
REF*6R*PMXP0101584376-3~
AMT*B6*334.69~
LQ*HE*N59~
SVC*HC>C1717*1077*334.69*0278*1~
DTM*472*20211227~
CAS*CO*45*742.31~
REF*6R*PMXP0101584376-4~
AMT*B6*334.69~
LQ*HE*N59~
SVC*HC>C1717*1077*334.69*0278*1~
DTM*472*20211229~
CAS*CO*45*742.31~
REF*6R*PMXP0101584376-5~
AMT*B6*334.69~
LQ*HE*N59~
SVC*HC>87086*196*0*0300*0**1~
DTM*472*20211222~
CAS*CO*97*196*1~
REF*6R*PMXP0101584376-6~
LQ*HE*N130~
SVC*HC>87077*101*0*0306*0**1~
DTM*472*20211222~
CAS*CO*97*101*1~
REF*6R*PMXP0101584376-7~
LQ*HE*N130~
SVC*HC>87186*147*0*0306*0**1~
DTM*472*20211222~
CAS*CO*97*147*1~
REF*6R*PMXP0101584376-8~
LQ*HE*N130~
SVC*HC>81001*83*0*0307*0**1~
DTM*472*20211222~
CAS*CO*97*83*1~
REF*6R*PMXP0101584376-9~
LQ*HE*N130~
SVC*HC>57156*2360*271.52*0333*1~
DTM*472*20211215~
CAS*CO*45*2088.48~
REF*6R*PMXP0101584376-10~
AMT*B6*271.52~
LQ*HE*N59~
SVC*HC>57156*2360*271.52*0333*1~
DTM*472*20211220~
CAS*CO*45*2088.48~
REF*6R*PMXP0101584376-11~
AMT*B6*271.52~
LQ*HE*N59~
SVC*HC>57156*2360*271.52*0333*1~
DTM*472*20211222~
CAS*CO*45*2088.48~
REF*6R*PMXP0101584376-12~
AMT*B6*271.52~
LQ*HE*N59~
SVC*HC>57156*2360*271.52*0333*1~
DTM*472*20211227~
CAS*CO*45*2088.48~
REF*6R*PMXP0101584376-13~
AMT*B6*271.52~
LQ*HE*N59~
SVC*HC>57156*2360*271.52*0333*1~
DTM*472*20211229~
CAS*CO*45*2088.48~
REF*6R*PMXP0101584376-14~
AMT*B6*271.52~
LQ*HE*N59~
SVC*HC>77290*3085*326.69*0333*1~
DTM*472*20211215~
CAS*CO*45*2758.31~
REF*6R*PMXP0101584376-15~
AMT*B6*326.69~
LQ*HE*N59~
SVC*HC>77295*10559*1217.5*0333*1~
DTM*472*20211216~
CAS*CO*45*9341.5~
REF*6R*PMXP0101584376-16~
AMT*B6*1217.5~
LQ*HE*N59~
SVC*HC>77332*866*122.38*0333*1~
DTM*472*20211215~
CAS*CO*45*743.62~
REF*6R*PMXP0101584376-17~
AMT*B6*122.38~
LQ*HE*N59~
SVC*HC>77770*5261*683.38*0333*1~
DTM*472*20211220~
CAS*CO*45*4577.62~
REF*6R*PMXP0101584376-18~
AMT*B6*683.38~
LQ*HE*N59~
SVC*HC>77770*5261*683.38*0333*1~
DTM*472*20211222~
CAS*CO*45*4577.62~
REF*6R*PMXP0101584376-19~
AMT*B6*683.38~
LQ*HE*N59~
SVC*HC>77770*5261*683.38*0333*1~
DTM*472*20211227~
CAS*CO*45*4577.62~
REF*6R*PMXP0101584376-20~
AMT*B6*683.38~
LQ*HE*N59~
SVC*HC>77770*5261*683.38*0333*1~
DTM*472*20211229~
CAS*CO*45*4577.62~
REF*6R*PMXP0101584376-21~
AMT*B6*683.38~
LQ*HE*N59~
SVC*HC>96523*681*0*0761*0**1~
DTM*472*20211222~
CAS*CO*97*681*1~
REF*6R*PMXP0101584376-22~
LQ*HE*N130~
CLP*H315411476300*1*180312*8686.93**13*220113E008160000*11*1**391*1.2492~
NM1*QC*1*LOWE*CHARLES*E***MI*101330643700~
NM1*74*1******C*MEBVDRLY~
NM1*82*2*THE TOLEDO HOSPITAL*****XX*1407854771~
REF*G1*2992444~
REF*1L*441301-005~
REF*CE*MEDICARE (S02) PPO PLAN NET 03418~
DTM*232*20211220~
DTM*233*20220105~
DTM*050*20220113~
PER*CX**TE*8006240756~
AMT*AU*17840~
SVC*NU>0201*17840*8686.93**2~
DTM*150*20211220~
DTM*151*20211222~
CAS*CO*45*9153.07~
REF*6R*PMXP0101618728-1~
AMT*B6*8686.93~
SVC*NU>0206*56930*0**0**10~
DTM*150*20211222~
DTM*151*20220101~
CAS*CO*97*56930*10~
REF*6R*PMXP0101618728-2~
LQ*HE*M2~
SVC*NU>0206*23228*0**0**4~
DTM*150*20220101~
DTM*151*20220105~
CAS*CO*97*23228*4~
REF*6R*PMXP0101618728-3~
LQ*HE*M2~
SVC*HC>43213*15607*0*0360*0**4~
DTM*150*20211220~
DTM*151*20220105~
CAS*CO*97*15607*4~
REF*6R*PMXP0101618728-19~
LQ*HE*M2~
SVC*NU>0260*1510*0**0**1~
DTM*150*20211220~
DTM*151*20220105~
CAS*CO*97*1510*1~
REF*6R*PMXP0101618728-7~
LQ*HE*M2~
SVC*NU>0270*568*0**0**1~
DTM*150*20211220~
DTM*151*20220105~
CAS*CO*97*568*1~
REF*6R*PMXP0101618728-8~
LQ*HE*M2~
SVC*NU>0272*1559*0**0**2~
DTM*150*20211220~
DTM*151*20220105~
CAS*CO*97*1559*2~
REF*6R*PMXP0101618728-9~
LQ*HE*M2~
SVC*NU>0390*1518*0**0**1~
DTM*150*20211220~
DTM*151*20220105~
CAS*CO*97*1518*1~
REF*6R*PMXP0101618728-20~
LQ*HE*M2~
SVC*NU>0391*1285*0**0**1~
DTM*150*20211220~
DTM*151*20220105~
CAS*CO*97*1285*1~
REF*6R*PMXP0101618728-21~
LQ*HE*M2~
SVC*NU>0450*2940*0**0**1~
DTM*150*20211220~
DTM*151*20220105~
CAS*CO*97*2940*1~
REF*6R*PMXP0101618728-27~
LQ*HE*M2~
SVC*NU>0710*1516*0**0**5~
DTM*150*20211220~
DTM*151*20220105~
CAS*CO*97*1516*5~
REF*6R*PMXP0101618728-29~
LQ*HE*M2~
SVC*NU>0761*4273*0**0**7~
DTM*150*20211220~
DTM*151*20220105~
CAS*CO*97*4273*7~
REF*6R*PMXP0101618728-31~
LQ*HE*M2~
SVC*NU>0250*14812*0**0**671~
DTM*150*20211220~
DTM*151*20220105~
CAS*CO*97*14812*671~
REF*6R*PMXP0101618728-4~
LQ*HE*M2~
SVC*NU>0255*271*0**0**10~
DTM*150*20211220~
DTM*151*20220105~
CAS*CO*97*271*10~
REF*6R*PMXP0101618728-5~
LQ*HE*M2~
SVC*NU>0255*168*0**0**100~
DTM*150*20211220~
DTM*151*20220105~
CAS*CO*97*168*100~
REF*6R*PMXP0101618728-6~
LQ*HE*M2~
SVC*NU>0300*7214*0**0**22~
DTM*150*20211220~
DTM*151*20220105~
CAS*CO*97*7214*22~
REF*6R*PMXP0101618728-10~
LQ*HE*M2~
SVC*NU>0301*11251*0**0**69~
DTM*150*20211220~
DTM*151*20220105~
CAS*CO*97*11251*69~
REF*6R*PMXP0101618728-11~
LQ*HE*M2~
SVC*NU>0302*782*0**0**4~
DTM*150*20211220~
DTM*151*20220105~
CAS*CO*97*782*4~
REF*6R*PMXP0101618728-12~
LQ*HE*M2~
SVC*NU>0305*2416*0**0**19~
DTM*150*20211220~
DTM*151*20220105~
CAS*CO*97*2416*19~
REF*6R*PMXP0101618728-13~
LQ*HE*M2~
SVC*NU>0306*827*0**0**5~
DTM*150*20211220~
DTM*151*20220105~
CAS*CO*97*827*5~
REF*6R*PMXP0101618728-14~
LQ*HE*M2~
SVC*NU>0312*664*0**0**2~
DTM*150*20211220~
DTM*151*20220105~
CAS*CO*97*664*2~
REF*6R*PMXP0101618728-15~
LQ*HE*M2~
SVC*NU>0320*1302*0**0**2~
DTM*150*20211220~
DTM*151*20220105~
CAS*CO*97*1302*2~
REF*6R*PMXP0101618728-16~
LQ*HE*M2~
SVC*NU>0350*822*0**0**1~
DTM*150*20211220~
DTM*151*20220105~
CAS*CO*97*822*1~
REF*6R*PMXP0101618728-17~
LQ*HE*M2~
SVC*NU>0352*3519*0**0**2~
DTM*150*20211220~
DTM*151*20220105~
CAS*CO*97*3519*2~
REF*6R*PMXP0101618728-18~
LQ*HE*M2~
SVC*NU>0402*1132*0**0**1~
DTM*150*20211220~
DTM*151*20220105~
CAS*CO*97*1132*1~
REF*6R*PMXP0101618728-22~
LQ*HE*M2~
SVC*NU>0421*1405*0**0**8~
DTM*150*20211220~
DTM*151*20220105~
CAS*CO*97*1405*8~
REF*6R*PMXP0101618728-23~
LQ*HE*M2~
SVC*NU>0424*444*0**0**1~
DTM*150*20211220~
DTM*151*20220105~
CAS*CO*97*444*1~
REF*6R*PMXP0101618728-24~
LQ*HE*M2~
SVC*NU>0431*1072*0**0**6~
DTM*150*20211220~
DTM*151*20220105~
CAS*CO*97*1072*6~
REF*6R*PMXP0101618728-25~
LQ*HE*M2~
SVC*NU>0434*444*0**0**1~
DTM*150*20211220~
DTM*151*20220105~
CAS*CO*97*444*1~
REF*6R*PMXP0101618728-26~
LQ*HE*M2~
SVC*NU>0614*1907*0**0**1~
DTM*150*20211220~
DTM*151*20220105~
CAS*CO*97*1907*1~
REF*6R*PMXP0101618728-28~
LQ*HE*M2~
SVC*NU>0730*1086*0**0**2~
DTM*150*20211220~
DTM*151*20220105~
CAS*CO*97*1086*2~
REF*6R*PMXP0101618728-30~
LQ*HE*M2~
CLP*H315422821900*1*171*21.19*5.3*13*220113E175760000*14*1~
NM1*QC*1*LEWIS*TERESA*D***MI*MEBVWTMK~
NM1*82*2*THE TOLEDO HOSPITAL*****XX*1407854771~
REF*1L*467478-109~
REF*CE*WEST ADV PLAN 125 NET 03418~
DTM*232*20211223~
DTM*233*20211223~
DTM*050*20220113~
PER*CX**TE*8006240756~
AMT*AU*90~
SVC*HC>G0476*81*0*0300*0**1~
DTM*472*20211223~
CAS*CO*16*81*1~
REF*6R*PMXP0101616757-1~
LQ*HE*N34~
SVC*HC>G0145*90*21.19*0311*1~
DTM*472*20211223~
CAS*CO*45*63.51~
CAS*PR*2*5.3~
REF*6R*PMXP0101616757-2~
AMT*B6*26.49~
CLP*H314951447900*22*-155880.39*-14453.45**13*210706C229770000*11*1**521*3.0634~
NM1*QC*1*MCKEEN*JOHN*H***MI*MEBNX4YR~
NM1*82*2*THE TOLEDO HOSPITAL*****XX*1407854771~
REF*G1*2033763~
REF*1L*441301-005~
REF*CE*MEDICARE (S02) PPO PLAN NET 03418~
DTM*232*20210512~
DTM*233*20210519~
DTM*050*20210706~
PER*CX**TE*8006240756~
SVC*HC>27130*-25221*-14453.45*0121*7~
DTM*150*20210512~
DTM*151*20210519~
CAS*CO*45*-10767.55~
REF*6R*PMXP0095295583-1~
SVC*HC>27130*-68032*0*0360*0**19~
DTM*150*20210512~
DTM*151*20210519~
CAS*CO*97*-68032*19~
REF*6R*PMXP0095295583-12~
LQ*HE*M2~
SVC*NU>0270*-5112*0**0**9~
DTM*150*20210512~
DTM*151*20210519~
CAS*CO*97*-5112*9~
REF*6R*PMXP0095295583-3~
LQ*HE*M2~
SVC*NU>0272*-1638.64*0**0**3~
DTM*150*20210512~
DTM*151*20210519~
CAS*CO*97*-1638.64*3~
REF*6R*PMXP0095295583-4~
LQ*HE*M2~
SVC*NU>0390*-2838*0**0**2~
DTM*150*20210512~
DTM*151*20210519~
CAS*CO*97*-2838*2~
REF*6R*PMXP0095295583-13~
LQ*HE*M2~
SVC*NU>0391*-1201*0**0**1~
DTM*150*20210512~
DTM*151*20210519~
CAS*CO*97*-1201*1~
REF*6R*PMXP0095295583-14~
LQ*HE*M2~
SVC*NU>0710*-1832*0**0**4~
DTM*150*20210512~
DTM*151*20210519~
CAS*CO*97*-1832*4~
REF*6R*PMXP0095295583-19~
LQ*HE*M2~
SVC*NU>0278*-18615.75*0**0**7~
DTM*150*20210512~
DTM*151*20210519~
CAS*CO*97*-18615.75*7~
REF*6R*PMXP0095295583-5~
LQ*HE*M2~
SVC*NU>0250*-6328*0**0**350~
DTM*150*20210512~
DTM*151*20210519~
CAS*CO*97*-6328*350~
REF*6R*PMXP0095295583-2~
LQ*HE*M2~
SVC*NU>0300*-2680*0**0**9~
DTM*150*20210512~
DTM*151*20210519~
CAS*CO*97*-2680*9~
REF*6R*PMXP0095295583-6~
LQ*HE*M2~
SVC*NU>0301*-1821*0**0**11~
DTM*150*20210512~
DTM*151*20210519~
CAS*CO*97*-1821*11~
REF*6R*PMXP0095295583-7~
LQ*HE*M2~
SVC*NU>0302*-1157*0**0**5~
DTM*150*20210512~
DTM*151*20210519~
CAS*CO*97*-1157*5~
REF*6R*PMXP0095295583-8~
LQ*HE*M2~
SVC*NU>0305*-1642*0**0**18~
DTM*150*20210512~
DTM*151*20210519~
CAS*CO*97*-1642*18~
REF*6R*PMXP0095295583-9~
LQ*HE*M2~
SVC*NU>0306*-1480*0**0**8~
DTM*150*20210512~
DTM*151*20210519~
CAS*CO*97*-1480*8~
REF*6R*PMXP0095295583-10~
LQ*HE*M2~
SVC*NU>0320*-3761*0**0**7~
DTM*150*20210512~
DTM*151*20210519~
CAS*CO*97*-3761*7~
REF*6R*PMXP0095295583-11~
LQ*HE*M2~
SVC*NU>0421*-5876*0**0**32~
DTM*150*20210512~
DTM*151*20210519~
CAS*CO*97*-5876*32~
REF*6R*PMXP0095295583-15~
LQ*HE*M2~
SVC*NU>0424*-444*0**0**1~
DTM*150*20210512~
DTM*151*20210519~
CAS*CO*97*-444*1~
REF*6R*PMXP0095295583-16~
LQ*HE*M2~
SVC*NU>0431*-3473*0**0**19~
DTM*150*20210512~
DTM*151*20210519~
CAS*CO*97*-3473*19~
REF*6R*PMXP0095295583-17~
LQ*HE*M2~
SVC*NU>0434*-444*0**0**1~
DTM*150*20210512~
DTM*151*20210519~
CAS*CO*97*-444*1~
REF*6R*PMXP0095295583-18~
LQ*HE*M2~
SVC*NU>0730*-543*0**0**1~
DTM*150*20210512~
DTM*151*20210519~
CAS*CO*97*-543*1~
REF*6R*PMXP0095295583-20~
LQ*HE*M2~
SVC*NU>0921*-1741*0**0**1~
DTM*150*20210512~
DTM*151*20210519~
CAS*CO*97*-1741*1~
REF*6R*PMXP0095295583-21~
LQ*HE*M2~
CLP*H314951447900*1*155880.39*14453.45**13*220114C229770000*11*1**521*3.0634~
NM1*QC*1*MCKEEN*JOHN*H***MI*MEBNX4YR~
NM1*82*2*THE TOLEDO HOSPITAL*****XX*1407854771~
REF*G1*2033763~
REF*1L*441301-005~
REF*CE*MEDICARE (S02) PPO PLAN NET 03418~
REF*F8*210706C229770000~
DTM*232*20210512~
DTM*233*20210519~
DTM*050*20220114~
PER*CX**TE*8006240756~
AMT*AU*25221~
SVC*HC>27130*25221*14453.45*0121*7~
DTM*150*20210512~
DTM*151*20210519~
CAS*CO*45*10767.55~
REF*6R*PMXP0095295583-1~
AMT*B6*14453.45~
SVC*HC>27130*68032*0*0360*0**19~
DTM*150*20210512~
DTM*151*20210519~
CAS*CO*97*68032*19~
REF*6R*PMXP0095295583-12~
LQ*HE*M2~
SVC*NU>0270*5112*0**0**9~
DTM*150*20210512~
DTM*151*20210519~
CAS*CO*97*5112*9~
REF*6R*PMXP0095295583-3~
LQ*HE*M2~
SVC*NU>0272*1638.64*0**0**3~
DTM*150*20210512~
DTM*151*20210519~
CAS*CO*97*1638.64*3~
REF*6R*PMXP0095295583-4~
LQ*HE*M2~
SVC*NU>0390*2838*0**0**2~
DTM*150*20210512~
DTM*151*20210519~
CAS*CO*97*2838*2~
REF*6R*PMXP0095295583-13~
LQ*HE*M2~
SVC*NU>0391*1201*0**0**1~
DTM*150*20210512~
DTM*151*20210519~
CAS*CO*97*1201*1~
REF*6R*PMXP0095295583-14~
LQ*HE*M2~
SVC*NU>0710*1832*0**0**4~
DTM*150*20210512~
DTM*151*20210519~
CAS*CO*97*1832*4~
REF*6R*PMXP0095295583-19~
LQ*HE*M2~
SVC*NU>0278*18615.75*0**0**7~
DTM*150*20210512~
DTM*151*20210519~
CAS*CO*97*18615.75*7~
REF*6R*PMXP0095295583-5~
LQ*HE*M2~
SVC*NU>0250*6328*0**0**350~
DTM*150*20210512~
DTM*151*20210519~
CAS*CO*97*6328*350~
REF*6R*PMXP0095295583-2~
LQ*HE*M2~
SVC*NU>0300*2680*0**0**9~
DTM*150*20210512~
DTM*151*20210519~
CAS*CO*97*2680*9~
REF*6R*PMXP0095295583-6~
LQ*HE*M2~
SVC*NU>0301*1821*0**0**11~
DTM*150*20210512~
DTM*151*20210519~
CAS*CO*97*1821*11~
REF*6R*PMXP0095295583-7~
LQ*HE*M2~
SVC*NU>0302*1157*0**0**5~
DTM*150*20210512~
DTM*151*20210519~
CAS*CO*97*1157*5~
REF*6R*PMXP0095295583-8~
LQ*HE*M2~
SVC*NU>0305*1642*0**0**18~
DTM*150*20210512~
DTM*151*20210519~
CAS*CO*97*1642*18~
REF*6R*PMXP0095295583-9~
LQ*HE*M2~
SVC*NU>0306*1480*0**0**8~
DTM*150*20210512~
DTM*151*20210519~
CAS*CO*97*1480*8~
REF*6R*PMXP0095295583-10~
LQ*HE*M2~
SVC*NU>0320*3761*0**0**7~
DTM*150*20210512~
DTM*151*20210519~
CAS*CO*97*3761*7~
REF*6R*PMXP0095295583-11~
LQ*HE*M2~
SVC*NU>0421*5876*0**0**32~
DTM*150*20210512~
DTM*151*20210519~
CAS*CO*97*5876*32~
REF*6R*PMXP0095295583-15~
LQ*HE*M2~
SVC*NU>0424*444*0**0**1~
DTM*150*20210512~
DTM*151*20210519~
CAS*CO*97*444*1~
REF*6R*PMXP0095295583-16~
LQ*HE*M2~
SVC*NU>0431*3473*0**0**19~
DTM*150*20210512~
DTM*151*20210519~
CAS*CO*97*3473*19~
REF*6R*PMXP0095295583-17~
LQ*HE*M2~
SVC*NU>0434*444*0**0**1~
DTM*150*20210512~
DTM*151*20210519~
CAS*CO*97*444*1~
REF*6R*PMXP0095295583-18~
LQ*HE*M2~
SVC*NU>0730*543*0**0**1~
DTM*150*20210512~
DTM*151*20210519~
CAS*CO*97*543*1~
REF*6R*PMXP0095295583-20~
LQ*HE*M2~
SVC*NU>0921*1741*0**0**1~
DTM*150*20210512~
DTM*151*20210519~
CAS*CO*97*1741*1~
REF*6R*PMXP0095295583-21~
LQ*HE*M2~
CLP*H315438363000*1*520*100**13*220114E008350000*14*1~
NM1*QC*1*PERRY*DOROTHY*A***MI*MEBT8H2F~
NM1*82*2*THE TOLEDO HOSPITAL*****XX*1407854771~
REF*1L*354647-221~
REF*CE*VALUE PPO NET 03418~
DTM*232*20211230~
DTM*233*20211230~
DTM*050*20220114~
PER*CX**TE*8006240756~
AMT*AU*520~
SVC*HC>U0003*420*75*0300*1~
DTM*472*20211230~
CAS*CO*45*345~
REF*6R*PMXP0101654199-1~
AMT*B6*75~
LQ*HE*N59~
SVC*HC>U0005*100*25*0300*1~
DTM*472*20211230~
CAS*CO*45*75~
REF*6R*PMXP0101654199-2~
AMT*B6*25~
LQ*HE*N59~
CLP*H315438367100*1*520*100**13*220114E008360000*14*1~
NM1*QC*1*JURSKI*SHARRON*L***MI*MEBH751S~
NM1*82*2*THE TOLEDO HOSPITAL*****XX*1407854771~
REF*1L*455717-055~
REF*CE*STRS PPO PLAN NET 03418~
DTM*232*20211230~
DTM*233*20211230~
DTM*050*20220114~
PER*CX**TE*8006240756~
AMT*AU*520~
SVC*HC>U0003*420*75*0300*1~
DTM*472*20211230~
CAS*CO*45*345~
REF*6R*PMXP0101654510-1~
AMT*B6*75~
LQ*HE*N59~
SVC*HC>U0005*100*25*0300*1~
DTM*472*20211230~
CAS*CO*45*75~
REF*6R*PMXP0101654510-2~
AMT*B6*25~
LQ*HE*N59~
CLP*H315438337600*1*49*18.33**13*220114E008370000*14*1~
NM1*QC*1*HUEBNER*JIM*D***MI*101231540000~
NM1*74*1******C*MEBMRBBM~
NM1*82*2*THE TOLEDO HOSPITAL*****XX*1407854771~
REF*1L*441297-007~
REF*CE*MEDICARE (S02) PPO PLAN NET 03418~
DTM*232*20211230~
DTM*233*20211230~
DTM*050*20220114~
PER*CX**TE*8006240756~
AMT*AU*49~
SVC*HC>80053*28*10.56*0300*1~
DTM*472*20211230~
CAS*CO*45*17.44~
REF*6R*PMXP0101654436-1~
AMT*B6*10.56~
LQ*HE*N59~
SVC*HC>85025*21*7.77*0305*1~
DTM*472*20211230~
CAS*CO*45*13.23~
REF*6R*PMXP0101654436-2~
AMT*B6*7.77~
LQ*HE*N59~
CLP*H315402043702*1*243*84.06*15*13*220114E033160000*14*1~
NM1*QC*1*WENTLING*LISA*J***MI*MEBVM92T~
NM1*82*2*THE TOLEDO HOSPITAL*****XX*1407854771~
REF*1L*467094-012~
REF*CE*VALUE PPO NET 03418~
DTM*232*20211216~
DTM*233*20211216~
DTM*050*20220114~
PER*CX**TE*8006240756~
AMT*AU*243~
SVC*HC>80053*28*0*0300*1~
DTM*472*20211216~
CAS*CO*45*17.44~
CAS*PR*3*10.56~
REF*6R*PMXP0101655481-1~
AMT*B6*10.56~
SVC*HC>82150*59*2.04*0301*1~
DTM*472*20211216~
CAS*CO*45*52.52~
CAS*PR*3*4.44~
REF*6R*PMXP0101655481-2~
AMT*B6*6.48~
LQ*HE*N59~
SVC*HC>83013*106*67.36*0301*1~
DTM*472*20211216~
CAS*CO*45*38.64~
REF*6R*PMXP0101655481-3~
AMT*B6*67.36~
LQ*HE*N59~
SVC*HC>83690*29*6.89*0301*1~
DTM*472*20211216~
CAS*CO*45*22.11~
REF*6R*PMXP0101655481-4~
AMT*B6*6.89~
LQ*HE*N59~
SVC*HC>85025*21*7.77*0305*1~
DTM*472*20211216~
CAS*CO*45*13.23~
REF*6R*PMXP0101655481-5~
AMT*B6*7.77~
LQ*HE*N59~
CLP*H315437127500*1*26*8.17**13*220114E033170000*14*1~
NM1*QC*1*VILLARREAL*SANTOS****MI*MEBNZSLY~
NM1*82*2*THE TOLEDO HOSPITAL*****XX*1407854771~
REF*1L*441297-007~
REF*CE*MEDICARE (S02) PPO PLAN NET 03418~
DTM*232*20211230~
DTM*233*20211230~
DTM*050*20220114~
PER*CX**TE*8006240756~
AMT*AU*26~
SVC*HC>80076*26*8.17*0300*1~
DTM*472*20211230~
CAS*CO*45*17.83~
REF*6R*PMXP0101654116-1~
AMT*B6*8.17~
LQ*HE*N59~
CLP*H315435218600*1*520*100**13*220114E033180000*14*1~
NM1*QC*1*LOWRY*LYNNE*M***MI*MEBH1DGJ~
NM1*82*2*THE TOLEDO HOSPITAL*****XX*1407854771~
REF*1L*455716-056~
REF*CE*STRS PPO PLAN NET 03418~
DTM*232*20211229~
DTM*233*20211229~
DTM*050*20220114~
PER*CX**TE*8006240756~
AMT*AU*520~
SVC*HC>U0003*420*75*0300*1~
DTM*472*20211229~
CAS*CO*45*345~
REF*6R*PMXP0101654164-1~
AMT*B6*75~
LQ*HE*N59~
SVC*HC>U0005*100*25*0300*1~
DTM*472*20211229~
CAS*CO*45*75~
REF*6R*PMXP0101654164-2~
AMT*B6*25~
LQ*HE*N59~
CLP*H315438244300*1*520*100**13*220114E033190000*14*1~
NM1*QC*1*HEMMERT*GARY*W***MI*MEBVVQXC~
NM1*82*2*THE TOLEDO HOSPITAL*****XX*1407854771~
REF*1L*409339-075~
REF*CE*SERS ESA PPO PLAN NET 03418~
DTM*232*20211230~
DTM*233*20211230~
DTM*050*20220114~
PER*CX**TE*8006240756~
AMT*AU*520~
SVC*HC>U0003*420*75*0300*1~
DTM*472*20211230~
CAS*CO*45*345~
REF*6R*PMXP0101654287-1~
AMT*B6*75~
LQ*HE*N59~
SVC*HC>U0005*100*25*0300*1~
DTM*472*20211230~
CAS*CO*45*75~
REF*6R*PMXP0101654287-2~
AMT*B6*25~
LQ*HE*N59~
CLP*H315437285800*1*520*100**13*220114E033200000*14*1~
NM1*QC*1*SWARTZLANDER*TERRI*L***MI*MEBRW6PC~
NM1*82*2*THE TOLEDO HOSPITAL*****XX*1407854771~
REF*1L*467094-012~
REF*CE*VALUE PPO NET 03418~
DTM*232*20211229~
DTM*233*20211229~
DTM*050*20220114~
PER*CX**TE*8006240756~
AMT*AU*520~
SVC*HC>U0003*420*75*0300*1~
DTM*472*20211229~
CAS*CO*45*345~
REF*6R*PMXP0101654369-1~
AMT*B6*75~
LQ*HE*N59~
SVC*HC>U0005*100*25*0300*1~
DTM*472*20211229~
CAS*CO*45*75~
REF*6R*PMXP0101654369-2~
AMT*B6*25~
LQ*HE*N59~
CLP*H315431330000*1*1054*100*78.04*13*220114E058590000*13*1~
NM1*QC*1*BRUBAKER*MELANIE*J***MI*MEBTVY3J~
NM1*82*2*THE TOLEDO HOSPITAL*****XX*1407854771~
REF*1L*467094-012~
REF*CE*VALUE PPO NET 03418~
DTM*232*20211228~
DTM*233*20211228~
DTM*050*20220114~
PER*CX**TE*8006240756~
AMT*AU*1054~
SVC*HC>U0003*420*75*0300*1~
DTM*472*20211228~
CAS*CO*45*345~
REF*6R*PMXP0101655018-1~
AMT*B6*75~
LQ*HE*N59~
SVC*HC>U0005*100*25*0300*1~
DTM*472*20211228~
CAS*CO*45*75~
REF*6R*PMXP0101655018-2~
AMT*B6*25~
LQ*HE*N59~
SVC*HC>71046*534*0*0320*1~
DTM*472*20211228~
CAS*CO*45*455.96~
CAS*PR*3*78.04~
REF*6R*PMXP0101655018-3~
AMT*B6*78.04~
CLP*H315292571200*1*2236*57.66*131.96*13*220114E058600000*13*3~
NM1*QC*1*WOODS*FRANCES*V***MI*MEBQ0Z3C~
NM1*82*2*THE TOLEDO HOSPITAL*****XX*1407854771~
REF*G1*2215655~
REF*1L*467094-012~
REF*CE*VALUE PPO NET 03418~
DTM*232*20211207~
DTM*233*20211227~
DTM*050*20220114~
PER*CX**TE*8006240756~
AMT*AU*1442~
SVC*HC>Q5106>EC*354*3.28*0636*5~
DTM*472*20211207~
CAS*CO*45*310.72~
CAS*PR*3*40~
REF*6R*PMXP0101655473-5~
AMT*B6*43.28~
LQ*HE*N59~
SVC*HC>96372>59*379*47.82*0761*1~
DTM*472*20211207~
CAS*CO*45*319.22~
CAS*PR*2*11.96~
REF*6R*PMXP0101655473-9~
AMT*B6*59.78~
LQ*HE*N59~
SVC*HC>85014*9*0*0305*0**1~
DTM*472*20211213~
CAS*CO*97*9*1~
REF*6R*PMXP0101655473-1~
LQ*HE*N130~
SVC*HC>85018*9*0*0305*0**1~
DTM*472*20211213~
CAS*CO*97*9*1~
REF*6R*PMXP0101655473-3~
LQ*HE*N130~
SVC*HC>Q5106>EC*142*0*0636*2~
DTM*472*20211214~
CAS*CO*45*124.69~
CAS*PR*3*17.31~
REF*6R*PMXP0101655473-6~
AMT*B6*17.31~
SVC*HC>Q5106>EC*213*3.28*0636*3~
DTM*472*20211214~
CAS*CO*45*187.03~
CAS*PR*3*22.69~
REF*6R*PMXP0101655473-7~
AMT*B6*25.97~
LQ*HE*N59~
SVC*HC>96372>59*379*0*0761*0**1~
DTM*472*20211214~
CAS*CO*97*379*1~
REF*6R*PMXP0101655473-10~
LQ*HE*N130~
SVC*HC>Q5106>EC*354*3.28*0636*5~
DTM*472*20211221~
CAS*CO*45*310.72~
CAS*PR*3*40~
REF*6R*PMXP0101655473-8~
AMT*B6*43.28~
LQ*HE*N59~
SVC*HC>96372>59*379*0*0761*0**1~
DTM*472*20211221~
CAS*CO*97*379*1~
REF*6R*PMXP0101655473-11~
LQ*HE*N130~
SVC*HC>85014*9*0*0305*0**1~
DTM*472*20211227~
CAS*CO*97*9*1~
REF*6R*PMXP0101655473-2~
LQ*HE*N130~
SVC*HC>85018*9*0*0305*0**1~
DTM*472*20211227~
CAS*CO*97*9*1~
REF*6R*PMXP0101655473-4~
LQ*HE*N130~
CLP*H315437986300*1*520*100**13*220114E058610000*14*1~
NM1*QC*1*HOFFMAN*VERONICA*A***MI*MEBT434X~
NM1*82*2*THE TOLEDO HOSPITAL*****XX*1407854771~
REF*1L*441301-005~
REF*CE*MEDICARE (S02) PPO PLAN NET 03418~
DTM*232*20211230~
DTM*233*20211230~
DTM*050*20220114~
PER*CX**TE*8006240756~
AMT*AU*520~
SVC*HC>U0003*420*75*0300*1~
DTM*472*20211230~
CAS*CO*45*345~
REF*6R*PMXP0101654149-1~
AMT*B6*75~
LQ*HE*N59~
SVC*HC>U0005*100*25*0300*1~
DTM*472*20211230~
CAS*CO*45*75~
REF*6R*PMXP0101654149-2~
AMT*B6*25~
LQ*HE*N59~
CLP*H315438341300*1*85*24.8**13*220114E058620000*14*1~
NM1*QC*1*CRIGGER*BETTY****MI*MEBNY2VV~
NM1*82*2*THE TOLEDO HOSPITAL*****XX*1407854771~
REF*1L*441297-007~
REF*CE*MEDICARE (S02) PPO PLAN NET 03418~
DTM*232*20211230~
DTM*233*20211230~
DTM*050*20220114~
PER*CX**TE*8006240756~
AMT*AU*85~
SVC*HC>87086*22*8.07*0300*1~
DTM*472*20211230~
CAS*CO*45*13.93~
REF*6R*PMXP0101654269-1~
AMT*B6*8.07~
LQ*HE*N59~
SVC*HC>87077*32*8.08*0306*1~
DTM*472*20211230~
CAS*CO*45*23.92~
REF*6R*PMXP0101654269-2~
AMT*B6*8.08~
LQ*HE*N59~
SVC*HC>87186*31*8.65*0306*1~
DTM*472*20211230~
CAS*CO*45*22.35~
REF*6R*PMXP0101654269-3~
AMT*B6*8.65~
LQ*HE*N59~
CLP*H315434554600*1*520*100**13*220114E058630000*14*1~
NM1*QC*1*MCCLAIN*JAN*L***MI*MEBM9PZH~
NM1*82*2*THE TOLEDO HOSPITAL*****XX*1407854771~
REF*1L*441301-005~
REF*CE*MEDICARE (S02) PPO PLAN NET 03418~
DTM*232*20211229~
DTM*233*20211229~
DTM*050*20220114~
PER*CX**TE*8006240756~
AMT*AU*520~
SVC*HC>U0003*420*75*0300*1~
DTM*472*20211229~
CAS*CO*45*345~
REF*6R*PMXP0101654336-1~
AMT*B6*75~
LQ*HE*N59~
SVC*HC>U0005*100*25*0300*1~
DTM*472*20211229~
CAS*CO*45*75~
REF*6R*PMXP0101654336-2~
AMT*B6*25~
LQ*HE*N59~
CLP*H315438129000*1*28*10.56**13*220114E058640000*14*1~
NM1*QC*1*HOUCK*CATHY*J***MI*MEBVX6RT~
NM1*82*2*THE TOLEDO HOSPITAL*****XX*1407854771~
REF*1L*455716-056~
REF*CE*STRS PPO PLAN NET 03418~
DTM*232*20211230~
DTM*233*20211230~
DTM*050*20220114~
PER*CX**TE*8006240756~
AMT*AU*28~
SVC*HC>80053*28*10.56*0300*1~
DTM*472*20211230~
CAS*CO*45*17.44~
REF*6R*PMXP0101654429-1~
AMT*B6*10.56~
LQ*HE*N59~
CLP*H315420886300*1*1210*105.11**13*220114E083800000*13*1~
NM1*QC*1*CRANSTON*LARRY*W***MI*MEBHG35L~
NM1*82*2*THE TOLEDO HOSPITAL*****XX*1407854771~
REF*1L*455716-056~
REF*CE*STRS PPO PLAN NET 03418~
DTM*232*20211228~
DTM*233*20211228~
DTM*050*20220114~
PER*CX**TE*8006240756~
AMT*AU*1132~
SVC*HC>80076*26*0*0300*0**1~
DTM*472*20211228~
CAS*CO*97*26*1~
REF*6R*PMXP0101655148-1~
LQ*HE*N130~
SVC*HC>82565*19*0*0301*0**1~
DTM*472*20211228~
CAS*CO*97*19*1~
REF*6R*PMXP0101655148-2~
LQ*HE*N130~
SVC*HC>85048*9*0*0305*0**1~
DTM*472*20211228~
CAS*CO*97*9*1~
REF*6R*PMXP0101655148-3~
LQ*HE*N130~
SVC*HC>85049*24*0*0305*0**1~
DTM*472*20211228~
CAS*CO*97*24*1~
REF*6R*PMXP0101655148-4~
LQ*HE*N130~
SVC*HC>76705*1132*105.11*0402*1~
DTM*472*20211228~
CAS*CO*45*1026.89~
REF*6R*PMXP0101655148-5~
AMT*B6*105.11~
LQ*HE*N59~
CLP*H315438204300*1*44*0*13.39*13*220114E083820000*14*1~
NM1*QC*1*SCHUDEL*KATHY*S***MI*MEBJVLMH~
NM1*82*2*THE TOLEDO HOSPITAL*****XX*1407854771~
REF*1L*467094-012~
REF*CE*VALUE PPO NET 03418~
DTM*232*20211230~
DTM*233*20211230~
DTM*050*20220114~
PER*CX**TE*8006240756~
AMT*AU*44~
SVC*HC>80061*44*0*0301*1~
DTM*472*20211230~
CAS*CO*45*30.61~
CAS*PR*3*13.39~
REF*6R*PMXP0101654131-1~
AMT*B6*13.39~
CLP*H315435311300*1*520*100**13*220114E083830000*14*1~
NM1*QC*1*CUNNINGHAM*SUSAN*L***MI*MEBD7TGR~
NM1*82*2*THE TOLEDO HOSPITAL*****XX*1407854771~
REF*1L*455716-056~
REF*CE*STRS PPO PLAN NET 03418~
DTM*232*20211229~
DTM*233*20211229~
DTM*050*20220114~
PER*CX**TE*8006240756~
AMT*AU*520~
SVC*HC>U0003*420*75*0300*1~
DTM*472*20211229~
CAS*CO*45*345~
REF*6R*PMXP0101654303-1~
AMT*B6*75~
LQ*HE*N59~
SVC*HC>U0005*100*25*0300*1~
DTM*472*20211229~
CAS*CO*45*75~
REF*6R*PMXP0101654303-2~
AMT*B6*25~
LQ*HE*N59~
CLP*H315438539400*1*520*100**13*220114E083840000*14*1~
NM1*QC*1*KLOSTERMEIER*KIM*A***MI*MEBRSSNV~
NM1*82*2*THE TOLEDO HOSPITAL*****XX*1407854771~
REF*1L*354647-221~
REF*CE*VALUE PPO NET 03418~
DTM*232*20211230~
DTM*233*20211230~
DTM*050*20220114~
PER*CX**TE*8006240756~
AMT*AU*520~
SVC*HC>U0003*420*75*0300*1~
DTM*472*20211230~
CAS*CO*45*345~
REF*6R*PMXP0101654392-1~
AMT*B6*75~
LQ*HE*N59~
SVC*HC>U0005*100*25*0300*1~
DTM*472*20211230~
CAS*CO*45*75~
REF*6R*PMXP0101654392-2~
AMT*B6*25~
LQ*HE*N59~
CLP*H315435311200*1*520*100**13*220114E083850000*14*1~
NM1*QC*1*CUNNINGHAM*MICHAEL*F***MI*MEBD4CGX~
NM1*82*2*THE TOLEDO HOSPITAL*****XX*1407854771~
REF*1L*455716-056~
REF*CE*STRS PPO PLAN NET 03418~
DTM*232*20211229~
DTM*233*20211229~
DTM*050*20220114~
PER*CX**TE*8006240756~
AMT*AU*520~
SVC*HC>U0003*420*75*0300*1~
DTM*472*20211229~
CAS*CO*45*345~
REF*6R*PMXP0101654468-1~
AMT*B6*75~
LQ*HE*N59~
SVC*HC>U0005*100*25*0300*1~
DTM*472*20211229~
CAS*CO*45*75~
REF*6R*PMXP0101654468-2~
AMT*B6*25~
LQ*HE*N59~
CLP*H315437547900*1*244*47.51*15*13*220114E108920000*14*1~
NM1*QC*1*HUGHES*JAMES*N**JR*MI*MEBS776W~
NM1*74*1*HUGHES JR~
NM1*82*2*THE TOLEDO HOSPITAL*****XX*1407854771~
REF*1L*467094-012~
REF*CE*VALUE PPO NET 03418~
DTM*232*20211230~
DTM*233*20211230~
DTM*050*20220114~
PER*CX**TE*8006240756~
AMT*AU*244~
SVC*HC>87070*34*0*0306*1~
DTM*472*20211230~
CAS*CO*45*25.38~
CAS*PR*3*8.62~
REF*6R*PMXP0101654112-1~
AMT*B6*8.62~
SVC*HC>87077*129*25.94*0306*4~
DTM*472*20211230~
CAS*CO*45*96.68~
CAS*PR*3*6.38~
REF*6R*PMXP0101654112-2~
AMT*B6*32.32~
LQ*HE*N59~
SVC*HC>87186*62*17.3*0306*2~
DTM*472*20211230~
CAS*CO*45*44.7~
REF*6R*PMXP0101654112-3~
AMT*B6*17.3~
LQ*HE*N59~
SVC*HC>87205*19*4.27*0306*1~
DTM*472*20211230~
CAS*CO*45*14.73~
REF*6R*PMXP0101654112-4~
AMT*B6*4.27~
LQ*HE*N59~
CLP*H315438411400*1*520*100**13*220114E108930000*14*1~
NM1*QC*1*MARTER*PAMELA****MI*MEBMYFKX~
NM1*82*2*THE TOLEDO HOSPITAL*****XX*1407854771~
REF*1L*441301-005~
REF*CE*MEDICARE (S02) PPO PLAN NET 03418~
DTM*232*20211230~
DTM*233*20211230~
DTM*050*20220114~
PER*CX**TE*8006240756~
AMT*AU*520~
SVC*HC>U0003*420*75*0300*1~
DTM*472*20211230~
CAS*CO*45*345~
REF*6R*PMXP0101654195-1~
AMT*B6*75~
LQ*HE*N59~
SVC*HC>U0005*100*25*0300*1~
DTM*472*20211230~
CAS*CO*45*75~
REF*6R*PMXP0101654195-2~
AMT*B6*25~
LQ*HE*N59~
CLP*H315436377400*1*9*4.29**13*220114E108940000*14*1~
NM1*QC*1*MORRISON*BONNIE*L***MI*MEBK6DDQ~
NM1*82*2*THE TOLEDO HOSPITAL*****XX*1407854771~
REF*1L*441301-005~
REF*CE*MEDICARE (S02) PPO PLAN NET 03418~
DTM*232*20211230~
DTM*233*20211230~
DTM*050*20220114~
PER*CX**TE*8006240756~
AMT*AU*9~
SVC*HC>85610*9*4.29*0305*1~
DTM*472*20211230~
CAS*CO*45*4.71~
REF*6R*PMXP0101654307-1~
AMT*B6*4.29~
LQ*HE*N59~
CLP*H315437547700*1*20*8.46**13*220114E108950000*14*1~
NM1*QC*1*MALKUIAN*ELEANOR****MI*MEBK00FD~
NM1*82*2*THE TOLEDO HOSPITAL*****XX*1407854771~
REF*1L*354647-221~
REF*CE*VALUE PPO NET 03418~
DTM*232*20211230~
DTM*233*20211230~
DTM*050*20220114~
PER*CX**TE*8006240756~
AMT*AU*20~
SVC*HC>80048*20*8.46*0300*1~
DTM*472*20211230~
CAS*CO*45*11.54~
REF*6R*PMXP0101654414-1~
AMT*B6*8.46~
LQ*HE*N59~
CLP*H315438017700*1*79*7.61*15*13*220114E108960000*14*1~
NM1*QC*1*KOSCH*ROGER*A***MI*MEBT9SQT~
NM1*82*2*THE TOLEDO HOSPITAL*****XX*1407854771~
REF*1L*467094-012~
REF*CE*VALUE PPO NET 03418~
DTM*232*20211230~
DTM*233*20211230~
DTM*050*20220114~
PER*CX**TE*8006240756~
AMT*AU*79~
SVC*HC>80202*51*0*0301*1~
DTM*472*20211230~
CAS*CO*45*37.46~
CAS*PR*3*13.54~
REF*6R*PMXP0101654503-1~
AMT*B6*13.54~
SVC*HC>82565*19*3.66*0301*1~
DTM*472*20211230~
CAS*CO*45*13.88~
CAS*PR*3*1.46~
REF*6R*PMXP0101654503-2~
AMT*B6*5.12~
LQ*HE*N59~
SVC*HC>84520*9*3.95*0301*1~
DTM*472*20211230~
CAS*CO*45*5.05~
REF*6R*PMXP0101654503-3~
AMT*B6*3.95~
LQ*HE*N59~
CLP*H315436912200*1*520*100**13*220114E108970000*14*1~
NM1*QC*1*CONNELL*DINAH****MI*MEBH7WTJ~
NM1*82*2*THE TOLEDO HOSPITAL*****XX*1407854771~
REF*1L*441301-005~
REF*CE*MEDICARE (S02) PPO PLAN NET 03418~
DTM*232*20211229~
DTM*233*20211229~
DTM*050*20220114~
PER*CX**TE*8006240756~
AMT*AU*520~
SVC*HC>U0003*420*75*0300*1~
DTM*472*20211229~
CAS*CO*45*345~
REF*6R*PMXP0101654284-1~
AMT*B6*75~
LQ*HE*N59~
SVC*HC>U0005*100*25*0300*1~
DTM*472*20211229~
CAS*CO*45*75~
REF*6R*PMXP0101654284-2~
AMT*B6*25~
LQ*HE*N59~
SE*3113*1276~
ST*835*1277~
BPR*I*220.49*C*ACH*CCP*01*031100209*DA*0038865237*1066033492**01*041200050*DA*80250500*20220121~
TRN*1*160118220241825*1066033492~
REF*EV*XXXXXXXXXXXXXXXXXXXXXXXXXXXXXX~
DTM*405*20220119~
N1*PR*AETNA~
N3*151 FARMINGTON AVENUE~
N4*HARTFORD*CT*06156~
REF*2U*60054~
PER*BL*Provider Service~
N1*PE*THE TOLEDO HOSPITAL*XX*1407854771~
N3*PO BOX 917~
N4*TOLEDO*OH*436970917~
REF*PQ*000615152~
REF*TJ*344428256~
LX*1~
TS3*1427147339*41*20221231*2*0~
CLP*QMC2148577*22*-7492.4*-410.31**13*211130E325970004~
NM1*QC*1*LANGEL*JAMES*E***MI*MEBNYC0W~
NM1*82*2*THE TOLEDO HOSPITAL*****XX*1427147339~
REF*G1*2653019~
REF*1L*441301-005~
REF*CE*MEDICARE (S02) PPO PLAN NET 02101~
DTM*232*20211107~
DTM*233*20211107~
DTM*050*20211130~
PER*CX**TE*8006240756~
SVC*HC>A0426>HH*-2678*-22.32**1~
DTM*472*20211107~
CAS*CO*45*-2408.2~
CAS*PR*1*-245~
LQ*HE*N6~
SVC*HC>A0425>HH*-4814.4*-387.99**47**1~
DTM*472*20211107~
CAS*CO*45*-4383.31~
LQ*HE*N6~
CLP*QMC2148577*1*7492.4*630.8*70.09*13*211214C325970000*41*1~
NM1*QC*1*LANGEL*JAMES*E***MI*MEBNYCOW~
NM1*74*1******C*MEBNYC0W~
NM1*82*2*THE TOLEDO HOSPITAL*****XX*1427147339~
REF*1L*441301-005~
REF*CE*MEDICARE (S02) PPO PLAN~
DTM*232*20211107~
DTM*233*20211107~
DTM*050*20211214~
PER*CX**TE*8006240756~
AMT*AU*7492.4~
SVC*HC>A0426>HH*2678*242.82**1~
DTM*472*20211107~
CAS*CO*45*2408.2~
CAS*PR*2*26.98~
REF*6R*1001~
AMT*B6*269.8~
LQ*HE*N6~
SVC*HC>A0425>HH*4814.4*387.98**47**0~
DTM*472*20211107~
CAS*CO*45*4383.31~
CAS*PR*2*43.11~
REF*6R*1002~
AMT*B6*431.09~
LQ*HE*N6~
SE*62*1277~
ST*835*1873~
BPR*I*33481.47*C*ACH*CCP*01*031100209*DA*0038865237*1066033492**01*041200050*DA*80250500*20220121~
TRN*1*160118220263044*1066033492~
REF*EV*XXXXXXXXXXXXXXXXXXXXXXXXXXXXXX~
DTM*405*20220119~
N1*PR*AETNA~
N3*151 FARMINGTON AVENUE~
N4*HARTFORD*CT*06156~
REF*2U*60054~
PER*BL*Provider Service~
N1*PE*THE TOLEDO HOSPITAL*XX*1407854771~
N3*P.O. BOX 630253~
N4*CINCINNATI*OH*452630253~
REF*PQ*000615152~
REF*TJ*344428256~
LX*1~
TS3*1407854771*11*20221231*33*152312~
CLP*H315427096900*1*302*97.18**13*220105E350850000*14*1~
NM1*QC*1*JOHNSON*PHILIP****MI*MEBNX1TQ~
NM1*82*2*THE TOLEDO HOSPITAL*****XX*1407854771~
REF*1L*441301-005~
REF*CE*MEDICARE (S02) PPO PLAN NET 03418~
DTM*232*20211227~
DTM*233*20211227~
DTM*050*20220105~
PER*CX**TE*8006240756~
AMT*AU*302~
SVC*HC>80053*28*10.56*0300*1~
DTM*472*20211227~
CAS*CO*45*17.44~
REF*6R*PMXP0101360412-1~
AMT*B6*10.56~
LQ*HE*N59~
SVC*HC>84154>59*72*18.39*0300*1~
DTM*472*20211227~
CAS*CO*45*53.61~
REF*6R*PMXP0101360412-2~
AMT*B6*18.39~
LQ*HE*N59~
SVC*HC>80061*44*13.39*0301*1~
DTM*472*20211227~
CAS*CO*45*30.61~
REF*6R*PMXP0101360412-3~
AMT*B6*13.39~
LQ*HE*N59~
SVC*HC>82043*29*5.78*0301*1~
DTM*472*20211227~
CAS*CO*45*23.22~
REF*6R*PMXP0101360412-4~
AMT*B6*5.78~
LQ*HE*N59~
SVC*HC>82570*20*5.18*0301*1~
DTM*472*20211227~
CAS*CO*45*14.82~
REF*6R*PMXP0101360412-5~
AMT*B6*5.18~
LQ*HE*N59~
SVC*HC>84443*41*16.8*0301*1~
DTM*472*20211227~
CAS*CO*45*24.2~
REF*6R*PMXP0101360412-6~
AMT*B6*16.8~
LQ*HE*N59~
SVC*HC>G0103*47*19.31*0301*1~
DTM*472*20211227~
CAS*CO*45*27.69~
REF*6R*PMXP0101360412-7~
AMT*B6*19.31~
LQ*HE*N59~
SVC*HC>85025*21*7.77*0305*1~
DTM*472*20211227~
CAS*CO*45*13.23~
REF*6R*PMXP0101360412-8~
AMT*B6*7.77~
LQ*HE*N59~
CLP*H315310606800*1*116018*28277.98*30*13*220113E092090000*13*3~
NM1*QC*1*KERSTETTER*CARL*R***MI*MEBF6N3T~
NM1*82*2*THE TOLEDO HOSPITAL*****XX*1407854771~
REF*1L*429350-074~
REF*CE*MA (P01) PPO NET 03418~
DTM*232*20211203~
DTM*233*20211230~
DTM*050*20220113~
PER*CX**TE*8006240756~
AMT*AU*113104~
SVC*HC>80053*424*0*0300*0**1~
DTM*472*20211203~
CAS*CO*97*424*1~
REF*6R*PMXP0101618366-3~
LQ*HE*N130~
SVC*HC>83930*150*0*0301*0**1~
DTM*472*20211203~
CAS*CO*97*150*1~
REF*6R*PMXP0101618366-5~
LQ*HE*N130~
SVC*HC>83935*151*0*0301*0**1~
DTM*472*20211203~
CAS*CO*97*151*1~
REF*6R*PMXP0101618366-6~
LQ*HE*N130~
SVC*HC>85025*153*0*0305*0**1~
DTM*472*20211203~
CAS*CO*97*153*1~
REF*6R*PMXP0101618366-7~
LQ*HE*N130~
SVC*HC>96413*2317*284.75*0335*1~
DTM*472*20211203~
CAS*CO*45*2017.25~
CAS*PR*3*15~
REF*6R*PMXP0101618366-10~
AMT*B6*299.75~
LQ*HE*N59~
SVC*HC>J9299*54235*13854.24*0636*480~
DTM*472*20211203~
CAS*CO*45*40380.76~
REF*6R*PMXP0101618366-12~
AMT*B6*13854.24~
LQ*HE*N59~
SVC*HC>36591*374*0*0761*0**1~
DTM*472*20211203~
CAS*CO*97*374*1~
REF*6R*PMXP0101618366-14~
LQ*HE*N130~
SVC*NU>0250*39*0**0**6~
DTM*472*20211203~
CAS*CO*97*39*6~
REF*6R*PMXP0101618366-1~
LQ*HE*N130~
SVC*HC>80053*424*0*0300*0**1~
DTM*472*20211230~
CAS*CO*97*424*1~
REF*6R*PMXP0101618366-4~
LQ*HE*N130~
SVC*HC>85025*153*0*0305*0**1~
DTM*472*20211230~
CAS*CO*97*153*1~
REF*6R*PMXP0101618366-8~
LQ*HE*N130~
SVC*HC>96413*2317*284.75*0335*1~
DTM*472*20211230~
CAS*CO*45*2017.25~
CAS*PR*3*15~
REF*6R*PMXP0101618366-11~
AMT*B6*299.75~
LQ*HE*N59~
SVC*HC>J9299*54235*13854.24*0636*480~
DTM*472*20211230~
CAS*CO*45*40380.76~
REF*6R*PMXP0101618366-13~
AMT*B6*13854.24~
LQ*HE*N59~
SVC*HC>36591*374*0*0761*0**1~
DTM*472*20211230~
CAS*CO*97*374*1~
REF*6R*PMXP0101618366-15~
LQ*HE*N130~
SVC*NU>0250*38*0**0**6~
DTM*472*20211230~
CAS*CO*97*38*6~
REF*6R*PMXP0101618366-2~
LQ*HE*N130~
SVC*HC>73030>RT*634*0*0320*0**1~
DTM*472*20211230~
CAS*CO*97*634*1~
REF*6R*PMXP0101618366-9~
LQ*HE*N130~
CLP*H315396225700*1*578*120.85**13*220115E006690000*13*2~
NM1*QC*1*CROSBY*ROBERT*D***MI*MEBG8C1F~
NM1*82*2*THE TOLEDO HOSPITAL*****XX*1407854771~
REF*1L*441301-005~
REF*CE*MEDICARE (S02) PPO PLAN NET 03418~
DTM*232*20211229~
DTM*233*20211229~
DTM*050*20220115~
PER*CX**TE*8006240756~
AMT*AU*578~
SVC*HC>97161>GP*399*98.02*0424*1~
DTM*472*20211229~
CAS*CO*45*300.98~
REF*6R*PMXP0101691872-2~
AMT*B6*98.02~
LQ*HE*N59~
SVC*HC>97110>GP*179*22.83*0421*1~
DTM*472*20211229~
CAS*CO*45*156.17~
REF*6R*PMXP0101691872-1~
AMT*B6*22.83~
LQ*HE*N59~
CLP*H315249086100*1*10135*1321.38**13*220115E006700000*13*2~
NM1*QC*1*MOURLAM*JOANNE*M***MI*MEBTN80F~
NM1*82*2*THE TOLEDO HOSPITAL*****XX*1407854771~
REF*G1*2530423~
REF*1L*466235-001~
REF*CE*SERS PPO PLAN NET 03418~
DTM*232*20211201~
DTM*233*20211229~
DTM*050*20220115~
PER*CX**TE*8006240756~
AMT*AU*8177~
SVC*HC>J0881>EC*3899*630.8*0636*200~
DTM*472*20211201~
CAS*CO*45*3268.2~
REF*6R*PMXP0101693015-9~
AMT*B6*630.8~
LQ*HE*N59~
SVC*HC>96372>59*379*59.78*0761*1~
DTM*472*20211201~
CAS*CO*45*319.22~
REF*6R*PMXP0101693015-11~
AMT*B6*59.78~
LQ*HE*N59~
SVC*HC>85014*61*0*0305*0**1~
DTM*472*20211214~
CAS*CO*97*61*1~
REF*6R*PMXP0101693015-6~
LQ*HE*N130~
SVC*HC>85018*62*0*0305*0**1~
DTM*472*20211214~
CAS*CO*97*62*1~
REF*6R*PMXP0101693015-7~
LQ*HE*N130~
SVC*HC>80053*424*0*0300*0**1~
DTM*472*20211228~
CAS*CO*97*424*1~
REF*6R*PMXP0101693015-1~
LQ*HE*N130~
SVC*HC>82607*320*0*0301*0**1~
DTM*472*20211228~
CAS*CO*97*320*1~
REF*6R*PMXP0101693015-2~
LQ*HE*N130~
SVC*HC>82746*299*0*0301*0**1~
DTM*472*20211228~
CAS*CO*97*299*1~
REF*6R*PMXP0101693015-3~
LQ*HE*N130~
SVC*HC>83540*147*0*0301*0**1~
DTM*472*20211228~
CAS*CO*97*147*1~
REF*6R*PMXP0101693015-4~
LQ*HE*N130~
SVC*HC>83550*113*0*0301*0**1~
DTM*472*20211228~
CAS*CO*97*113*1~
REF*6R*PMXP0101693015-5~
LQ*HE*N130~
SVC*HC>85025*153*0*0305*0**1~
DTM*472*20211228~
CAS*CO*97*153*1~
REF*6R*PMXP0101693015-8~
LQ*HE*N130~
SVC*HC>J0881>EC*3899*630.8*0636*200~
DTM*472*20211229~
CAS*CO*45*3268.2~
REF*6R*PMXP0101693015-10~
AMT*B6*630.8~
LQ*HE*N59~
SVC*HC>96372>59*379*0*0761*0**1~
DTM*472*20211229~
CAS*CO*97*379*1~
REF*6R*PMXP0101693015-12~
LQ*HE*N130~
CLP*H315427409500*1*640*123.8**13*220115E006710000*13*1~
NM1*QC*1*CALMES*JOYCE*A***MI*MEBKFXVX~
NM1*82*2*THE TOLEDO HOSPITAL*****XX*1407854771~
REF*1L*455716-037~
REF*CE*STRS PPO PLAN NET 03418~
DTM*232*20211231~
DTM*233*20211231~
DTM*050*20220115~
PER*CX**TE*8006240756~
AMT*AU*640~
SVC*HC>C9803>CS*120*23.8*0300*1~
DTM*472*20211231~
CAS*CO*45*96.2~
REF*6R*PMXP0101691075-1~
AMT*B6*23.8~
LQ*HE*N59~
SVC*HC>U0003*420*75*0300*1~
DTM*472*20211231~
CAS*CO*45*345~
REF*6R*PMXP0101691075-2~
AMT*B6*75~
LQ*HE*N59~
SVC*HC>U0005*100*25*0300*1~
DTM*472*20211231~
CAS*CO*45*75~
REF*6R*PMXP0101691075-3~
AMT*B6*25~
LQ*HE*N59~
CLP*H315354516900*1*640*123.8**13*220115E006720000*13*1~
NM1*QC*1*SCHMIEDER*ELDORA*M***MI*MEBHBLHR~
NM1*82*2*THE TOLEDO HOSPITAL*****XX*1407854771~
REF*1L*441301-005~
REF*CE*MEDICARE (S02) PPO PLAN NET 03418~
DTM*232*20211231~
DTM*233*20211231~
DTM*050*20220115~
PER*CX**TE*8006240756~
AMT*AU*640~
SVC*HC>C9803>CS*120*23.8*0300*1~
DTM*472*20211231~
CAS*CO*45*96.2~
REF*6R*PMXP0101691305-1~
AMT*B6*23.8~
LQ*HE*N59~
SVC*HC>U0003*420*75*0300*1~
DTM*472*20211231~
CAS*CO*45*345~
REF*6R*PMXP0101691305-2~
AMT*B6*75~
LQ*HE*N59~
SVC*HC>U0005*100*25*0300*1~
DTM*472*20211231~
CAS*CO*45*75~
REF*6R*PMXP0101691305-3~
AMT*B6*25~
LQ*HE*N59~
CLP*H315393576800*1*702*143.88**13*220115E006730000*14*1~
NM1*QC*1*CARROLL*MARILYN****MI*MEBSM04B~
NM1*82*2*THE TOLEDO HOSPITAL*****XX*1407854771~
REF*1L*467094-012~
REF*CE*VALUE PPO NET 03418~
DTM*232*20211207~
DTM*233*20211207~
DTM*050*20220115~
PER*CX**TE*8006240756~
AMT*AU*702~
SVC*HC>88360*702*143.88*0312*1~
DTM*472*20211207~
CAS*CO*45*558.12~
REF*6R*PMXP0101691235-1~
AMT*B6*143.88~
LQ*HE*N59~
CLP*H315439278600*1*22*8.07**13*220115E006740000*14*1~
NM1*QC*1*COOPSHAW*BARBARA*F***MI*MEBNZLNM~
NM1*82*2*THE TOLEDO HOSPITAL*****XX*1407854771~
REF*1L*441297-006~
REF*CE*MEDICARE (S02) PPO PLAN NET 03418~
DTM*232*20211231~
DTM*233*20211231~
DTM*050*20220115~
PER*CX**TE*8006240756~
AMT*AU*22~
SVC*HC>87086*22*8.07*0300*1~
DTM*472*20211231~
CAS*CO*45*13.93~
REF*6R*PMXP0101691309-1~
AMT*B6*8.07~
LQ*HE*N59~
CLP*H315438330700*1*520*100**13*220115E006750000*14*1~
NM1*QC*1*SMITH*SARA*C***MI*MEBVQ5MS~
NM1*82*2*THE TOLEDO HOSPITAL*****XX*1407854771~
REF*1L*467094-012~
REF*CE*VALUE PPO NET 03418~
DTM*232*20211230~
DTM*233*20211230~
DTM*050*20220115~
PER*CX**TE*8006240756~
AMT*AU*520~
SVC*HC>U0003*420*75*0300*1~
DTM*472*20211230~
CAS*CO*45*345~
REF*6R*PMXP0101691387-1~
AMT*B6*75~
LQ*HE*N59~
SVC*HC>U0005*100*25*0300*1~
DTM*472*20211230~
CAS*CO*45*75~
REF*6R*PMXP0101691387-2~
AMT*B6*25~
LQ*HE*N59~
CLP*H315436621000*1*171*0**13*220115E031650000*14*1~
NM1*QC*1*BALDWIN*SHERRIE*L***MI*MEBVXVBF~
NM1*82*2*THE TOLEDO HOSPITAL*****XX*1407854771~
REF*1L*467094-012~
REF*CE*VALUE PPO NET 03418~
DTM*232*20211229~
DTM*233*20211229~
DTM*050*20220115~
PER*CX**TE*8006240756~
SVC*HC>87624*81*0*0300*0**1~
DTM*472*20211229~
CAS*OA*23*81*1~
REF*6R*PMXP0101691106-1~
SVC*HC>G0145*90*0*0311*0**1~
DTM*472*20211229~
CAS*OA*23*90*1~
REF*6R*PMXP0101691106-2~
CLP*H315439334900*1*520*100**13*220115E031660000*14*1~
NM1*QC*1*SOVIAR*RAYMOND****MI*MEBSS2TW~
NM1*82*2*THE TOLEDO HOSPITAL*****XX*1407854771~
REF*1L*467094-012~
REF*CE*VALUE PPO NET 03418~
DTM*232*20211231~
DTM*233*20211231~
DTM*050*20220115~
PER*CX**TE*8006240756~
AMT*AU*520~
SVC*HC>U0003*420*75*0300*1~
DTM*472*20211231~
CAS*CO*45*345~
REF*6R*PMXP0101691203-1~
AMT*B6*75~
LQ*HE*N59~
SVC*HC>U0005*100*25*0300*1~
DTM*472*20211231~
CAS*CO*45*75~
REF*6R*PMXP0101691203-2~
AMT*B6*25~
LQ*HE*N59~
CLP*H315438245600*1*520*100**13*220115E031670000*14*1~
NM1*QC*1*ORZEHOWSKI*ALICE*M***MI*MEBLCT6V~
NM1*82*2*THE TOLEDO HOSPITAL*****XX*1407854771~
REF*1L*467094-012~
REF*CE*VALUE PPO NET 03418~
DTM*232*20211230~
DTM*233*20211230~
DTM*050*20220115~
PER*CX**TE*8006240756~
AMT*AU*520~
SVC*HC>U0003*420*75*0300*1~
DTM*472*20211230~
CAS*CO*45*345~
REF*6R*PMXP0101691173-1~
AMT*B6*75~
LQ*HE*N59~
SVC*HC>U0005*100*25*0300*1~
DTM*472*20211230~
CAS*CO*45*75~
REF*6R*PMXP0101691173-2~
AMT*B6*25~
LQ*HE*N59~
CLP*H315270886700*1*640*123.8**13*220115E057080000*13*1~
NM1*QC*1*BARLAGE*LINDA*L***MI*MEBVDVBW~
NM1*82*2*THE TOLEDO HOSPITAL*****XX*1407854771~
REF*1L*441299-005~
REF*CE*MEDICARE (S02) PPO PLAN NET 03418~
DTM*232*20211231~
DTM*233*20211231~
DTM*050*20220115~
PER*CX**TE*8006240756~
AMT*AU*640~
SVC*HC>C9803>CS*120*23.8*0300*1~
DTM*472*20211231~
CAS*CO*45*96.2~
REF*6R*PMXP0101691342-1~
AMT*B6*23.8~
LQ*HE*N59~
SVC*HC>U0003*420*75*0300*1~
DTM*472*20211231~
CAS*CO*45*345~
REF*6R*PMXP0101691342-2~
AMT*B6*75~
LQ*HE*N59~
SVC*HC>U0005*100*25*0300*1~
DTM*472*20211231~
CAS*CO*45*75~
REF*6R*PMXP0101691342-3~
AMT*B6*25~
LQ*HE*N59~
CLP*H315439311800*1*193*44.7**13*220115E057090000*14*1~
NM1*QC*1*WRIGHT*WILLIAM*S***MI*MEBNX03M~
NM1*82*2*THE TOLEDO HOSPITAL*****XX*1407854771~
REF*1L*441301-005~
REF*CE*MEDICARE (S02) PPO PLAN NET 03418~
DTM*232*20211231~
DTM*233*20211231~
DTM*050*20220115~
PER*CX**TE*8006240756~
AMT*AU*193~
SVC*HC>87086*22*8.07*0300*1~
DTM*472*20211231~
CAS*CO*45*13.93~
REF*6R*PMXP0101691196-1~
AMT*B6*8.07~
LQ*HE*N59~
SVC*HC>87077*64*16.16*0306*2~
DTM*472*20211231~
CAS*CO*45*47.84~
REF*6R*PMXP0101691196-2~
AMT*B6*16.16~
LQ*HE*N59~
SVC*HC>87186*62*17.3*0306*2~
DTM*472*20211231~
CAS*CO*45*44.7~
REF*6R*PMXP0101691196-3~
AMT*B6*17.3~
LQ*HE*N59~
SVC*HC>81001*45*3.17*0307*1~
DTM*472*20211231~
CAS*CO*45*41.83~
REF*6R*PMXP0101691196-4~
AMT*B6*3.17~
LQ*HE*N59~
CLP*H315439347200*1*520*100**13*220115E057100000*14*1~
NM1*QC*1*SMITH-CHAPMAN*GLORIA*J***MI*MEBR95KS~
NM1*82*2*THE TOLEDO HOSPITAL*****XX*1407854771~
REF*1L*441297-006~
REF*CE*MEDICARE (S02) PPO PLAN NET 03418~
DTM*232*20211231~
DTM*233*20211231~
DTM*050*20220115~
PER*CX**TE*8006240756~
AMT*AU*520~
SVC*HC>U0003*420*75*0300*1~
DTM*472*20211231~
CAS*CO*45*345~
REF*6R*PMXP0101691378-1~
AMT*B6*75~
LQ*HE*N59~
SVC*HC>U0005*100*25*0300*1~
DTM*472*20211231~
CAS*CO*45*75~
REF*6R*PMXP0101691378-2~
AMT*B6*25~
LQ*HE*N59~
CLP*H315359092500*1*3938*546.85**13*220115E082160000*13*3~
NM1*QC*1*KRAUSE*NORMAN*C***MI*MEBLGTLG~
NM1*82*2*THE TOLEDO HOSPITAL*****XX*1407854771~
REF*1L*467094-012~
REF*CE*VALUE PPO NET 03418~
DTM*232*20211203~
DTM*233*20211222~
DTM*050*20220115~
PER*CX**TE*8006240756~
AMT*AU*3938~
SVC*HC>97110>GP*537*74.86*0421*3~
DTM*472*20211203~
CAS*CO*45*462.14~
REF*6R*PMXP0101692507-1~
AMT*B6*74.86~
LQ*HE*N59~
SVC*HC>97110>GP*537*74.86*0421*3~
DTM*472*20211207~
CAS*CO*45*462.14~
REF*6R*PMXP0101692507-2~
AMT*B6*74.86~
LQ*HE*N59~
SVC*HC>97110>GP*537*74.86*0421*3~
DTM*472*20211210~
CAS*CO*45*462.14~
REF*6R*PMXP0101692507-3~
AMT*B6*74.86~
LQ*HE*N59~
SVC*HC>97110>GP*537*74.86*0421*3~
DTM*472*20211214~
CAS*CO*45*462.14~
REF*6R*PMXP0101692507-4~
AMT*B6*74.86~
LQ*HE*N59~
SVC*HC>97110>GP*537*74.86*0421*3~
DTM*472*20211217~
CAS*CO*45*462.14~
REF*6R*PMXP0101692507-5~
AMT*B6*74.86~
LQ*HE*N59~
SVC*HC>97110>GP*537*74.86*0421*3~
DTM*472*20211220~
CAS*CO*45*462.14~
REF*6R*PMXP0101692507-6~
AMT*B6*74.86~
LQ*HE*N59~
SVC*HC>97110>GP*716*97.69*0421*4~
DTM*472*20211222~
CAS*CO*45*618.31~
REF*6R*PMXP0101692507-7~
AMT*B6*97.69~
LQ*HE*N59~
CLP*H315438267700*1*171*46.58*15*13*220115E082170000*14*1~
NM1*QC*1*GRAVER*CONNIE*M***MI*MEBR81LX~
NM1*82*2*THE TOLEDO HOSPITAL*****XX*1407854771~
REF*1L*467094-012~
REF*CE*VALUE PPO NET 03418~
DTM*232*20211230~
DTM*233*20211230~
DTM*050*20220115~
PER*CX**TE*8006240756~
AMT*AU*171~
SVC*HC>87624*81*20.09*0300*1~
DTM*472*20211230~
CAS*CO*45*45.91~
CAS*PR*3*15~
REF*6R*PMXP0101691180-1~
AMT*B6*35.09~
LQ*HE*N59~
SVC*HC>G0145*90*26.49*0311*1~
DTM*472*20211230~
CAS*CO*45*63.51~
REF*6R*PMXP0101691180-2~
AMT*B6*26.49~
LQ*HE*N59~
CLP*H315438362500*1*520*100**13*220115E082180000*14*1~
NM1*QC*1*DURST*BERLYN*D***MI*MEBTT98P~
NM1*82*2*THE TOLEDO HOSPITAL*****XX*1407854771~
REF*1L*467094-012~
REF*CE*VALUE PPO NET 03418~
DTM*232*20211230~
DTM*233*20211230~
DTM*050*20220115~
PER*CX**TE*8006240756~
AMT*AU*520~
SVC*HC>U0003*420*75*0300*1~
DTM*472*20211230~
CAS*CO*45*345~
REF*6R*PMXP0101691208-1~
AMT*B6*75~
LQ*HE*N59~
SVC*HC>U0005*100*25*0300*1~
DTM*472*20211230~
CAS*CO*45*75~
REF*6R*PMXP0101691208-2~
AMT*B6*25~
LQ*HE*N59~
CLP*H315437443800*1*520*100**13*220115E082190000*14*1~
NM1*QC*1*BELL*SUSAN****MI*MEBPYHNJ~
NM1*82*2*THE TOLEDO HOSPITAL*****XX*1407854771~
REF*1L*441297-006~
REF*CE*MEDICARE (S02) PPO PLAN NET 03418~
DTM*232*20211230~
DTM*233*20211230~
DTM*050*20220115~
PER*CX**TE*8006240756~
AMT*AU*520~
SVC*HC>U0003*420*75*0300*1~
DTM*472*20211230~
CAS*CO*45*345~
REF*BB*000000015097541~
REF*6R*PMXP0101691330-1~
AMT*B6*75~
LQ*HE*N59~
SVC*HC>U0005*100*25*0300*1~
DTM*472*20211230~
CAS*CO*45*75~
REF*BB*000000015097541~
REF*6R*PMXP0101691330-2~
AMT*B6*25~
LQ*HE*N59~
CLP*H315357238700*1*3938*518.86*21.62*13*220115E106950000*13*3~
NM1*QC*1*ARTHUR*PATRICIA*A***MI*MEBVGK2X~
NM1*82*2*THE TOLEDO HOSPITAL*****XX*1407854771~
REF*1L*455716-056~
REF*CE*STRS PPO PLAN NET 03418~
DTM*232*20211202~
DTM*233*20211230~
DTM*050*20220115~
PER*CX**TE*8006240756~
AMT*AU*3938~
SVC*HC>97110>GP*537*71.87*0421*3~
DTM*472*20211202~
CAS*CO*45*462.14~
CAS*PR*2*2.99~
REF*6R*PMXP0101693233-1~
AMT*B6*74.86~
LQ*HE*N59~
SVC*HC>97110>GP*716*93.78*0421*4~
DTM*472*20211209~
CAS*CO*45*618.31~
CAS*PR*2*3.91~
REF*6R*PMXP0101693233-2~
AMT*B6*97.69~
LQ*HE*N59~
SVC*HC>97110>GP*537*71.87*0421*3~
DTM*472*20211214~
CAS*CO*45*462.14~
CAS*PR*2*2.99~
REF*6R*PMXP0101693233-3~
AMT*B6*74.86~
LQ*HE*N59~
SVC*HC>97110>GP*716*93.78*0421*4~
DTM*472*20211217~
CAS*CO*45*618.31~
CAS*PR*2*3.91~
REF*6R*PMXP0101693233-4~
AMT*B6*97.69~
LQ*HE*N59~
SVC*HC>97110>GP*716*93.78*0421*4~
DTM*472*20211220~
CAS*CO*45*618.31~
CAS*PR*2*3.91~
REF*6R*PMXP0101693233-5~
AMT*B6*97.69~
LQ*HE*N59~
SVC*HC>97110>GP*716*93.78*0421*4~
DTM*472*20211230~
CAS*CO*45*618.31~
CAS*PR*2*3.91~
REF*6R*PMXP0101693233-6~
AMT*B6*97.69~
LQ*HE*N59~
CLP*H315380061100*1*640*123.8**13*220115E106970000*13*1~
NM1*QC*1*KELLOGG*STEPHEN*R***MI*MEBQBXYW~
NM1*82*2*THE TOLEDO HOSPITAL*****XX*1407854771~
REF*1L*467094-012~
REF*CE*VALUE PPO NET 03418~
DTM*232*20211231~
DTM*233*20211231~
DTM*050*20220115~
PER*CX**TE*8006240756~
AMT*AU*640~
SVC*HC>C9803>CS*120*23.8*0300*1~
DTM*472*20211231~
CAS*CO*45*96.2~
REF*6R*PMXP0101691218-1~
AMT*B6*23.8~
LQ*HE*N59~
SVC*HC>U0003*420*75*0300*1~
DTM*472*20211231~
CAS*CO*45*345~
REF*6R*PMXP0101691218-2~
AMT*B6*75~
LQ*HE*N59~
SVC*HC>U0005*100*25*0300*1~
DTM*472*20211231~
CAS*CO*45*75~
REF*6R*PMXP0101691218-3~
AMT*B6*25~
LQ*HE*N59~
CLP*H315396784000*1*640*123.8**13*220115E106980000*13*1~
NM1*QC*1*SMITH*JUDITH*K***MI*MEBF9HZB~
NM1*82*2*THE TOLEDO HOSPITAL*****XX*1407854771~
REF*1L*466235-001~
REF*CE*SERS PPO PLAN NET 03418~
DTM*232*20211231~
DTM*233*20211231~
DTM*050*20220115~
PER*CX**TE*8006240756~
AMT*AU*640~
SVC*HC>C9803>CS*120*23.8*0300*1~
DTM*472*20211231~
CAS*CO*45*96.2~
REF*6R*PMXP0101691251-1~
AMT*B6*23.8~
LQ*HE*N59~
SVC*HC>U0003*420*75*0300*1~
DTM*472*20211231~
CAS*CO*45*345~
REF*6R*PMXP0101691251-2~
AMT*B6*75~
LQ*HE*N59~
SVC*HC>U0005*100*25*0300*1~
DTM*472*20211231~
CAS*CO*45*75~
REF*6R*PMXP0101691251-3~
AMT*B6*25~
LQ*HE*N59~
CLP*H315434881700*1*74*18.49**13*220115E106990000*14*1~
NM1*QC*1*CROSBY*ROBERT*D***MI*MEBG8C1F~
NM1*82*2*THE TOLEDO HOSPITAL*****XX*1407854771~
REF*1L*441301-005~
REF*CE*MEDICARE (S02) PPO PLAN NET 03418~
DTM*232*20211229~
DTM*233*20211229~
DTM*050*20220115~
PER*CX**TE*8006240756~
AMT*AU*74~
SVC*HC>87070*34*8.62*0306*1~
DTM*472*20211229~
CAS*CO*45*25.38~
REF*6R*PMXP0101691069-1~
AMT*B6*8.62~
LQ*HE*N59~
SVC*HC>87205*19*4.27*0306*1~
DTM*472*20211229~
CAS*CO*45*14.73~
REF*6R*PMXP0101691069-2~
AMT*B6*4.27~
LQ*HE*N59~
SVC*HC>89051*21*5.6*0309*1~
DTM*472*20211229~
CAS*CO*45*15.4~
REF*6R*PMXP0101691069-3~
AMT*B6*5.6~
LQ*HE*N59~
CLP*H315438199900*1*171*61.58**13*220115E107000000*14*1~
NM1*QC*1*CARMEAN*PATRICIA*E***MI*MEBPTMYD~
NM1*82*2*THE TOLEDO HOSPITAL*****XX*1407854771~
REF*1L*455716-056~
REF*CE*STRS PPO PLAN NET 03418~
DTM*232*20211230~
DTM*233*20211230~
DTM*050*20220115~
PER*CX**TE*8006240756~
AMT*AU*171~
SVC*HC>87624*81*35.09*0300*1~
DTM*472*20211230~
CAS*CO*45*45.91~
REF*6R*PMXP0101691264-1~
AMT*B6*35.09~
LQ*HE*N59~
SVC*HC>G0145*90*26.49*0311*1~
DTM*472*20211230~
CAS*CO*45*63.51~
REF*6R*PMXP0101691264-2~
AMT*B6*26.49~
LQ*HE*N59~
CLP*H315438317900*1*542*106.86*1.21*13*220115E107010000*14*1~
NM1*QC*1*RAMLOW*BARRY*L***MI*101244915800~
NM1*74*1******C*MEBMG95T~
NM1*82*2*THE TOLEDO HOSPITAL*****XX*1407854771~
REF*1L*466853-124~
REF*CE*BP MEDICARE PPO ESA PLAN NET 03418~
DTM*232*20211230~
DTM*233*20211230~
DTM*050*20220115~
PER*CX**TE*8006240756~
AMT*AU*542~
SVC*HC>87086*22*6.86*0300*1~
DTM*472*20211230~
CAS*CO*45*13.93~
CAS*PR*2*1.21~
REF*6R*PMXP0101691260-1~
AMT*B6*8.07~
LQ*HE*N59~
SVC*HC>U0003*420*75*0300*1~
DTM*472*20211230~
CAS*CO*45*345~
REF*6R*PMXP0101691260-2~
AMT*B6*75~
LQ*HE*N59~
SVC*HC>U0005*100*25*0300*1~
DTM*472*20211230~
CAS*CO*45*75~
REF*6R*PMXP0101691260-3~
AMT*B6*25~
LQ*HE*N59~
CLP*H315438779400*1*1211*207.99**13*220117E222050000*13*1~
NM1*QC*1*COCHRANE*CORNELIUS*R**JR*MI*MEBD6PGS~
NM1*74*1*COCHRANE JR~
NM1*82*2*THE TOLEDO HOSPITAL*****XX*1407854771~
REF*1L*455716-056~
REF*CE*STRS PPO PLAN NET 03418~
DTM*232*20211231~
DTM*233*20211231~
DTM*050*20220117~
PER*CX**TE*8006240756~
AMT*AU*597~
SVC*HC>80048*20*0*0300*0**1~
DTM*472*20211231~
CAS*CO*97*20*1~
REF*6R*PMXP0101721686-1~
LQ*HE*N130~
SVC*HC>C9803>CS*120*0*0300*0**1~
DTM*472*20211231~
CAS*CO*97*120*1~
REF*6R*PMXP0101721686-2~
LQ*HE*N130~
SVC*HC>U0003*420*75*0300*1~
DTM*472*20211231~
CAS*CO*45*345~
REF*6R*PMXP0101721686-3~
AMT*B6*75~
LQ*HE*N59~
SVC*HC>U0005*100*25*0300*1~
DTM*472*20211231~
CAS*CO*45*75~
REF*6R*PMXP0101721686-4~
AMT*B6*25~
LQ*HE*N59~
SVC*HC>82040*19*0*0301*0**1~
DTM*472*20211231~
CAS*CO*97*19*1~
REF*6R*PMXP0101721686-5~
LQ*HE*N130~
SVC*HC>83880*135*0*0301*0**1~
DTM*472*20211231~
CAS*CO*97*135*1~
REF*6R*PMXP0101721686-6~
LQ*HE*N130~
SVC*HC>86850*179*0*0302*0**1~
DTM*472*20211231~
CAS*CO*97*179*1~
REF*6R*PMXP0101721686-7~
LQ*HE*N130~
SVC*HC>86900*77*107.99*0302*1~
DTM*472*20211231~
CAS*CO*45*-30.99~
REF*6R*PMXP0101721686-8~
AMT*B6*107.99~
LQ*HE*N59~
SVC*HC>86901*111*0*0302*0**1~
DTM*472*20211231~
CAS*CO*97*111*1~
REF*6R*PMXP0101721686-9~
LQ*HE*N130~
SVC*HC>85025*21*0*0305*0**1~
DTM*472*20211231~
CAS*CO*97*21*1~
REF*6R*PMXP0101721686-10~
LQ*HE*N130~
SVC*HC>85610*9*0*0305*0**1~
DTM*472*20211231~
CAS*CO*97*9*1~
REF*6R*PMXP0101721686-11~
LQ*HE*N130~
CLP*H315365177400*1*640*123.8**13*220117E222070000*13*1~
NM1*QC*1*GUSS*JOAN*S***MI*MEBTRYPQ~
NM1*82*2*THE TOLEDO HOSPITAL*****XX*1407854771~
REF*1L*467514-199~
REF*CE*US REPRESENTED RETIREES PLAN NET 03418~
DTM*232*20211231~
DTM*233*20211231~
DTM*050*20220117~
PER*CX**TE*8006240756~
AMT*AU*640~
SVC*HC>C9803>CS*120*23.8*0300*1~
DTM*472*20211231~
CAS*CO*45*96.2~
REF*6R*PMXP0101720584-1~
AMT*B6*23.8~
LQ*HE*N59~
SVC*HC>U0003*420*75*0300*1~
DTM*472*20211231~
CAS*CO*45*345~
REF*6R*PMXP0101720584-2~
AMT*B6*75~
LQ*HE*N59~
SVC*HC>U0005*100*25*0300*1~
DTM*472*20211231~
CAS*CO*45*75~
REF*6R*PMXP0101720584-3~
AMT*B6*25~
LQ*HE*N59~
CLP*H315383507600*1*640*123.8**13*220117E243620000*13*1~
NM1*QC*1*VERNILE*LUCY*C***MI*MEBD35ZS~
NM1*82*2*THE TOLEDO HOSPITAL*****XX*1407854771~
REF*1L*455716-056~
REF*CE*STRS PPO PLAN NET 03418~
DTM*232*20211231~
DTM*233*20211231~
DTM*050*20220117~
PER*CX**TE*8006240756~
AMT*AU*640~
SVC*HC>C9803>CS*120*23.8*0300*1~
DTM*472*20211231~
CAS*CO*45*96.2~
REF*6R*PMXP0101720576-1~
AMT*B6*23.8~
LQ*HE*N59~
SVC*HC>U0003*420*75*0300*1~
DTM*472*20211231~
CAS*CO*45*345~
REF*6R*PMXP0101720576-2~
AMT*B6*75~
LQ*HE*N59~
SVC*HC>U0005*100*25*0300*1~
DTM*472*20211231~
CAS*CO*45*75~
REF*6R*PMXP0101720576-3~
AMT*B6*25~
LQ*HE*N59~
CLP*H315439400500*1*520*100**13*220117E243630000*14*1~
NM1*QC*1*CORREA*HORTENCIA*L***MI*MEBQBQNF~
NM1*82*2*THE TOLEDO HOSPITAL*****XX*1407854771~
REF*1L*467094-012~
REF*CE*VALUE PPO NET 03418~
DTM*232*20211231~
DTM*233*20211231~
DTM*050*20220117~
PER*CX**TE*8006240756~
AMT*AU*520~
SVC*HC>U0003*420*75*0300*1~
DTM*472*20211231~
CAS*CO*45*345~
REF*6R*PMXP0101720424-1~
AMT*B6*75~
LQ*HE*N59~
SVC*HC>U0005*100*25*0300*1~
DTM*472*20211231~
CAS*CO*45*75~
REF*6R*PMXP0101720424-2~
AMT*B6*25~
LQ*HE*N59~
CLP*H315288934901*1*252*56*40*13*220117E289530000*13*2~
NM1*QC*1*KONEWKA*HELEN*T***MI*MEBVSJNL~
NM1*82*2*THE TOLEDO HOSPITAL*****XX*1407854771~
REF*1L*467094-012~
REF*CE*VALUE PPO NET 03418~
DTM*232*20211111~
DTM*233*20211111~
DTM*050*20220117~
PER*CX**TE*8006240756~
AMT*AU*252~
SVC*HC>97802*252*56*0942*3~
DTM*472*20211111~
CAS*CO*45*156~
CAS*PR*3*40~
REF*6R*PMXP0101722000-1~
AMT*B6*96~
LQ*HE*N59~
CLP*H315329353801*1*5040*184.73*235*13*220117E289540000*13*3~
NM1*QC*1*KROLAK*DAVID*J***MI*MEBNZ9LX~
NM1*82*2*THE TOLEDO HOSPITAL*****XX*1407854771~
REF*G1*2955993~
REF*1L*467094-012~
REF*CE*VALUE PPO NET 03418~
DTM*232*20211215~
DTM*233*20211223~
DTM*050*20220117~
PER*CX**TE*8006240756~
AMT*AU*1347~
SVC*HC>83615*57*0*0301*0**1~
DTM*472*20211215~
CAS*CO*97*57*1~
REF*6R*PMXP0101720979-3~
LQ*HE*N130~
SVC*HC>84550*17*0*0301*0**1~
DTM*472*20211215~
CAS*CO*97*17*1~
REF*6R*PMXP0101720979-4~
LQ*HE*N130~
SVC*HC>85610*96*0*0305*0**1~
DTM*472*20211223~
CAS*CO*97*96*1~
REF*6R*PMXP0101720979-5~
LQ*HE*N130~
SVC*NU>0250*7*0**0**1~
DTM*472*20211223~
CAS*CO*97*7*1~
REF*6R*PMXP0101720979-1~
LQ*HE*N130~
SVC*HC>Q9967*228*0*0255*0**150~
DTM*472*20211223~
CAS*CO*97*228*150~
REF*6R*PMXP0101720979-2~
LQ*HE*N130~
SVC*HC>70491*1347*184.73*0351*1~
DTM*472*20211223~
CAS*CO*45*927.27~
CAS*PR*3*235~
REF*6R*PMXP0101720979-6~
AMT*B6*419.73~
LQ*HE*N59~
SVC*HC>71260*1347*0*0352*0**1~
DTM*472*20211223~
CAS*CO*97*1347*1~
REF*6R*PMXP0101720979-7~
LQ*HE*N130~
SVC*HC>74177*1941*0*0352*0**1~
DTM*472*20211223~
CAS*CO*97*1941*1~
REF*6R*PMXP0101720979-8~
LQ*HE*N130~
CLP*H315438222300*1*94*29.09**13*220117E289550000*14*1~
NM1*QC*1*SEEGERT*LAWRENCE*D***MI*MEBNXV6X~
NM1*82*2*THE TOLEDO HOSPITAL*****XX*1407854771~
REF*1L*441301-005~
REF*CE*MEDICARE (S02) PPO PLAN NET 03418~
DTM*232*20211230~
DTM*233*20211230~
DTM*050*20220117~
PER*CX**TE*8006240756~
AMT*AU*94~
SVC*HC>87086*22*8.07*0300*1~
DTM*472*20211230~
CAS*CO*45*13.93~
REF*6R*PMXP0101720501-1~
AMT*B6*8.07~
LQ*HE*N59~
SVC*HC>85610*9*4.29*0305*1~
DTM*472*20211230~
CAS*CO*45*4.71~
REF*6R*PMXP0101720501-2~
AMT*B6*4.29~
LQ*HE*N59~
SVC*HC>87077*32*8.08*0306*1~
DTM*472*20211230~
CAS*CO*45*23.92~
REF*6R*PMXP0101720501-3~
AMT*B6*8.08~
LQ*HE*N59~
SVC*HC>87186*31*8.65*0306*1~
DTM*472*20211230~
CAS*CO*45*22.35~
REF*6R*PMXP0101720501-4~
AMT*B6*8.65~
LQ*HE*N59~
CLP*H315377879900*1*640*123.8**13*220117E312490000*13*1~
NM1*QC*1*MILLER*ANN*M***MI*MEBD67SS~
NM1*82*2*THE TOLEDO HOSPITAL*****XX*1407854771~
REF*1L*455716-056~
REF*CE*STRS PPO PLAN NET 03418~
DTM*232*20211231~
DTM*233*20211231~
DTM*050*20220117~
PER*CX**TE*8006240756~
AMT*AU*640~
SVC*HC>C9803>CS*120*23.8*0300*1~
DTM*472*20211231~
CAS*CO*45*96.2~
REF*6R*PMXP0101720568-1~
AMT*B6*23.8~
LQ*HE*N59~
SVC*HC>U0003*420*75*0300*1~
DTM*472*20211231~
CAS*CO*45*345~
REF*6R*PMXP0101720568-2~
AMT*B6*75~
LQ*HE*N59~
SVC*HC>U0005*100*25*0300*1~
DTM*472*20211231~
CAS*CO*45*75~
REF*6R*PMXP0101720568-3~
AMT*B6*25~
LQ*HE*N59~
SE*1106*1873~
ST*835*1874~
BPR*I*56.7*C*ACH*CCP*01*031100209*DA*0038865237*1066033492**01*041200050*DA*80250500*20220121~
TRN*1*160118220271371*1066033492~
REF*EV*XXXXXXXXXXXXXXXXXXXXXXXXXXXXXX~
DTM*405*20220119~
N1*PR*AETNA~
N3*151 FARMINGTON AVENUE~
N4*HARTFORD*CT*06156~
REF*2U*60054~
PER*BL*Provider Service~
N1*PE*THE TOLEDO HOSPITAL*XX*1407854771~
N3*PO BOX 630253~
N4*CINCINNATI*OH*452630253~
REF*PQ*000615152~
REF*TJ*344428256~
LX*1~
TS3*1407854771*22*20221231*1*102~
CLP*P218118511*1*102*56.7**13*220117E269680000*22*1~
NM1*QC*1*MCNUTT*LYNNE*C***MI*MEBF691Z~
NM1*82*2*THE TOLEDO HOSPITAL*****XX*1205495900~
REF*1L*455716-037~
REF*CE*STRS PPO PLAN NET 03418~
DTM*232*20211230~
DTM*233*20211230~
DTM*050*20220117~
PER*CX**TE*8006240756~
AMT*AU*102~
SVC*HC>99213*102*56.7**1~
DTM*472*20211230~
CAS*CO*45*45.3~
REF*6R*XPPB0101716829-1~
AMT*B6*56.7~
LQ*HE*N59~
SE*34*1874~
ST*835*1875~
BPR*H*0*C*NON************20220118~
TRN*1*FC9220190008500*1066033492~
REF*EV*XXXXXXXXXXXXXXXXXXXXXXXXXXXXXX~
DTM*405*20220119~
N1*PR*AETNA~
N3*151 FARMINGTON AVENUE~
N4*HARTFORD*CT*06156~
REF*2U*60054~
PER*BL*Provider Service~
N1*PE*THE TOLEDO HOSPITAL*XX*1407854771~
N3*PO BOX 630253~
N4*CINCINNATI*OH*452630253~
REF*PQ*000615152~
REF*TJ*344428256~
LX*1~
TS3*1427147339*41*20221231*1*2859.2~
CLP*QMC184515*1*2859.2*0**13*211227E391050001*41*1~
NM1*QC*1*JACOBS*KENNETH*C***MI*MEBQVWHK~
NM1*82*2*THE TOLEDO HOSPITAL*****XX*1427147339~
REF*1L*467094-012~
REF*CE*VALUE PPO NET 03418~
DTM*232*20211129~
DTM*233*20211129~
DTM*050*20211227~
PER*CX**TE*8006240756~
SVC*HC>A0428>HN*1829*0**0**1~
DTM*472*20211129~
CAS*CO*45*1829*1~
REF*6R*1001~
SVC*HC>A0425>HN*1030.2*0**0~
DTM*472*20211129~
CAS*CO*45*1030.2*10~
REF*6R*1002~
SE*35*1875~
GE*10*1~
IEA*1*100358959~
