ISA*00*          *00*          *01*030240928      *ZZ*XXXXXXXXXXXXXXX*220118*1531*^*00501*262455724*0*P*>~
GS*HP*364559356*XX*20220118*1531*1*X*005010X221A1~
ST*835*1053~
BPR*I*74.49*C*ACH*CCP*01* 121000248*DA*4649685948*3383253977**01*063100277*DA*229047401935*20220117~
TRN*1*00000963374*1383253977~
DTM*405*20220115~
N1*PR*MERIDIAN HEALTH PLAN~
N3*777 WOODWARD AVE*SUITE 600~
N4*DETROIT*MI*48226~
REF*2U*52563~
PER*BL*EDI TEAM*EM*EDITEAM@MHPLAN.COM~
PER*IC**UR*WWW.MHPLAN.COM/MI~
N1*PE*CYPRESS CADIOLOGY*XX*1528606241~
N3*1286 S LINDEN RD*STE A~
N4*FLINT*MI*48532~
REF*TJ*260459536~
LX*1~
TS3*1629053996*11*20221231*3*160~
CLP*CY1000277680*1*160*74.49**HM*200286215*11~
NM1*QC*1*BURNETT*TONYA*L***MI*0035934173~
NM1*82*1*BELAL*FAROUK*MOHAMED ALI***XX*1629053996~
REF*CE*MEDICAID~
DTM*050*20220112~
SVC*HC>99214*160*74.49**1~
DTM*472*20220111~
CAS*CO*45*85.51~
REF*6R*CYPR0000008567-1~
AMT*B6*74.49~
CLP*CY1000267700*22*-8955*0**HM*200075428*11~
NM1*QC*1*SABATINI*MARGARET****MI*0004689394~
NM1*82*1*BELAL*FAROUK*MOHAMED ALI***XX*1629053996~
REF*CE*MEDICAID~
DTM*050*20220105~
SVC*HC>33285*-8955*0**1~
DTM*472*20210928~
CAS*OA*23*-8955~
REF*6R*CYPR0000008289-1~
LQ*HE*N377~
CLP*CY1000267700*2*8955*0**HM*200222173*11~
NM1*QC*1*SABATINI*MARGARET****MI*0004689394~
NM1*82*1*BELAL*FAROUK*MOHAMED ALI***XX*1629053996~
REF*CE*MEDICAID~
DTM*050*20220111~
SVC*HC>33285*8955*0**1~
DTM*472*20210928~
CAS*OA*23*8955~
REF*6R*CYPR0000008289-1~
LX*2~
TS3*1629053996*21*20221231*1*635~
CLP*CY1000272680*2*635*0**HM*200303980*21~
NM1*QC*1*SABATINI*MARGARET****MI*0004689394~
NM1*82*1*BELAL*FAROUK*MOHAMED ALI***XX*1629053996~
REF*CE*MEDICAID~
DTM*050*20220113~
SVC*HC>93458>26*535*0**1~
DTM*472*20211215~
CAS*CO*45*58.51~
CAS*OA*23*476.49~
REF*6R*CYPR0000008447-1~
SVC*HC>99152*100*0**1~
DTM*472*20211215~
CAS*CO*45*2.45~
CAS*OA*23*97.55~
REF*6R*CYPR0000008447-2~
SE*63*1053~
GE*1*1~
IEA*1*262455724~
