ISA*00*          *00*          *ZZ*133052274      *ZZ*XXXXXXXXXXXXXXX*220119*0250*^*00501*100358959*0*P*>~
GS*HP*133052274*XX*20220119*0250*1*X*005010X221A1~
ST*835*0224~
BPR*I*50117.12*C*ACH*CCP*01*011900445*DA*0000009046*1066033492**01*051900395*DA*00002233*20220124~
TRN*1*822019000260843*1066033492~
REF*EV*XXXXXXXXXXXXXXXXXXXXXXXXXXXXXX~
DTM*405*20220119~
N1*PR*AETNA~
N3*151 FARMINGTON AVENUE~
N4*HARTFORD*CT*06156~
REF*2U*60054~
PER*BL*Provider Service~
N1*PE*REYNOLDS MEMORIAL HOSPITAL INC*XX*1144228305~
N3*PO BOX 616~
N4*MORGANTOWN*WV*265070616~
REF*PQ*577513560~
REF*TJ*550357045~
LX*1~
TS3*1144228305*11*20221231*52*74798.23~
CLP*HRMH1936552600*1*499*42.3*395.1*13*EBPCW0N020000*13*1~
NM1*QC*1*DOBBS*ASHLEE*K~
NM1*IL*1*DOBBS*MICHAEL****MI*W230845444~
NM1*82*2*REYNOLDS MEMORIAL HOSPITAL*****XX*1144228305~
REF*1L*0758823-010-00704- K~
REF*CE*Aetna Choice  POS II NET 00578~
DTM*232*20220113~
DTM*233*20220113~
DTM*050*20220118~
PER*CX**TE*8886323862~
AMT*AU*499~
SVC*HC>36415*13*0*0300*0**1~
DTM*472*20220113~
CAS*CO*97*13*1~
REF*6R*RMHE0093966277-1~
AMT*B6*12.22~
LQ*HE*N19~
SVC*HC>80053*157*0*0301*1~
DTM*472*20220113~
CAS*CO*45*15.7~
CAS*PR*1*141.3~
REF*6R*RMHE0093966277-2~
AMT*B6*141.3~
SVC*HC>84443*165*0*0301*1~
DTM*472*20220113~
CAS*CO*45*16.5~
CAS*PR*1*148.5~
REF*6R*RMHE0093966277-3~
AMT*B6*148.5~
SVC*HC>G0475*47*42.3*0301*1~
DTM*472*20220113~
CAS*CO*45*4.7~
REF*6R*RMHE0093966277-4~
AMT*B6*42.3~
SVC*HC>85025*65*0*0305*1~
DTM*472*20220113~
CAS*CO*45*6.5~
CAS*PR*1*58.5~
REF*6R*RMHE0093966277-5~
AMT*B6*58.5~
SVC*HC>81001*52*0*0307*1~
DTM*472*20220113~
CAS*CO*45*5.2~
CAS*PR*1*46.8~
REF*6R*RMHE0093966277-6~
AMT*B6*46.8~
CLP*HRMH1917307900*2*1124*40.51**15*ECJMW1V4M0000*13*1~
CAS*OA*23*162.06~
CAS*PR*2*-35~
NM1*QC*1*DUNN*RUTH*C***MI*1TA4Y88VQ81~
NM1*74*1******C*W223673927~
NM1*82*2*REYNOLDS MEMORIAL HOSPITAL*****XX*1144228305~
REF*1L*0469790-057-00301-DF~
REF*CE*Traditional Choice~
DTM*232*20211226~
DTM*233*20211226~
DTM*050*20220115~
PER*CX**TE*8886323862~
AMT*AU*352~
SVC*HC>73030>TC>RT*352*167.57*0320*1~
DTM*472*20211226~
CAS*OA*23*921.43**94*-772~
CAS*PR*3*35~
REF*6R*RMHE0093545616-1~
AMT*B6*202.57~
SVC*HC>73502>TC>LT*352*0*0320*1~
DTM*472*20211226~
CAS*CO*45*352~
REF*6R*RMHE0093545616-2~
SVC*HC>99283>25*420*0*0450*1~
DTM*472*20211226~
CAS*CO*45*420~
REF*6R*RMHE0093545616-3~
CLP*HRMH1938448900*1*788*0*740.72*13*ECJMW244R0000*13*1~
NM1*QC*1*SCHLARED*MCKENNA~
NM1*IL*1*SCHLARED*JOSEPH****MI*02903656W~
NM1*74*1******C*W240169835~
NM1*82*2*REYNOLDS MEMORIAL HOSPITAL*****XX*1144228305~
REF*1L*0895530-010-00004- D~
REF*CE*Aetna Choice  POS II NET 00578~
DTM*232*20220115~
DTM*233*20220115~
DTM*050*20220118~
PER*CX**TE*8886323862~
AMT*AU*788~
SVC*HC>72081>TC*394*0*0320*1~
DTM*472*20220115~
CAS*CO*45*23.64~
CAS*PR*1*370.36~
REF*6R*RMHE0093966337-1~
AMT*B6*370.36~
SVC*HC>73030>TC>LT*394*0*0320*1~
DTM*472*20220115~
CAS*CO*45*23.64~
CAS*PR*1*370.36~
REF*6R*RMHE0093966337-2~
AMT*B6*370.36~
CLP*HRMH1927483400*1*346*311.4**13*ECTXW25LM0000*13*1~
NM1*QC*1*TEDROW*SAVANNAH*I~
NM1*IL*1*TEDROW*CARL****MI*W238806330~
NM1*82*2*REYNOLDS MEMORIAL HOSPITAL*****XX*1144228305~
REF*1L*0721000-032-00001-PG~
REF*CE*Aetna Choice  POS II NET 00578~
DTM*232*20220105~
DTM*233*20220105~
DTM*050*20220118~
PER*CX**TE*8886323862~
AMT*AU*346~
SVC*HC>U0004*259*233.1*0306*1~
DTM*472*20220105~
CAS*CO*45*25.9~
REF*6R*RMHE0093966372-1~
AMT*B6*233.1~
SVC*HC>U0005*87*78.3*0306*1~
DTM*472*20220105~
CAS*CO*45*8.7~
REF*6R*RMHE0093966372-2~
AMT*B6*78.3~
CLP*HRMH1929181700*1*405*364.5**13*EC36WZK6G0000*13*1~
NM1*QC*1*BRYAN*MICHAEL****MI*W243178747~
NM1*82*2*REYNOLDS MEMORIAL HOSPITAL*****XX*1144228305~
REF*1L*0469790-041-00002-HE~
REF*CE*Aetna HealthFund  Aetna Choice  POS II NET 00578~
DTM*232*20220106~
DTM*233*20220106~
DTM*050*20220117~
PER*CX**TE*8886323862~
AMT*AU*405~
SVC*HC>C9803*67*60.3*0300*1~
DTM*472*20220106~
CAS*CO*45*6.7~
REF*6R*RMHE0093931982-1~
AMT*B6*60.3~
SVC*HC>U0004*253*227.7*0306*1~
DTM*472*20220106~
CAS*CO*45*25.3~
REF*6R*RMHE0093931982-2~
AMT*B6*227.7~
SVC*HC>U0005*85*76.5*0306*1~
DTM*472*20220106~
CAS*CO*45*8.5~
REF*6R*RMHE0093931982-3~
AMT*B6*76.5~
CLP*HRMH1932872900*1*457*364.5*46.8*13*EG36WZ8BJ0000*13*1~
NM1*QC*1*CORDERY*TINA~
NM1*IL*1*CORDERY*GARY****MI*W240608244~
NM1*82*2*REYNOLDS MEMORIAL HOSPITAL*****XX*1144228305~
REF*1L*0868579-034-00001-HJ~
REF*CE*Aetna Choice  POS II NET 00578~
DTM*232*20220111~
DTM*233*20220111~
DTM*050*20220118~
PER*CX**TE*8886323862~
AMT*AU*457~
SVC*HC>C9803*67*60.3*0300*1~
DTM*472*20220111~
CAS*CO*45*6.7~
REF*6R*RMHE0093966490-1~
AMT*B6*60.3~
SVC*HC>U0004*253*227.7*0306*1~
DTM*472*20220111~
CAS*CO*45*25.3~
REF*6R*RMHE0093966490-2~
AMT*B6*227.7~
SVC*HC>U0005*85*76.5*0306*1~
DTM*472*20220111~
CAS*CO*45*8.5~
REF*6R*RMHE0093966490-3~
AMT*B6*76.5~
SVC*HC>81001*52*0*0307*1~
DTM*472*20220111~
CAS*CO*45*5.2~
CAS*PR*1*46.8~
REF*6R*RMHE0093966490-4~
AMT*B6*46.8~
CLP*HRMH1799144000*22*-2369.88*0**13*EJFCTSCGP0001*13*1~
NM1*QC*1*BUEGEL*SARAH~
NM1*IL*1*BUEGEL*GARRETT****MI*W238274548~
NM1*82*2*REYNOLDS MEMORIAL HOSPITAL*****XX*1144228305~
REF*1L*0469790-041-00002-HE~
REF*CE*Aetna HealthFund  Aetna Choice  POS II NET 00578~
DTM*232*20210903~
DTM*233*20210903~
DTM*050*20211103~
PER*CX**TE*8886323862~
SVC*NU>0250*-5.25*0**0**1~
DTM*472*20210903~
CAS*CO*252*-5.25*1~
REF*6R*RMHE0090756484-1~
LQ*HE*MA04~
SVC*HC>J7120*-120*0*0258*0**1~
DTM*472*20210903~
CAS*CO*252*-120*1~
REF*6R*RMHE0090756484-2~
LQ*HE*MA04~
SVC*HC>87077*-114*0*0306*0**1~
DTM*472*20210903~
CAS*CO*252*-114*1~
REF*6R*RMHE0090756484-3~
LQ*HE*MA04~
SVC*HC>43239*-646*0*0360*0**1~
DTM*472*20210903~
CAS*CO*252*-646*1~
REF*6R*RMHE0090756484-4~
LQ*HE*MA04~
SVC*NU>0370*-228*0**0**19~
DTM*472*20210903~
CAS*CO*252*-228*19~
REF*6R*RMHE0090756484-5~
LQ*HE*MA04~
SVC*HC>J2001*-11.66*0*0636*0**10~
DTM*472*20210903~
CAS*CO*252*-11.66*10~
REF*6R*RMHE0090756484-6~
LQ*HE*MA04~
SVC*HC>J8501*-184.04*0*0636*0**8~
DTM*472*20210903~
CAS*CO*252*-184.04*8~
REF*6R*RMHE0090756484-9~
LQ*HE*MA04~
SVC*HC>J2704*-126.43*0*0636*0**20~
DTM*472*20210903~
CAS*CO*252*-126.43*20~
REF*6R*RMHE0090756484-8~
LQ*HE*MA04~
SVC*HC>J2250*-10.5*0*0636*0**2~
DTM*472*20210903~
CAS*CO*252*-10.5*2~
REF*6R*RMHE0090756484-7~
LQ*HE*MA04~
SVC*NU>0710*-924*0**0**4~
DTM*472*20210903~
CAS*CO*252*-924*4~
REF*6R*RMHE0090756484-10~
LQ*HE*MA04~
CLP*HRMH1799144000*1*2369.88*2223.13**13*EJFCTSCGP0002*13*1~
NM1*QC*1*BUEGEL*SARAH~
NM1*IL*1*BUEGEL*GARRETT****MI*W238274548~
NM1*82*2*REYNOLDS MEMORIAL HOSPITAL*****XX*1144228305~
REF*1L*0469790-041-00002-HE~
REF*CE*Aetna HealthFund  Aetna Choice  POS II NET 00578~
REF*F8*EJFCTSCGP0001~
DTM*232*20210903~
DTM*233*20210903~
DTM*050*20220112~
PER*CX**TE*8886323862~
AMT*AU*2369.88~
SVC*NU>0250*5.25*4.94**1~
DTM*472*20210903~
CAS*CO*45*.31~
REF*6R*RMHE0090756484-1~
AMT*B6*4.94~
SVC*HC>J7120*120*112.8*0258*1~
DTM*472*20210903~
CAS*CO*45*7.2~
REF*6R*RMHE0090756484-2~
AMT*B6*112.8~
SVC*HC>87077*114*102.6*0306*1~
DTM*472*20210903~
CAS*CO*45*11.4~
REF*6R*RMHE0090756484-3~
AMT*B6*102.6~
SVC*HC>43239*646*607.24*0360*1~
DTM*472*20210903~
CAS*CO*45*38.76~
REF*6R*RMHE0090756484-4~
AMT*B6*607.24~
SVC*NU>0370*228*214.32**19~
DTM*472*20210903~
CAS*CO*45*13.68~
REF*6R*RMHE0090756484-5~
AMT*B6*214.32~
SVC*HC>J2001*11.66*10.96*0636*10~
DTM*472*20210903~
CAS*CO*45*.7~
REF*6R*RMHE0090756484-6~
AMT*B6*10.96~
SVC*HC>J8501*184.04*173*0636*8~
DTM*472*20210903~
CAS*CO*45*11.04~
REF*6R*RMHE0090756484-9~
AMT*B6*173~
SVC*HC>J2704*126.43*118.84*0636*20~
DTM*472*20210903~
CAS*CO*45*7.59~
REF*6R*RMHE0090756484-8~
AMT*B6*118.84~
SVC*HC>J2250*10.5*9.87*0636*2~
DTM*472*20210903~
CAS*CO*45*.63~
REF*6R*RMHE0090756484-7~
AMT*B6*9.87~
SVC*NU>0710*924*868.56**4~
DTM*472*20210903~
CAS*CO*45*55.44~
REF*6R*RMHE0090756484-10~
AMT*B6*868.56~
CLP*HRMH1895774900*1*16053.18*12492.79*2597.2*13*EJFCWZV110000*11*1~
NM1*QC*1*CRAWFORD*TERRY****MI*W240608098~
NM1*82*2*REYNOLDS MEMORIAL HOSPITAL*****XX*1144228305~
REF*G1*060620600~
REF*1L*0868579-034-00001-HJ~
REF*CE*Aetna Choice  POS II NET 00578~
DTM*232*20211203~
DTM*233*20211208~
DTM*050*20220111~
PER*CX**TE*8886323862~
AMT*AU*16053.18~
SVC*NU>0206*4420*3323.84**5~
DTM*150*20211203~
DTM*151*20211207~
CAS*CO*45*265.2~
CAS*PR*2*830.96~
REF*6R*RMHE0093739966-1~
AMT*B6*4154.8~
SVC*NU>0250*3000.36*2256.27**80~
DTM*150*20211203~
DTM*151*20211208~
CAS*CO*45*180.02~
CAS*PR*2*564.07~
REF*6R*RMHE0093739966-2~
AMT*B6*2820.34~
SVC*NU>0254*36.54*27.48**100~
DTM*150*20211203~
DTM*151*20211208~
CAS*CO*45*2.19~
CAS*PR*2*6.87~
REF*6R*RMHE0093739966-3~
AMT*B6*34.35~
SVC*NU>0258*115.92*87.17**11~
DTM*150*20211203~
DTM*151*20211208~
CAS*CO*45*6.96~
CAS*PR*2*21.79~
REF*6R*RMHE0093739966-4~
AMT*B6*108.96~
SVC*NU>0271*130*97.76**1~
DTM*150*20211203~
DTM*151*20211208~
CAS*CO*45*7.8~
CAS*PR*2*24.44~
REF*6R*RMHE0093739966-5~
AMT*B6*122.2~
SVC*NU>0300*13*9.78**1~
DTM*150*20211203~
DTM*151*20211208~
CAS*CO*45*.78~
CAS*PR*2*2.44~
REF*6R*RMHE0093739966-6~
AMT*B6*12.22~
SVC*NU>0301*1883*1416.02**29~
DTM*150*20211203~
DTM*151*20211208~
CAS*CO*45*112.98~
CAS*PR*2*354~
REF*6R*RMHE0093739966-7~
AMT*B6*1770.02~
SVC*NU>0302*69*51.89**1~
DTM*150*20211203~
DTM*151*20211208~
CAS*CO*45*4.14~
CAS*PR*2*12.97~
REF*6R*RMHE0093739966-8~
AMT*B6*64.86~
SVC*NU>0305*620*466.24**10~
DTM*150*20211203~
DTM*151*20211208~
CAS*CO*45*37.2~
CAS*PR*2*116.56~
REF*6R*RMHE0093739966-9~
AMT*B6*582.8~
SVC*NU>0306*181*136.11**2~
DTM*150*20211203~
DTM*151*20211208~
CAS*CO*45*10.86~
CAS*PR*2*34.03~
REF*6R*RMHE0093739966-10~
AMT*B6*170.14~
SVC*NU>0324*352*264.7**1~
DTM*150*20211203~
DTM*151*20211208~
CAS*CO*45*21.12~
CAS*PR*2*66.18~
REF*6R*RMHE0093739966-11~
AMT*B6*330.88~
SVC*NU>0352*2390*1797.28**1~
DTM*150*20211203~
DTM*151*20211208~
CAS*CO*45*143.4~
CAS*PR*2*449.32~
REF*6R*RMHE0093739966-12~
AMT*B6*2246.6~
SVC*NU>0410*680*525.63**5~
DTM*150*20211203~
DTM*151*20211208~
CAS*CO*45*40.8~
CAS*PR*2*113.57~
REF*6R*RMHE0093739966-13~
AMT*B6*639.2~
SVC*NU>0450*1438*1351.72**2~
DTM*150*20211203~
DTM*151*20211208~
CAS*CO*45*86.28~
REF*6R*RMHE0093739966-14~
AMT*B6*1351.72~
SVC*NU>0460*162*152.28**3~
DTM*150*20211203~
DTM*151*20211208~
CAS*CO*45*9.72~
REF*6R*RMHE0093739966-15~
AMT*B6*152.28~
SVC*NU>0636*297.36*279.52**106~
DTM*150*20211203~
DTM*151*20211208~
CAS*CO*45*17.84~
REF*6R*RMHE0093739966-16~
AMT*B6*279.52~
SVC*NU>0730*265*249.1**1~
DTM*150*20211203~
DTM*151*20211208~
CAS*CO*45*15.9~
REF*6R*RMHE0093739966-17~
AMT*B6*249.1~
CLP*HRMH1898958401*1*286*196.56*62.14*15*EJPCW03DN0000*13*1~
NM1*QC*1*MERCER*TERRI*J~
NM1*IL*1*MERCER*RUSTY****MI*W267393156~
NM1*74*1**TERRI~
NM1*82*2*REYNOLDS MEMORIAL HOSPITAL*****XX*1144228305~
REF*1L*0698493-031-00006- A~
REF*CE*Traditional Choice NET 02101~
DTM*232*20211207~
DTM*233*20211207~
DTM*050*20220113~
PER*CX**TE*8886323862~
AMT*AU*286~
SVC*HC>36415*13*0*0300*0**1~
DTM*472*20211207~
CAS*PR*97*13*1~
REF*6R*RMHE0093845648-1~
AMT*B6*12.22~
LQ*HE*N19~
SVC*HC>80053*147*105.84*0301*1~
DTM*472*20211207~
CAS*CO*45*14.7~
CAS*PR*2*26.46~
REF*6R*RMHE0093845648-2~
AMT*B6*132.3~
SVC*HC>80061*126*90.72*0301*1~
DTM*472*20211207~
CAS*CO*45*12.6~
CAS*PR*2*22.68~
REF*6R*RMHE0093845648-3~
AMT*B6*113.4~
CLP*HRMH1930813300*1*1707.25*454.5*1130.12*13*EJY1W0N8K0000*13*1~
NM1*QC*1*ROBINSON*ELLIANA~
NM1*IL*1*ROBINSON*SAMUEL****MI*W240607090~
NM1*82*2*REYNOLDS MEMORIAL HOSPITAL*****XX*1144228305~
REF*1L*0868579-034-00001-HJ~
REF*CE*Aetna Choice  POS II NET 00578~
DTM*232*20220109~
DTM*233*20220109~
DTM*050*20220113~
PER*CX**TE*8886323862~
AMT*AU*1707.25~
SVC*NU>0258*120*0**1~
DTM*472*20220109~
CAS*CO*45*7.2~
CAS*PR*1*112.8~
REF*6R*RMHE0093845687-1~
AMT*B6*112.8~
SVC*HC>0241U*505*454.5*0310*1~
DTM*472*20220109~
CAS*CO*45*50.5~
REF*6R*RMHE0093845687-2~
AMT*B6*454.5~
SVC*HC>96374*607*0*0450*1~
DTM*472*20220109~
CAS*CO*45*36.42~
CAS*PR*1*570.58~
REF*6R*RMHE0093845687-3~
AMT*B6*570.58~
SVC*HC>99283>25*470*0*0450*1~
DTM*472*20220109~
CAS*CO*45*28.2~
CAS*PR*1*441.8~
REF*6R*RMHE0093845687-4~
AMT*B6*441.8~
SVC*HC>J1885*5.25*0*0636*2~
DTM*472*20220109~
CAS*CO*45*.31~
CAS*PR*1*4.94~
REF*6R*RMHE0093845687-5~
AMT*B6*4.94~
CLP*HRMH1931435000*1*707*97.2*527.4*13*EKACWZCX90000*13*1~
NM1*QC*1*MAJETICH*TINA****MI*W240608550~
NM1*74*1**MATTHEW~
NM1*82*2*REYNOLDS MEMORIAL HOSPITAL*****XX*1144228305~
REF*1L*0868579-034-00001-HJ~
REF*CE*Aetna Choice  POS II NET 00578~
DTM*232*20220110~
DTM*233*20220110~
DTM*050*20220113~
PER*CX**TE*8886323862~
AMT*AU*707~
SVC*HC>36415*13*0*0300*0**1~
DTM*472*20220110~
CAS*CO*97*13*1~
REF*6R*RMHE0093845813-1~
AMT*B6*12.22~
LQ*HE*N19~
SVC*HC>80061*135*97.2*0301*1~
DTM*472*20220110~
CAS*CO*45*13.5~
CAS*PR*2*24.3~
REF*6R*RMHE0093845813-2~
AMT*B6*121.5~
SVC*HC>82607*65*0*0301*1~
DTM*472*20220110~
CAS*CO*45*6.5~
CAS*PR*1*58.5~
REF*6R*RMHE0093845813-3~
AMT*B6*58.5~
SVC*HC>82746*62*0*0301*1~
DTM*472*20220110~
CAS*CO*45*6.2~
CAS*PR*1*55.8~
REF*6R*RMHE0093845813-4~
AMT*B6*55.8~
SVC*HC>83036*116*0*0301*1~
DTM*472*20220110~
CAS*CO*45*11.6~
CAS*PR*1*104.4~
REF*6R*RMHE0093845813-5~
AMT*B6*104.4~
SVC*HC>83540*118*0*0301*1~
DTM*472*20220110~
CAS*CO*45*11.8~
CAS*PR*1*106.2~
REF*6R*RMHE0093845813-6~
AMT*B6*106.2~
SVC*HC>84466*133*0*0301*1~
DTM*472*20220110~
CAS*CO*45*13.3~
CAS*PR*1*119.7~
REF*6R*RMHE0093845813-7~
AMT*B6*119.7~
SVC*HC>85025*65*0*0305*1~
DTM*472*20220110~
CAS*CO*45*6.5~
CAS*PR*1*58.5~
REF*6R*RMHE0093845813-8~
AMT*B6*58.5~
CLP*HRMH1932243300*1*77*57.6**13*ELPCWXWWN0000*13*1~
NM1*QC*1*TEDROW*SAVANNAH*I~
NM1*IL*1*TEDROW*CARL****MI*W238806330~
NM1*82*2*REYNOLDS MEMORIAL HOSPITAL*****XX*1144228305~
REF*1L*0721000-032-00001-PG~
REF*CE*Aetna Choice  POS II NET 00578~
DTM*232*20220110~
DTM*233*20220110~
DTM*050*20220113~
PER*CX**TE*8886323862~
AMT*AU*77~
SVC*HC>36415*13*0*0300*0**1~
DTM*472*20220110~
CAS*CO*97*13*1~
REF*6R*RMHE0093846028-1~
AMT*B6*12.22~
LQ*HE*N19~
SVC*HC>82105*12*10.8*0301*1~
DTM*472*20220110~
CAS*CO*45*1.2~
REF*6R*RMHE0093846028-2~
AMT*B6*10.8~
SVC*HC>81001*52*46.8*0307*1~
DTM*472*20220110~
CAS*CO*45*5.2~
REF*6R*RMHE0093846028-3~
AMT*B6*46.8~
CLP*HRMH1929184900*1*1153.79*272.7*772.88*13*EMACW1JWV0000*13*1~
NM1*QC*1*SURPRENANT*ALEXIA~
NM1*IL*1*SURPRENANT*KIM****MI*W263292631~
NM1*82*2*REYNOLDS MEMORIAL HOSPITAL*****XX*1144228305~
REF*1L*0161250-011-00001-AH~
REF*CE*Aetna Choice  POS II NET 00578~
DTM*232*20220106~
DTM*233*20220106~
DTM*050*20220113~
PER*CX**TE*8886323862~
AMT*AU*1153.79~
SVC*NU>0250*1.79*0**1~
DTM*472*20220106~
CAS*CO*45*.11~
CAS*PR*1*1.68~
REF*6R*RMHE0093846197-1~
AMT*B6*1.68~
SVC*HC>36415*13*0*0300*0**1~
DTM*472*20220106~
CAS*CO*97*13*1~
REF*6R*RMHE0093846197-2~
AMT*B6*12.22~
LQ*HE*N19~
SVC*HC>80048*139*125.1*0301*1~
DTM*472*20220106~
CAS*CO*45*13.9~
REF*6R*RMHE0093846197-3~
AMT*B6*125.1~
SVC*HC>85007*75*67.5*0305*1~
DTM*472*20220106~
CAS*CO*45*7.5~
REF*6R*RMHE0093846197-4~
AMT*B6*67.5~
SVC*HC>85027*73*0*0305*1~
DTM*472*20220106~
CAS*CO*45*7.3~
CAS*PR*1*65.7~
REF*6R*RMHE0093846197-5~
AMT*B6*65.7~
SVC*HC>87086*121*0*0306*1~
DTM*472*20220106~
CAS*CO*45*12.1~
CAS*PR*1*108.9~
REF*6R*RMHE0093846197-6~
AMT*B6*108.9~
SVC*HC>87804*89*80.1*0306*1~
DTM*472*20220106~
CAS*CO*45*8.9~
REF*6R*RMHE0093846197-7~
AMT*B6*80.1~
SVC*HC>81001*52*0*0307*1~
DTM*472*20220106~
CAS*CO*45*5.2~
CAS*PR*1*46.8~
REF*6R*RMHE0093846197-8~
AMT*B6*46.8~
SVC*HC>81025*120*0*0307*1~
DTM*472*20220106~
CAS*CO*45*12~
CAS*PR*1*108~
REF*6R*RMHE0093846197-9~
AMT*B6*108~
SVC*HC>99283*470*0*0450*1~
DTM*472*20220106~
CAS*CO*45*28.2~
CAS*PR*1*441.8~
REF*6R*RMHE0093846197-10~
AMT*B6*441.8~
CLP*HRMH1929182000*1*405*364.5**13*EMTXW1N0B0000*13*1~
NM1*QC*1*BRYAN*THADDEUS~
NM1*IL*1*BRYAN*MICHAEL****MI*W243178747~
NM1*82*2*REYNOLDS MEMORIAL HOSPITAL*****XX*1144228305~
REF*1L*0469790-041-00002-HE~
REF*CE*Aetna HealthFund  Aetna Choice  POS II NET 00578~
DTM*232*20220106~
DTM*233*20220106~
DTM*050*20220114~
PER*CX**TE*8886323862~
AMT*AU*405~
SVC*HC>C9803*67*60.3*0300*1~
DTM*472*20220106~
CAS*CO*45*6.7~
REF*6R*RMHE0093882535-1~
AMT*B6*60.3~
SVC*HC>U0004*253*227.7*0306*1~
DTM*472*20220106~
CAS*CO*45*25.3~
REF*6R*RMHE0093882535-2~
AMT*B6*227.7~
SVC*HC>U0005*85*76.5*0306*1~
DTM*472*20220106~
CAS*CO*45*8.5~
REF*6R*RMHE0093882535-3~
AMT*B6*76.5~
CLP*HRMH1833656801*1*458*290.7*121.5*13*EM36WZVFG0000*13*1~
NM1*QC*1*DAVIS*HOLLY****MI*W263720131~
NM1*82*2*REYNOLDS MEMORIAL HOSPITAL*****XX*1144228305~
REF*1L*0687870-010-00709- R~
REF*CE*Aetna Choice  POS II NET 00578~
DTM*232*20211005~
DTM*233*20211005~
DTM*050*20220113~
PER*CX**TE*8886323862~
AMT*AU*458~
SVC*HC>87081*135*0*0306*1~
DTM*472*20211005~
CAS*CO*45*13.5~
CAS*PR*1*121.5~
REF*6R*RMHE0093846148-1~
AMT*B6*121.5~
SVC*HC>U0004*242*217.8*0306*1~
DTM*472*20211005~
CAS*CO*45*24.2~
REF*6R*RMHE0093846148-2~
AMT*B6*217.8~
SVC*HC>U0005*81*72.9*0306*1~
DTM*472*20211005~
CAS*CO*45*8.1~
REF*6R*RMHE0093846148-3~
AMT*B6*72.9~
CLP*HRMH1933864700*1*1321.41*66.44*1175.68*13*ENPCW00KK0000*13*1~
NM1*QC*1*ROBINSON*ELLIANA~
NM1*IL*1*ROBINSON*SAMUEL****MI*W240607090~
NM1*82*2*REYNOLDS MEMORIAL HOSPITAL*****XX*1144228305~
MOA***MA15~
REF*1L*0868579-034-00001-HJ~
REF*CE*Aetna Choice  POS II NET 00578~
DTM*232*20220111~
DTM*233*20220111~
DTM*050*20220114~
PER*CX**TE*8886323862~
AMT*AU*1321.41~
SVC*HC>96374*607*0*0450*1~
DTM*472*20220111~
CAS*CO*45*36.42~
CAS*PR*1*570.58~
REF*6R*RMHE0093882580-18~
AMT*B6*570.58~
SVC*HC>96375*99*0*0450*1~
DTM*472*20220111~
CAS*CO*45*5.94~
CAS*PR*1*93.06~
REF*6R*RMHE0093882580-19~
AMT*B6*93.06~
SVC*HC>99283>25*470*0*0450*1~
DTM*472*20220111~
CAS*CO*45*28.2~
CAS*PR*1*437.04**3*4.76~
REF*6R*RMHE0093882580-20~
AMT*B6*441.8~
SVC*HC>J1100*18.12*0*0636*10~
DTM*472*20220111~
CAS*CO*45*1.09~
CAS*PR*3*17.03~
REF*6R*RMHE0093882580-21~
AMT*B6*17.03~
SVC*HC>J1885*7.29*0*0636*2~
DTM*472*20220111~
CAS*CO*45*.44~
CAS*PR*3*6.85~
REF*6R*RMHE0093882580-22~
AMT*B6*6.85~
SVC*NU>0258*120*66.44**1~
DTM*472*20220111~
CAS*CO*45*7.2~
CAS*PR*3*46.36~
REF*6R*RMHE0093882580-1~
AMT*B6*112.8~
CLP*HRMH1933864700*1*756*684.46**13*ENPCW00KK0001*13*1~
NM1*QC*1*ROBINSON*ELLIANA~
NM1*IL*1*ROBINSON*SAMUEL****MI*W240607090~
NM1*82*2*REYNOLDS MEMORIAL HOSPITAL*****XX*1144228305~
MOA***MA15~
REF*1L*0868579-034-00001-HJ~
REF*CE*Aetna Choice  POS II NET 00578~
DTM*232*20220111~
DTM*233*20220111~
DTM*050*20220114~
PER*CX**TE*8886323862~
AMT*AU*756~
SVC*HC>36415*13*0*0300*0**1~
DTM*472*20220111~
CAS*CO*97*13*1~
REF*6R*RMHE0093882580-2~
AMT*B6*12.22~
LQ*HE*N19~
SVC*HC>71046>TC*394*370.36*0324*1~
DTM*472*20220111~
CAS*CO*45*23.64~
REF*6R*RMHE0093882580-17~
AMT*B6*370.36~
SVC*HC>81001*52*46.8*0307*1~
DTM*472*20220111~
CAS*CO*45*5.2~
REF*6R*RMHE0093882580-16~
AMT*B6*46.8~
SVC*HC>80053*157*141.3*0301*1~
DTM*472*20220111~
CAS*CO*45*15.7~
REF*6R*RMHE0093882580-3~
AMT*B6*141.3~
SVC*HC>82945*62*55.8*0301*1~
DTM*472*20220111~
CAS*CO*45*6.2~
REF*6R*RMHE0093882580-4~
AMT*B6*55.8~
SVC*HC>84157*78*70.2*0301*1~
DTM*472*20220111~
CAS*CO*45*7.8~
REF*6R*RMHE0093882580-5~
AMT*B6*70.2~
CLP*HRMH1933864700*1*476*428.4**13*ENPCW00KK0002*13*1~
NM1*QC*1*ROBINSON*ELLIANA~
NM1*IL*1*ROBINSON*SAMUEL****MI*W240607090~
NM1*82*2*REYNOLDS MEMORIAL HOSPITAL*****XX*1144228305~
MOA***MA15~
REF*1L*0868579-034-00001-HJ~
REF*CE*Aetna Choice  POS II NET 00578~
DTM*232*20220111~
DTM*233*20220111~
DTM*050*20220114~
PER*CX**TE*8886323862~
AMT*AU*476~
SVC*HC>86308*91*81.9*0302*1~
DTM*472*20220111~
CAS*CO*45*9.1~
REF*6R*RMHE0093882580-6~
AMT*B6*81.9~
SVC*HC>86618*41*36.9*0302*1~
DTM*472*20220111~
CAS*CO*45*4.1~
REF*6R*RMHE0093882580-7~
AMT*B6*36.9~
SVC*HC>86618>59*41*36.9*0302*1~
DTM*472*20220111~
CAS*CO*45*4.1~
REF*6R*RMHE0093882580-8~
AMT*B6*36.9~
SVC*HC>85025*65*58.5*0305*1~
DTM*472*20220111~
CAS*CO*45*6.5~
REF*6R*RMHE0093882580-9~
AMT*B6*58.5~
SVC*HC>89051*156*140.4*0305*2~
DTM*472*20220111~
CAS*CO*45*15.6~
REF*6R*RMHE0093882580-10~
AMT*B6*140.4~
SVC*HC>87015*82*73.8*0306*1~
DTM*472*20220111~
CAS*CO*45*8.2~
REF*6R*RMHE0093882580-11~
AMT*B6*73.8~
CLP*HRMH1933864700*1*447*402.3**13*ENPCW00KK0003*13*1~
NM1*QC*1*ROBINSON*ELLIANA~
NM1*IL*1*ROBINSON*SAMUEL****MI*W240607090~
NM1*82*2*REYNOLDS MEMORIAL HOSPITAL*****XX*1144228305~
MOA***MA15~
REF*1L*0868579-034-00001-HJ~
REF*CE*Aetna Choice  POS II NET 00578~
DTM*232*20220111~
DTM*233*20220111~
DTM*050*20220114~
PER*CX**TE*8886323862~
AMT*AU*447~
SVC*HC>87070*139*125.1*0306*1~
DTM*472*20220111~
CAS*CO*45*13.9~
REF*6R*RMHE0093882580-12~
AMT*B6*125.1~
SVC*HC>87081*144*129.6*0306*1~
DTM*472*20220111~
CAS*CO*45*14.4~
REF*6R*RMHE0093882580-13~
AMT*B6*129.6~
SVC*HC>87205*55*49.5*0306*1~
DTM*472*20220111~
CAS*CO*45*5.5~
REF*6R*RMHE0093882580-14~
AMT*B6*49.5~
SVC*HC>87880*109*98.1*0306*1~
DTM*472*20220111~
CAS*CO*45*10.9~
REF*6R*RMHE0093882580-15~
AMT*B6*98.1~
CLP*HRMH1932762100*1*778*0*688.5*13*ENY1WY85G0000*13*1~
NM1*QC*1*HUBBARD*JOHNNI*J~
NM1*IL*1*HUBBARD*RYAN****MI*W240607975~
NM1*82*2*REYNOLDS MEMORIAL HOSPITAL*****XX*1144228305~
REF*1L*0868579-034-00001-HJ~
REF*CE*Aetna Choice  POS II NET 00578~
DTM*232*20220111~
DTM*233*20220111~
DTM*050*20220114~
PER*CX**TE*8886323862~
AMT*AU*778~
SVC*HC>36415*13*0*0300*0**1~
DTM*472*20220111~
CAS*CO*97*13*1~
REF*6R*RMHE0093882583-1~
AMT*B6*12.22~
LQ*HE*N19~
SVC*HC>80053*157*0*0301*1~
DTM*472*20220111~
CAS*CO*45*15.7~
CAS*PR*1*141.3~
REF*6R*RMHE0093882583-2~
AMT*B6*141.3~
SVC*HC>80061*135*0*0301*1~
DTM*472*20220111~
CAS*CO*45*13.5~
CAS*PR*1*121.5~
REF*6R*RMHE0093882583-3~
AMT*B6*121.5~
SVC*HC>82306*91*0*0301*1~
DTM*472*20220111~
CAS*CO*45*9.1~
CAS*PR*1*81.9~
REF*6R*RMHE0093882583-4~
AMT*B6*81.9~
SVC*HC>82607*65*0*0301*1~
DTM*472*20220111~
CAS*CO*45*6.5~
CAS*PR*1*58.5~
REF*6R*RMHE0093882583-5~
AMT*B6*58.5~
SVC*HC>84439*87*0*0301*1~
DTM*472*20220111~
CAS*CO*45*8.7~
CAS*PR*1*78.3~
REF*6R*RMHE0093882583-6~
AMT*B6*78.3~
SVC*HC>84443*165*0*0301*1~
DTM*472*20220111~
CAS*CO*45*16.5~
CAS*PR*1*148.5~
REF*6R*RMHE0093882583-7~
AMT*B6*148.5~
SVC*HC>85025*65*0*0305*1~
DTM*472*20220111~
CAS*CO*45*6.5~
CAS*PR*1*58.5~
REF*6R*RMHE0093882583-8~
AMT*B6*58.5~
CLP*HRMH1923702600*1*346*311.4**13*EPACW031T0000*13*1~
NM1*QC*1*URBANEK*JOSEPH****MI*W263393455~
NM1*82*2*REYNOLDS MEMORIAL HOSPITAL*****XX*1144228305~
REF*1L*0868613-010-00533- A~
REF*CE*Aetna Choice  POS II NET 00578~
DTM*232*20220103~
DTM*233*20220103~
DTM*050*20220114~
PER*CX**TE*8886323862~
AMT*AU*346~
SVC*HC>U0004*259*233.1*0306*1~
DTM*472*20220103~
CAS*CO*45*25.9~
REF*6R*RMHE0093882749-1~
AMT*B6*233.1~
SVC*HC>U0005*87*78.3*0306*1~
DTM*472*20220103~
CAS*CO*45*8.7~
REF*6R*RMHE0093882749-2~
AMT*B6*78.3~
CLP*HRMH1770972500*22*-2533*-1506.13**13*EPFCS8DR00002*13*1~
NM1*QC*1*ZUMBRUNNEN*ROBERT****MI*W257058092~
NM1*82*2*REYNOLDS MEMORIAL HOSPITAL*****XX*1144228305~
REF*1L*0109181-014-00012-FY~
REF*CE*Aetna Choice  POS II NET 00578~
DTM*232*20210806~
DTM*233*20210806~
DTM*050*20211017~
PER*CX**TE*8886323862~
SVC*NU>0250*-.5*-.47**3~
DTM*472*20210806~
CAS*CO*45*-.03~
REF*6R*RMHE0090108158-1~
SVC*NU>0258*-120*-112.8**1~
DTM*472*20210806~
CAS*CO*45*-7.2~
REF*6R*RMHE0090108158-2~
SVC*HC>36415*-13*0*0300*0**1~
DTM*472*20210806~
CAS*CO*97*-13*1~
REF*6R*RMHE0090108158-3~
LQ*HE*N19~
SVC*HC>84484*-167*-150.3*0301*1~
DTM*472*20210806~
CAS*CO*45*-16.7~
REF*6R*RMHE0090108158-6~
SVC*HC>83690*-132*-118.8*0301*1~
DTM*472*20210806~
CAS*CO*45*-13.2~
REF*6R*RMHE0090108158-5~
SVC*HC>80053*-147*-132.3*0301*1~
DTM*472*20210806~
CAS*CO*45*-14.7~
REF*6R*RMHE0090108158-4~
SVC*HC>85025*-65*-58.5*0305*1~
DTM*472*20210806~
CAS*CO*45*-6.5~
REF*6R*RMHE0090108158-7~
SVC*HC>71045>TC*-352*-330.88*0324*1~
DTM*472*20210806~
CAS*CO*45*-21.12~
REF*6R*RMHE0090108158-8~
SVC*HC>96374*-542*-509.48*0450*1~
DTM*472*20210806~
CAS*CO*45*-32.52~
REF*6R*RMHE0090108158-9~
SVC*HC>99283>25*-896*0*0450*1*HC>99285>25~
DTM*472*20210806~
CAS*CO*45*-501.2~
CAS*PR*1*-394.8~
REF*6R*RMHE0090108158-11~
SVC*HC>96375*-88*-82.72*0450*1~
DTM*472*20210806~
CAS*CO*45*-5.28~
REF*6R*RMHE0090108158-10~
SVC*HC>J2405*-5.25*-4.94*0636*4~
DTM*472*20210806~
CAS*CO*45*-.31~
REF*6R*RMHE0090108158-13~
SVC*HC>J1100*-5.25*-4.94*0636*10~
DTM*472*20210806~
CAS*CO*45*-.31~
REF*6R*RMHE0090108158-12~
CLP*HRMH1770972500*1*2533*2348.37**13*EPFCS8DR00003*13*1~
NM1*QC*1*ZUMBRUNNEN*ROBERT****MI*W257058092~
NM1*82*2*REYNOLDS MEMORIAL HOSPITAL*****XX*1144228305~
REF*1L*0109181-014-00012-FY~
REF*CE*Aetna Choice  POS II NET 00578~
REF*F8*EPFCS8DR00002~
DTM*232*20210806~
DTM*233*20210806~
DTM*050*20211017~
PER*CX**TE*8886323862~
AMT*AU*2533~
SVC*NU>0250*.5*.47**3~
DTM*472*20210806~
CAS*CO*45*.03~
REF*6R*RMHE0090108158-1~
AMT*B6*.47~
SVC*NU>0258*120*112.8**1~
DTM*472*20210806~
CAS*CO*45*7.2~
REF*6R*RMHE0090108158-2~
AMT*B6*112.8~
SVC*HC>36415*13*0*0300*0**1~
DTM*472*20210806~
CAS*CO*97*13*1~
REF*6R*RMHE0090108158-3~
AMT*B6*12.22~
LQ*HE*N19~
SVC*HC>84484*167*150.3*0301*1~
DTM*472*20210806~
CAS*CO*45*16.7~
REF*6R*RMHE0090108158-6~
AMT*B6*150.3~
SVC*HC>83690*132*118.8*0301*1~
DTM*472*20210806~
CAS*CO*45*13.2~
REF*6R*RMHE0090108158-5~
AMT*B6*118.8~
SVC*HC>80053*147*132.3*0301*1~
DTM*472*20210806~
CAS*CO*45*14.7~
REF*6R*RMHE0090108158-4~
AMT*B6*132.3~
SVC*HC>85025*65*58.5*0305*1~
DTM*472*20210806~
CAS*CO*45*6.5~
REF*6R*RMHE0090108158-7~
AMT*B6*58.5~
SVC*HC>71045>TC*352*330.88*0324*1~
DTM*472*20210806~
CAS*CO*45*21.12~
REF*6R*RMHE0090108158-8~
AMT*B6*330.88~
SVC*HC>96374*542*509.48*0450*1~
DTM*472*20210806~
CAS*CO*45*32.52~
REF*6R*RMHE0090108158-9~
AMT*B6*509.48~
SVC*HC>99283>25*896*842.24*0450*1*HC>99285>25~
DTM*472*20210806~
CAS*CO*45*53.76~
REF*6R*RMHE0090108158-11~
AMT*B6*842.24~
SVC*HC>96375*88*82.72*0450*1~
DTM*472*20210806~
CAS*CO*45*5.28~
REF*6R*RMHE0090108158-10~
AMT*B6*82.72~
SVC*HC>J2405*5.25*4.94*0636*4~
DTM*472*20210806~
CAS*CO*45*.31~
REF*6R*RMHE0090108158-13~
AMT*B6*4.94~
SVC*HC>J1100*5.25*4.94*0636*10~
DTM*472*20210806~
CAS*CO*45*.31~
REF*6R*RMHE0090108158-12~
AMT*B6*4.94~
CLP*HRMH1934050900*1*121*0*108.9*13*EPY1W03XW0000*13*1~
NM1*QC*1*JOCHUMSEN*JACQUELINE~
NM1*IL*1*JOCHUMSEN*MICHAEL****MI*W204671113~
NM1*82*2*REYNOLDS MEMORIAL HOSPITAL*****XX*1144228305~
REF*1L*0141909-011-00001- C~
REF*CE*Aetna Choice  POS II NET 00578~
DTM*232*20220111~
DTM*233*20220111~
DTM*050*20220114~
PER*CX**TE*8886323862~
AMT*AU*121~
SVC*HC>87086*121*0*0306*1~
DTM*472*20220111~
CAS*CO*45*12.1~
CAS*PR*1*108.9~
REF*6R*RMHE0093882807-1~
AMT*B6*108.9~
CLP*HRMH1936069900*1*174*0*163.56*13*EQACW2W6Y0000*13*1~
NM1*QC*1*HEATH*IRENE*N~
NM1*IL*1*CALDWELL*JUSTIN****MI*W243794973~
NM1*82*2*REYNOLDS MEMORIAL HOSPITAL*****XX*1144228305~
REF*1L*0868579-034-00001-HJ~
REF*CE*Aetna Choice  POS II NET 00578~
DTM*232*20220113~
DTM*233*20220113~
DTM*050*20220117~
PER*CX**TE*8886323862~
AMT*AU*174~
SVC*HC>59025*174*0*0920*1~
DTM*472*20220113~
CAS*CO*45*10.44~
CAS*PR*1*163.56~
REF*6R*RMHE0093932141-1~
AMT*B6*163.56~
CLP*HRMH1902056800*1*2965*2426.14*384*13*ERFCWYX6N0000*13*3~
NM1*QC*1*POWERS*RANDY****MI*W246446348~
NM1*82*2*REYNOLDS MEMORIAL HOSPITAL*****XX*1144228305~
REF*1L*0868579-034-00001-HJ~
REF*CE*Aetna Choice  POS II NET 00578~
DTM*232*20211209~
DTM*233*20211227~
DTM*050*20220111~
PER*CX**TE*8886323862~
AMT*AU*2965~
SVC*HC>97530>GP*115*108.1*0420*1~
DTM*150*20211209~
DTM*151*20211213~
CAS*CO*45*6.9~
REF*6R*RMHE0093745153-1~
AMT*B6*108.1~
SVC*HC>97530>GP*230*216.2*0420*2~
DTM*150*20211209~
DTM*151*20211227~
CAS*CO*45*13.8~
REF*6R*RMHE0093745153-2~
AMT*B6*216.2~
SVC*HC>97110>GP*256*240.64*0421*2~
DTM*150*20211209~
DTM*151*20211213~
CAS*CO*45*15.36~
REF*6R*RMHE0093745153-3~
AMT*B6*240.64~
SVC*HC>97110>GP*256*240.64*0421*2~
DTM*150*20211209~
DTM*151*20211227~
CAS*CO*45*15.36~
REF*6R*RMHE0093745153-4~
AMT*B6*240.64~
SVC*HC>97110>GP>CQ*384*0*0421*3~
DTM*472*20211209~
CAS*PR*119*384~
REF*6R*RMHE0093745153-5~
AMT*B6*360.96~
LQ*HE*N130~
SVC*HC>97110>GP>CQ*384*360.96*0421*3~
DTM*150*20211209~
DTM*151*20211216~
CAS*CO*45*23.04~
REF*6R*RMHE0093745153-6~
AMT*B6*360.96~
SVC*HC>97110>GP>CQ*384*360.96*0421*3~
DTM*150*20211209~
DTM*151*20211220~
CAS*CO*45*23.04~
REF*6R*RMHE0093745153-7~
AMT*B6*360.96~
SVC*HC>97110>GP>CQ*384*360.96*0421*3~
DTM*150*20211209~
DTM*151*20211222~
CAS*CO*45*23.04~
REF*6R*RMHE0093745153-8~
AMT*B6*360.96~
SVC*HC>97110>GP>CQ*572*537.68*0421*4~
DTM*150*20211209~
DTM*151*20211223~
CAS*CO*45*34.32~
REF*6R*RMHE0093745153-9~
AMT*B6*537.68~
CLP*HRMH1923461500*1*2399.19*1804.19*451.05*13*ER58WYNSF0000*11*1~
NM1*QC*1*NICHOLSON*BOY~
NM1*IL*1*NICHOLSON*BRANDON****MI*W240608051~
NM1*82*2*REYNOLDS MEMORIAL HOSPITAL*****XX*1144228305~
REF*1L*0868579-034-00001-HJ~
REF*CE*Aetna Choice  POS II NET 00578~
DTM*232*20220103~
DTM*233*20220105~
DTM*050*20220110~
PER*CX**TE*8886323862~
AMT*AU*2399.19~
SVC*NU>0171*884*664.77**2~
DTM*150*20220103~
DTM*151*20220104~
CAS*CO*45*53.04~
CAS*PR*2*166.19~
REF*6R*RMHE0093717348-1~
AMT*B6*830.96~
SVC*NU>0250*15.78*11.86**1~
DTM*150*20220103~
DTM*151*20220105~
CAS*CO*45*.95~
CAS*PR*2*2.97~
REF*6R*RMHE0093717348-2~
AMT*B6*14.83~
SVC*NU>0301*459*345.17**15~
DTM*150*20220103~
DTM*151*20220105~
CAS*CO*45*27.54~
CAS*PR*2*86.29~
REF*6R*RMHE0093717348-3~
AMT*B6*431.46~
SVC*NU>0302*87*65.42**1~
DTM*150*20220103~
DTM*151*20220105~
CAS*CO*45*5.22~
CAS*PR*2*16.36~
REF*6R*RMHE0093717348-4~
AMT*B6*81.78~
SVC*NU>0360*503*378.26**1~
DTM*150*20220103~
DTM*151*20220105~
CAS*CO*45*30.18~
CAS*PR*2*94.56~
REF*6R*RMHE0093717348-5~
AMT*B6*472.82~
SVC*NU>0471*349*262.45**1~
DTM*150*20220103~
DTM*151*20220105~
CAS*CO*45*20.94~
CAS*PR*2*65.61~
REF*6R*RMHE0093717348-6~
AMT*B6*328.06~
SVC*NU>0636*101.41*76.26**2~
DTM*150*20220103~
DTM*151*20220105~
CAS*CO*45*6.08~
CAS*PR*2*19.07~
REF*6R*RMHE0093717348-7~
AMT*B6*95.33~
CLP*HRMH1933717100*1*144*0*129.6*13*ESFCVN3SG0000*13*1~
NM1*QC*1*ROBINSON*SAMUEL***JR*MI*W240607090~
NM1*82*2*REYNOLDS MEMORIAL HOSPITAL*****XX*1144228305~
REF*1L*0868579-034-00001-HJ~
REF*CE*Aetna Choice  POS II NET 00578~
DTM*232*20220111~
DTM*233*20220111~
DTM*050*20220114~
PER*CX**TE*8886323862~
AMT*AU*144~
SVC*HC>87081*144*0*0306*1~
DTM*472*20220111~
CAS*CO*45*14.4~
CAS*PR*1*129.6~
REF*6R*RMHE0093883032-1~
AMT*B6*129.6~
CLP*HRMH1924649600*1*346*311.4**13*ESPCVMNKZ0000*13*1~
NM1*QC*1*WALLACE*EMILEE*R~
NM1*IL*1*WALLACE*SHARI****MI*W107294694~
NM1*82*2*REYNOLDS MEMORIAL HOSPITAL*****XX*1144228305~
REF*1L*0868620-020-00168-PB~
REF*CE*Aetna Choice  POS II NET 00578~
DTM*232*20220103~
DTM*233*20220103~
DTM*050*20220114~
PER*CX**TE*8886323862~
AMT*AU*346~
SVC*HC>U0004*259*233.1*0306*1~
DTM*472*20220103~
CAS*CO*45*25.9~
REF*6R*RMHE0093883039-1~
AMT*B6*233.1~
SVC*HC>U0005*87*78.3*0306*1~
DTM*472*20220103~
CAS*CO*45*8.7~
REF*6R*RMHE0093883039-2~
AMT*B6*78.3~
CLP*HRMH1930757100*1*144*129.6**13*ETJMVN7170000*13*1~
NM1*QC*1*SCHLOSSER*GEORGE****MI*W265381871~
NM1*82*2*REYNOLDS MEMORIAL HOSPITAL*****XX*1144228305~
REF*1L*0172555-010-00700- A~
REF*CE*Aetna Choice  POS II NET 00578~
DTM*232*20220109~
DTM*233*20220109~
DTM*050*20220112~
PER*CX**TE*8886323862~
AMT*AU*144~
SVC*HC>87081*144*129.6*0306*1~
DTM*472*20220109~
CAS*CO*45*14.4~
REF*6R*RMHE0093805758-1~
AMT*B6*129.6~
CLP*HRMH1926597100*1*7966.88*4585.07*2903.8*13*ET36VH8F20000*13*1~
NM1*QC*1*MCCORKLE*EDWARD****MI*W240608018~
NM1*82*2*REYNOLDS MEMORIAL HOSPITAL*****XX*1144228305~
MOA***MA15~
REF*1L*0868579-034-00001-HJ~
REF*CE*Aetna Choice  POS II NET 00578~
DTM*232*20220105~
DTM*233*20220105~
DTM*050*20220111~
PER*CX**TE*8886323862~
AMT*AU*7966.88~
SVC*HC>38500>RT*6422*3423.31*0360*1~
DTM*472*20220105~
CAS*CO*45*385.32~
CAS*PR*1*1757.54**2*855.83~
REF*6R*RMHE0093780234-13~
AMT*B6*6036.68~
SVC*HC>C9290*1445.64*1087.12*0636*266~
DTM*472*20220105~
CAS*CO*45*86.74~
CAS*PR*2*271.78~
REF*6R*RMHE0093780234-15~
AMT*B6*1358.9~
SVC*HC>J0330*42.63*32.06*0636*7~
DTM*472*20220105~
CAS*CO*45*2.56~
CAS*PR*2*8.01~
REF*6R*RMHE0093780234-16~
AMT*B6*40.07~
SVC*HC>J0690*5.25*3.95*0636*2~
DTM*472*20220105~
CAS*CO*45*.31~
CAS*PR*2*.99~
REF*6R*RMHE0093780234-17~
AMT*B6*4.94~
SVC*HC>J2001*12.26*9.22*0636*10~
DTM*472*20220105~
CAS*CO*45*.74~
CAS*PR*2*2.3~
REF*6R*RMHE0093780234-18~
AMT*B6*11.52~
SVC*HC>J2250*10.5*7.9*0636*2~
DTM*472*20220105~
CAS*CO*45*.63~
CAS*PR*2*1.97~
REF*6R*RMHE0093780234-19~
AMT*B6*9.87~
SVC*HC>J2405*5.25*3.95*0636*4~
DTM*472*20220105~
CAS*CO*45*.31~
CAS*PR*2*.99~
REF*6R*RMHE0093780234-20~
AMT*B6*4.94~
SVC*HC>J2704*12.85*9.66*0636*30~
DTM*472*20220105~
CAS*CO*45*.77~
CAS*PR*2*2.42~
REF*6R*RMHE0093780234-21~
AMT*B6*12.08~
SVC*HC>J3010*10.5*7.9*0636*2~
DTM*472*20220105~
CAS*CO*45*.63~
CAS*PR*2*1.97~
REF*6R*RMHE0093780234-22~
AMT*B6*9.87~
CLP*HRMH1926597100*1*4557.15*3424.75*856.18*13*ET36VH8F20001*13*1~
NM1*QC*1*MCCORKLE*EDWARD****MI*W240608018~
NM1*82*2*REYNOLDS MEMORIAL HOSPITAL*****XX*1144228305~
MOA***MA15~
REF*1L*0868579-034-00001-HJ~
REF*CE*Aetna Choice  POS II NET 00578~
DTM*232*20220105~
DTM*233*20220105~
DTM*050*20220111~
PER*CX**TE*8886323862~
AMT*AU*4557.15~
SVC*NU>0250*384.65*289.26**6~
DTM*472*20220105~
CAS*CO*45*23.08~
CAS*PR*2*72.31~
REF*6R*RMHE0093780234-1~
AMT*B6*361.57~
SVC*NU>0258*5.25*3.95**1~
DTM*472*20220105~
CAS*CO*45*.31~
CAS*PR*2*.99~
REF*6R*RMHE0093780234-2~
AMT*B6*4.94~
SVC*HC>J7120*120*90.24*0258*1~
DTM*472*20220105~
CAS*CO*45*7.2~
CAS*PR*2*22.56~
REF*6R*RMHE0093780234-3~
AMT*B6*112.8~
SVC*NU>0272*1539.25*1157.52**1~
DTM*472*20220105~
CAS*CO*45*92.35~
CAS*PR*2*289.38~
REF*6R*RMHE0093780234-4~
AMT*B6*1446.9~
SVC*NU>0370*884*664.77**68~
DTM*472*20220105~
CAS*CO*45*53.04~
CAS*PR*2*166.19~
REF*6R*RMHE0093780234-14~
AMT*B6*830.96~
SVC*NU>0710*1554*1168.61**6~
DTM*472*20220105~
CAS*CO*45*93.24~
CAS*PR*2*292.15~
REF*6R*RMHE0093780234-23~
AMT*B6*1460.76~
SVC*HC>88307*70*50.4*0310*1~
DTM*472*20220105~
CAS*CO*45*7~
CAS*PR*2*12.6~
REF*6R*RMHE0093780234-6~
AMT*B6*63~
CLP*HRMH1926597100*1*1135*817.2*204.3*13*ET36VH8F20002*13*1~
NM1*QC*1*MCCORKLE*EDWARD****MI*W240608018~
NM1*82*2*REYNOLDS MEMORIAL HOSPITAL*****XX*1144228305~
MOA***MA15~
REF*1L*0868579-034-00001-HJ~
REF*CE*Aetna Choice  POS II NET 00578~
DTM*232*20220105~
DTM*233*20220105~
DTM*050*20220111~
PER*CX**TE*8886323862~
AMT*AU*1135~
SVC*HC>88312*84*60.48*0310*2~
DTM*472*20220105~
CAS*CO*45*8.4~
CAS*PR*2*15.12~
REF*6R*RMHE0093780234-7~
AMT*B6*75.6~
SVC*HC>88365*97*69.84*0310*1~
DTM*472*20220105~
CAS*CO*45*9.7~
CAS*PR*2*17.46~
REF*6R*RMHE0093780234-8~
AMT*B6*87.3~
SVC*HC>88341*456*328.32*0312*8~
DTM*472*20220105~
CAS*CO*45*45.6~
CAS*PR*2*82.08~
REF*6R*RMHE0093780234-11~
AMT*B6*410.4~
SVC*HC>88342>XU*91*65.52*0312*1~
DTM*472*20220105~
CAS*CO*45*9.1~
CAS*PR*2*16.38~
REF*6R*RMHE0093780234-12~
AMT*B6*81.9~
SVC*HC>82962*4*2.88*0301*1~
DTM*472*20220105~
CAS*CO*45*.4~
CAS*PR*2*.72~
REF*6R*RMHE0093780234-5~
AMT*B6*3.6~
SVC*HC>88184*241*173.52*0311*1~
DTM*472*20220105~
CAS*CO*45*24.1~
CAS*PR*2*43.38~
REF*6R*RMHE0093780234-9~
AMT*B6*216.9~
SVC*HC>88185*162*116.64*0311*9~
DTM*472*20220105~
CAS*CO*45*16.2~
CAS*PR*2*29.16~
REF*6R*RMHE0093780234-10~
AMT*B6*145.8~
CLP*HRMH1926261200*1*1821.5*0*1691.12*13*EVACVH8JF0000*13*1~
NM1*QC*1*MORRIS*BRIANNA****MI*W268367989~
NM1*82*2*REYNOLDS MEMORIAL HOSPITAL*****XX*1144228305~
REF*1L*0688392-010-00709-AM~
REF*CE*Aetna Choice  POS II NET 00578~
DTM*232*20220104~
DTM*233*20220104~
DTM*050*20220111~
PER*CX**TE*8886323862~
AMT*AU*1821.5~
SVC*NU>0258*120*0**1~
DTM*472*20220104~
CAS*CO*45*7.2~
CAS*PR*1*112.8~
REF*6R*RMHE0093780286-1~
AMT*B6*112.8~
SVC*HC>36415*13*0*0300*0**1~
DTM*472*20220104~
CAS*CO*97*13*1~
REF*6R*RMHE0093780286-2~
AMT*B6*12.22~
LQ*HE*N19~
SVC*HC>80053*157*0*0301*1~
DTM*472*20220104~
CAS*CO*45*15.7~
CAS*PR*1*141.3~
REF*6R*RMHE0093780286-3~
AMT*B6*141.3~
SVC*HC>85025*65*0*0305*1~
DTM*472*20220104~
CAS*CO*45*6.5~
CAS*PR*1*58.5~
REF*6R*RMHE0093780286-4~
AMT*B6*58.5~
SVC*HC>96361*104*0*0450*1~
DTM*472*20220104~
CAS*CO*45*6.24~
CAS*PR*1*97.76~
REF*6R*RMHE0093780286-5~
AMT*B6*97.76~
SVC*HC>96374*607*0*0450*1~
DTM*472*20220104~
CAS*CO*45*36.42~
CAS*PR*1*570.58~
REF*6R*RMHE0093780286-6~
AMT*B6*570.58~
SVC*HC>96375*99*0*0450*1~
DTM*472*20220104~
CAS*CO*45*5.94~
CAS*PR*1*93.06~
REF*6R*RMHE0093780286-7~
AMT*B6*93.06~
SVC*HC>99284>25*646*0*0450*1~
DTM*472*20220104~
CAS*CO*45*38.76~
CAS*PR*1*607.24~
REF*6R*RMHE0093780286-8~
AMT*B6*607.24~
SVC*HC>J1885*5.25*0*0636*2~
DTM*472*20220104~
CAS*CO*45*.31~
CAS*PR*1*4.94~
REF*6R*RMHE0093780286-9~
AMT*B6*4.94~
SVC*HC>J2405*5.25*0*0636*4~
DTM*472*20220104~
CAS*CO*45*.31~
CAS*PR*1*4.94~
REF*6R*RMHE0093780286-10~
AMT*B6*4.94~
CLP*HRMH1927457600*1*560*374.4*129.6*13*EV36VMN160000*13*1~
NM1*QC*1*ROBINSON*RYLAN~
NM1*IL*1*ROBINSON*SAMUEL****MI*W240607090~
NM1*82*2*REYNOLDS MEMORIAL HOSPITAL*****XX*1144228305~
REF*1L*0868579-034-00001-HJ~
REF*CE*Aetna Choice  POS II NET 00578~
DTM*232*20220105~
DTM*233*20220105~
DTM*050*20220112~
PER*CX**TE*8886323862~
AMT*AU*560~
SVC*HC>C9803*70*63*0300*1~
DTM*472*20220105~
CAS*CO*45*7~
REF*6R*RMHE0093805863-1~
AMT*B6*63~
SVC*HC>87081*144*0*0306*1~
DTM*472*20220105~
CAS*CO*45*14.4~
CAS*PR*1*129.6~
REF*6R*RMHE0093805863-2~
AMT*B6*129.6~
SVC*HC>U0004*259*233.1*0306*1~
DTM*472*20220105~
CAS*CO*45*25.9~
REF*6R*RMHE0093805863-3~
AMT*B6*233.1~
SVC*HC>U0005*87*78.3*0306*1~
DTM*472*20220105~
CAS*CO*45*8.7~
REF*6R*RMHE0093805863-4~
AMT*B6*78.3~
CLP*HRMH1924657600*1*403*323.3*25*13*EWY1VLLCY0000*13*1~
NM1*QC*1*MAYER*BRENDA~
NM1*IL*1*MAYER*MARK****MI*W180487763~
NM1*82*2*REYNOLDS MEMORIAL HOSPITAL*****XX*1144228305~
REF*1L*0307227-012-00001-ZB~
REF*CE*Aetna Choice  POS II NET 00578~
DTM*232*20220103~
DTM*233*20220103~
DTM*050*20220112~
PER*CX**TE*8886323862~
AMT*AU*403~
SVC*HC>36415*16*0*0300*0**1~
DTM*472*20220103~
CAS*CO*97*16*1~
REF*6R*RMHE0093806071-1~
AMT*B6*15.04~
LQ*HE*N19~
SVC*HC>80061*135*121.5*0301*1~
DTM*472*20220103~
CAS*CO*45*13.5~
REF*6R*RMHE0093806071-2~
AMT*B6*121.5~
SVC*HC>84439*87*78.3*0301*1~
DTM*472*20220103~
CAS*CO*45*8.7~
REF*6R*RMHE0093806071-3~
AMT*B6*78.3~
SVC*HC>84443*165*123.5*0301*1~
DTM*472*20220103~
CAS*CO*45*16.5~
CAS*PR*3*25~
REF*6R*RMHE0093806071-4~
AMT*B6*148.5~
CLP*HRMH1924650200*1*346*311.4**13*E1TXVPZ1W0000*13*1~
NM1*QC*1*STAN*SEBASTIAN~
NM1*IL*1*STAN*TYLER****MI*W262817170~
NM1*82*2*REYNOLDS MEMORIAL HOSPITAL*****XX*1144228305~
REF*1L*0144227-011-00001- B~
REF*CE*Aetna HealthFund  Aetna Choice  POS II NET 00578~
DTM*232*20220103~
DTM*233*20220103~
DTM*050*20220117~
PER*CX**TE*8886323862~
AMT*AU*346~
SVC*HC>U0004*259*233.1*0306*1~
DTM*472*20220103~
CAS*CO*45*25.9~
REF*6R*RMHE0093910491-1~
AMT*B6*233.1~
SVC*HC>U0005*87*78.3*0306*1~
DTM*472*20220103~
CAS*CO*45*8.7~
REF*6R*RMHE0093910491-2~
AMT*B6*78.3~
CLP*HRMH1925181600*1*656*616.64**13*E3ACVP09N0000*13*1~
NM1*QC*1*JENKINS*BRENDA*L~
NM1*IL*1*JENKINS*ROY****MI*W240606790~
NM1*82*2*REYNOLDS MEMORIAL HOSPITAL*****XX*1144228305~
REF*1L*0868579-034-00001-HJ~
REF*CE*Aetna Choice  POS II NET 00578~
DTM*232*20220111~
DTM*233*20220111~
DTM*050*20220117~
PER*CX**TE*8886323862~
AMT*AU*656~
SVC*HC>77063>TC*125*117.5*0403*1~
DTM*472*20220111~
CAS*CO*45*7.5~
REF*6R*RMHE0093910624-1~
AMT*B6*117.5~
SVC*HC>77067>TC*531*499.14*0403*1~
DTM*472*20220111~
CAS*CO*45*31.86~
REF*6R*RMHE0093910624-2~
AMT*B6*499.14~
CLP*HRMH1914451500*1*8630.38*5727.2*2351.55*13*E3JMT95MJ0000*13*1~
NM1*QC*1*PINOLA*CHRISTINA****MI*W268625693~
NM1*82*2*REYNOLDS MEMORIAL HOSPITAL*****XX*1144228305~
REF*1L*0109200-011-00001-AA~
REF*CE*Aetna Choice  POS II NET 00578~
DTM*232*20211221~
DTM*233*20211221~
DTM*050*20211228~
PER*CX**TE*8886323862~
AMT*AU*8630.38~
SVC*NU>0250*6.72*0**1~
DTM*472*20211221~
CAS*CO*45*.4~
CAS*PR*1*6.32~
REF*6R*RMHE0093428095-1~
AMT*B6*6.32~
SVC*HC>Q9967*27.41*0*0254*75~
DTM*472*20211221~
CAS*CO*45*1.64~
CAS*PR*1*25.77~
REF*6R*RMHE0093428095-2~
AMT*B6*25.77~
SVC*NU>0271*130*0**1~
DTM*472*20211221~
CAS*CO*45*7.8~
CAS*PR*1*122.2~
REF*6R*RMHE0093428095-3~
AMT*B6*122.2~
SVC*HC>36415*13*0*0300*0**1~
DTM*472*20211221~
CAS*CO*97*13*1~
REF*6R*RMHE0093428095-4~
AMT*B6*12.22~
LQ*HE*N19~
SVC*HC>80053*147*0*0301*1~
DTM*472*20211221~
CAS*CO*45*14.7~
CAS*PR*1*132.3~
REF*6R*RMHE0093428095-5~
AMT*B6*132.3~
SVC*HC>84484*167*0*0301*1~
DTM*472*20211221~
CAS*CO*45*16.7~
CAS*PR*1*150.3~
REF*6R*RMHE0093428095-6~
AMT*B6*150.3~
SVC*HC>85025*65*0*0305*1~
DTM*472*20211221~
CAS*CO*45*6.5~
CAS*PR*1*58.5~
REF*6R*RMHE0093428095-7~
AMT*B6*58.5~
SVC*HC>81001*49*0*0307*1~
DTM*472*20211221~
CAS*CO*45*4.9~
CAS*PR*1*44.1~
REF*6R*RMHE0093428095-8~
AMT*B6*44.1~
SVC*HC>81025*112*0*0307*1~
DTM*472*20211221~
CAS*CO*45*11.2~
CAS*PR*1*100.8~
REF*6R*RMHE0093428095-9~
AMT*B6*100.8~
SVC*HC>70450*1297*129.85*0351*1~
DTM*472*20211221~
CAS*CO*45*77.82~
CAS*PR*1*1074.9**2*14.43~
REF*6R*RMHE0093428095-10~
AMT*B6*1219.18~
SVC*HC>71260*2093*1770.68*0352*1~
DTM*472*20211221~
CAS*CO*45*125.58~
CAS*PR*2*196.74~
REF*6R*RMHE0093428095-11~
AMT*B6*1967.42~
SVC*HC>74177*3399*2875.55*0352*1~
DTM*472*20211221~
CAS*CO*45*203.94~
CAS*PR*2*319.51~
REF*6R*RMHE0093428095-12~
AMT*B6*3195.06~
SVC*HC>96374>XU*542*458.53*0450*1~
DTM*472*20211221~
CAS*CO*45*32.52~
CAS*PR*2*50.95~
REF*6R*RMHE0093428095-13~
AMT*B6*509.48~
SVC*HC>99284>25*577*488.14*0450*1~
DTM*472*20211221~
CAS*CO*45*34.62~
CAS*PR*2*54.24~
REF*6R*RMHE0093428095-14~
AMT*B6*542.38~
SVC*HC>J1885*5.25*4.45*0636*1~
DTM*472*20211221~
CAS*CO*45*.31~
CAS*PR*2*.49~
REF*6R*RMHE0093428095-15~
AMT*B6*4.94~
CLP*HRMH1915227700*1*2263*1662.59*406.65*13*E3JMVDKFX0000*13*1~
NM1*QC*1*CREER*MELISSA****MI*W254863420~
NM1*82*2*REYNOLDS MEMORIAL HOSPITAL*****XX*1144228305~
MOA***MA15~
REF*1L*0119082-012-00001-BA~
REF*CE*Aetna HealthFund  Aetna Choice  POS II NET 00578~
DTM*232*20211231~
DTM*233*20211231~
DTM*050*20220103~
PER*CX**TE*8886323862~
AMT*AU*2263~
SVC*HC>76642>LT*495*372.24*0402*1~
DTM*472*20211231~
CAS*CO*45*29.7~
CAS*PR*2*93.06~
REF*6R*RMHE0093577138-20~
AMT*B6*465.3~
SVC*HC>77066>TC*510*383.52*0401*1~
DTM*472*20211231~
CAS*CO*45*30.6~
CAS*PR*2*95.88~
REF*6R*RMHE0093577138-18~
AMT*B6*479.4~
SVC*HC>G0279>TC*101*75.95*0401*1~
DTM*472*20211231~
CAS*CO*45*6.06~
CAS*PR*2*18.99~
REF*6R*RMHE0093577138-19~
AMT*B6*94.94~
SVC*HC>36415*13*0*0300*0**1~
DTM*472*20211231~
CAS*CO*97*13*1~
REF*6R*RMHE0093577138-1~
AMT*B6*12.22~
LQ*HE*N19~
SVC*HC>80053*147*105.84*0301*1~
DTM*472*20211231~
CAS*CO*45*14.7~
CAS*PR*2*26.46~
REF*6R*RMHE0093577138-2~
AMT*B6*132.3~
SVC*HC>82306*85*61.2*0301*1~
DTM*472*20211231~
CAS*CO*45*8.5~
CAS*PR*2*15.3~
REF*6R*RMHE0093577138-3~
AMT*B6*76.5~
SVC*HC>82378*130*93.6*0301*1~
DTM*472*20211231~
CAS*CO*45*13~
CAS*PR*2*23.4~
REF*6R*RMHE0093577138-4~
AMT*B6*117~
SVC*HC>82607*61*43.92*0301*1~
DTM*472*20211231~
CAS*CO*45*6.1~
CAS*PR*2*10.98~
REF*6R*RMHE0093577138-5~
AMT*B6*54.9~
SVC*HC>82728*90*64.8*0301*1~
DTM*472*20211231~
CAS*CO*45*9~
CAS*PR*2*16.2~
REF*6R*RMHE0093577138-6~
AMT*B6*81~
SVC*HC>82746*58*41.76*0301*1~
DTM*472*20211231~
CAS*CO*45*5.8~
CAS*PR*2*10.44~
REF*6R*RMHE0093577138-7~
AMT*B6*52.2~
SVC*HC>83540*110*79.2*0301*1~
DTM*472*20211231~
CAS*CO*45*11~
CAS*PR*2*19.8~
REF*6R*RMHE0093577138-8~
AMT*B6*99~
SVC*HC>83615*92*66.24*0301*1~
DTM*472*20211231~
CAS*CO*45*9.2~
CAS*PR*2*16.56~
REF*6R*RMHE0093577138-9~
AMT*B6*82.8~
SVC*HC>84443*154*110.88*0301*1~
DTM*472*20211231~
CAS*CO*45*15.4~
CAS*PR*2*27.72~
REF*6R*RMHE0093577138-10~
AMT*B6*138.6~
SVC*HC>84466*124*89.28*0301*1~
DTM*472*20211231~
CAS*CO*45*12.4~
CAS*PR*2*22.32~
REF*6R*RMHE0093577138-11~
AMT*B6*111.6~
SVC*HC>84630*12*8.64*0301*1~
DTM*472*20211231~
CAS*CO*45*1.2~
CAS*PR*2*2.16~
REF*6R*RMHE0093577138-12~
AMT*B6*10.8~
SVC*HC>86300*19*13.68*0302*1~
DTM*472*20211231~
CAS*CO*45*1.9~
CAS*PR*2*3.42~
REF*6R*RMHE0093577138-13~
AMT*B6*17.1~
SVC*HC>86704*22*15.84*0302*1~
DTM*472*20211231~
CAS*CO*45*2.2~
CAS*PR*2*3.96~
REF*6R*RMHE0093577138-14~
AMT*B6*19.8~
SVC*HC>86803*40*36*0302*1~
DTM*472*20211231~
CAS*CO*45*4~
REF*6R*RMHE0093577138-15~
AMT*B6*36~
CLP*HRMH1915227700*1*82*59.04*14.76*13*E3JMVDKFX0001*13*1~
NM1*QC*1*CREER*MELISSA****MI*W254863420~
NM1*82*2*REYNOLDS MEMORIAL HOSPITAL*****XX*1144228305~
MOA***MA15~
REF*1L*0119082-012-00001-BA~
REF*CE*Aetna HealthFund  Aetna Choice  POS II NET 00578~
DTM*232*20211231~
DTM*233*20211231~
DTM*050*20220103~
PER*CX**TE*8886323862~
AMT*AU*82~
SVC*HC>85025*65*46.8*0305*1~
DTM*472*20211231~
CAS*CO*45*6.5~
CAS*PR*2*11.7~
REF*6R*RMHE0093577138-16~
AMT*B6*58.5~
SVC*HC>87340*17*12.24*0306*1~
DTM*472*20211231~
CAS*CO*45*1.7~
CAS*PR*2*3.06~
REF*6R*RMHE0093577138-17~
AMT*B6*15.3~
CLP*HRMH1925766600*1*850*0*799*13*E336VP99N0000*13*1~
NM1*QC*1*BEHRENS*CHRISTINA~
NM1*IL*1*BEHRENS*DAVID****MI*W240607607~
NM1*82*2*REYNOLDS MEMORIAL HOSPITAL*****XX*1144228305~
REF*1L*0868579-034-00001-HJ~
REF*CE*Aetna Choice  POS II NET 00578~
DTM*232*20220112~
DTM*233*20220112~
DTM*050*20220117~
PER*CX**TE*8886323862~
AMT*AU*850~
SVC*HC>76705*850*0*0402*1~
DTM*472*20220112~
CAS*CO*45*51~
CAS*PR*1*799~
REF*6R*RMHE0093910604-1~
AMT*B6*799~
CLP*HRMH1793676301*22*-136*0**13*E4PCTK1260000*13*1~
NM1*QC*1*BUEGEL*SARAH~
NM1*IL*1*BUEGEL*GARRETT****MI*W238274548~
NM1*82*2*REYNOLDS MEMORIAL HOSPITAL*****XX*1144228305~
REF*1L*0469790-041-00002-HE~
REF*CE*Aetna HealthFund  Aetna Choice  POS II NET 00578~
DTM*232*20210830~
DTM*233*20210830~
DTM*050*20211111~
PER*CX**TE*8886323862~
SVC*HC>36415*-13*0*0300*0**1~
DTM*472*20210830~
CAS*CO*226*-13*1~
REF*6R*RMHE0092280218-1~
LQ*HE*N517~
SVC*HC>84703*-123*0*0301*0**1~
DTM*472*20210830~
CAS*CO*226*-123*1~
REF*6R*RMHE0092280218-2~
LQ*HE*N517~
CLP*HRMH1793676301*1*136*110.7**13*E4PCTK1260001*13*1~
NM1*QC*1*BUEGEL*SARAH~
NM1*IL*1*BUEGEL*GARRETT****MI*W238274548~
NM1*82*2*REYNOLDS MEMORIAL HOSPITAL*****XX*1144228305~
REF*1L*0469790-041-00002-HE~
REF*CE*Aetna HealthFund  Aetna Choice  POS II NET 00578~
REF*F8*E4PCTK1260000~
DTM*232*20210830~
DTM*233*20210830~
DTM*050*20220112~
PER*CX**TE*8886323862~
AMT*AU*136~
SVC*HC>36415*13*0*0300*0**1~
DTM*472*20210830~
CAS*CO*97*13*1~
REF*6R*RMHE0092280218-1~
AMT*B6*12.22~
LQ*HE*N19~
SVC*HC>84703*123*110.7*0301*1~
DTM*472*20210830~
CAS*CO*45*12.3~
REF*6R*RMHE0092280218-2~
AMT*B6*110.7~
CLP*HRMH1934384100*1*394*0*370.36*13*E6Y1VP89G0000*13*1~
NM1*QC*1*STEELE*LEVI*L~
NM1*IL*1*STEELE*JACOB****MI*W240606716~
NM1*82*2*REYNOLDS MEMORIAL HOSPITAL*****XX*1144228305~
REF*1L*0868579-034-00001-HJ~
REF*CE*Aetna Choice  POS II NET 00578~
DTM*232*20220112~
DTM*233*20220112~
DTM*050*20220117~
PER*CX**TE*8886323862~
AMT*AU*394~
SVC*HC>74018>TC*394*0*0320*1~
DTM*472*20220112~
CAS*CO*45*23.64~
CAS*PR*1*370.36~
REF*6R*RMHE0093910783-1~
AMT*B6*370.36~
CLP*HRMH1908229800*1*1520*642.96*71.44*13*E7JMVCDLN0000*13*1~
NM1*QC*1*HAWORTH*LISA*L~
NM1*IL*1*HAWORTH*LISA****MI*W234015807~
NM1*82*2*REYNOLDS MEMORIAL HOSPITAL*****XX*1144228305~
REF*1L*0865307-053-00001-HB~
REF*CE*Aetna HealthFund  Aetna Choice  POS II NET 00578~
DTM*232*20211223~
DTM*233*20211223~
DTM*050*20220112~
PER*CX**TE*8886323862~
AMT*AU*1520~
SVC*HC>76830*760*642.96*0402*1~
DTM*472*20211223~
CAS*CO*45*45.6~
CAS*PR*2*71.44~
REF*6R*RMHE0093403610-1~
AMT*B6*714.4~
SVC*HC>76830*760*0*0402*0*HC>76856*1~
DTM*472*20211223~
CAS*CO*231*760*1~
REF*6R*RMHE0093403610-2~
AMT*B6*714.4~
CLP*HRMH1868206301*1*1972.5*1635.34*181.71*13*E8PCTX6VQ0000*13*1~
NM1*QC*1*HAWORTH*LISA****MI*W234015807~
NM1*82*2*REYNOLDS MEMORIAL HOSPITAL*****XX*1144228305~
REF*1L*0865307-053-00001-HB~
REF*CE*Aetna HealthFund  Aetna Choice  POS II NET 00578~
DTM*232*20211107~
DTM*233*20211107~
DTM*050*20220112~
PER*CX**TE*8886323862~
AMT*AU*1972.5~
SVC*NU>0250*.5*.42**2~
DTM*472*20211107~
CAS*CO*45*.03~
CAS*PR*2*.05~
REF*6R*RMHE0092906422-1~
AMT*B6*.47~
SVC*HC>36415*13*0*0300*0**1~
DTM*472*20211107~
CAS*CO*97*13*1~
REF*6R*RMHE0092906422-2~
AMT*B6*12.22~
LQ*HE*N19~
SVC*HC>80053*147*119.07*0301*1~
DTM*472*20211107~
CAS*CO*45*14.7~
CAS*PR*2*13.23~
REF*6R*RMHE0092906422-3~
AMT*B6*132.3~
SVC*HC>84703*123*99.63*0301*1~
DTM*472*20211107~
CAS*CO*45*12.3~
CAS*PR*2*11.07~
REF*6R*RMHE0092906422-4~
AMT*B6*110.7~
SVC*HC>86850*76*61.56*0302*1~
DTM*472*20211107~
CAS*CO*45*7.6~
CAS*PR*2*6.84~
REF*6R*RMHE0092906422-5~
AMT*B6*68.4~
SVC*HC>86900*81*65.61*0302*1~
DTM*472*20211107~
CAS*CO*45*8.1~
CAS*PR*2*7.29~
REF*6R*RMHE0092906422-6~
AMT*B6*72.9~
SVC*HC>86901*81*65.61*0302*1~
DTM*472*20211107~
CAS*CO*45*8.1~
CAS*PR*2*7.29~
REF*6R*RMHE0092906422-7~
AMT*B6*72.9~
SVC*HC>85025*65*52.65*0305*1~
DTM*472*20211107~
CAS*CO*45*6.5~
CAS*PR*2*5.85~
REF*6R*RMHE0092906422-8~
AMT*B6*58.5~
SVC*HC>81001*49*39.69*0307*1~
DTM*472*20211107~
CAS*CO*45*4.9~
CAS*PR*2*4.41~
REF*6R*RMHE0092906422-9~
AMT*B6*44.1~
SVC*HC>76830>TC*760*642.96*0402*1~
DTM*472*20211107~
CAS*CO*45*45.6~
CAS*PR*2*71.44~
REF*6R*RMHE0092906422-10~
AMT*B6*714.4~
SVC*HC>99284>25*577*488.14*0450*1~
DTM*472*20211107~
CAS*CO*45*34.62~
CAS*PR*2*54.24~
REF*6R*RMHE0092906422-11~
AMT*B6*542.38~
CLP*HRMH1938459600*1*2575*1369.17*1051.33*13*E8PCVMZZF0000*13*1~
NM1*QC*1*RODGERS*ANDREW****MI*W240606545~
NM1*82*2*REYNOLDS MEMORIAL HOSPITAL*****XX*1144228305~
REF*G1*060895695~
REF*1L*0868579-034-00002-HI~
REF*CE*Aetna Choice  POS II NET 00578~
DTM*232*20220115~
DTM*233*20220115~
DTM*050*20220118~
PER*CX**TE*8886323862~
AMT*AU*2575~
SVC*HC>73721>LT*2575*1369.17*0614*1~
DTM*472*20220115~
CAS*CO*45*154.5~
CAS*PR*1*709.04**2*342.29~
REF*6R*RMHE0093966065-1~
AMT*B6*2420.5~
CLP*HRMH1935134700*1*2463*2285.22*30*13*E8Y1VM7FL0000*13*1~
NM1*QC*1*TUCKER*TAMARA*H~
NM1*IL*1*TUCKER*ERIC****MI*W160079545~
NM1*82*2*REYNOLDS MEMORIAL HOSPITAL*****XX*1144228305~
REF*1L*0466048-012-00002- C~
REF*CE*Aetna Choice  POS II NET 00578~
DTM*232*20220112~
DTM*233*20220112~
DTM*050*20220117~
PER*CX**TE*8886323862~
AMT*AU*2463~
SVC*HC>93306*2166*2006.04*0480*1~
DTM*472*20220112~
CAS*CO*45*129.96~
CAS*PR*3*30~
REF*6R*RMHE0093910928-1~
AMT*B6*2036.04~
SVC*HC>93005*297*279.18*0730*1~
DTM*472*20220112~
CAS*CO*45*17.82~
REF*6R*RMHE0093910928-2~
AMT*B6*279.18~
CLP*HRMH1927766300*1*338*304.2**13*E8Y1VNW5Z0000*13*1~
NM1*QC*1*PARKER*SHANE****MI*W240607175~
NM1*82*2*REYNOLDS MEMORIAL HOSPITAL*****XX*1144228305~
REF*1L*0868579-034-00001-HJ~
REF*CE*Aetna Choice  POS II NET 00578~
DTM*232*20220105~
DTM*233*20220105~
DTM*050*20220118~
PER*CX**TE*8886323862~
AMT*AU*338~
SVC*HC>U0004*253*227.7*0306*1~
DTM*472*20220105~
CAS*CO*45*25.3~
REF*6R*RMHE0093966077-1~
AMT*B6*227.7~
SVC*HC>U0005*85*76.5*0306*1~
DTM*472*20220105~
CAS*CO*45*8.5~
REF*6R*RMHE0093966077-2~
AMT*B6*76.5~
CLP*HRMH1933388600*1*1381*888.48*370.36*13*E903VGR480000*13*1~
NM1*QC*1*TREMONTIN*KELLY****MI*W220031048~
NM1*82*2*REYNOLDS MEMORIAL HOSPITAL*****XX*1144228305~
REF*1L*0141974-010-00006- F~
REF*CE*Aetna HealthFund  Aetna Choice  POS II NET 00578~
DTM*232*20220111~
DTM*233*20220111~
DTM*050*20220117~
PER*CX**TE*8886323862~
AMT*AU*1381~
SVC*HC>36415*13*0*0300*0**1~
DTM*472*20220111~
CAS*CO*97*13*1~
REF*6R*RMHE0093910945-1~
AMT*B6*12.22~
LQ*HE*N19~
SVC*HC>80053*157*141.3*0301*1~
DTM*472*20220111~
CAS*CO*45*15.7~
REF*6R*RMHE0093910945-2~
AMT*B6*141.3~
SVC*HC>83036*116*104.4*0301*1~
DTM*472*20220111~
CAS*CO*45*11.6~
REF*6R*RMHE0093910945-3~
AMT*B6*104.4~
SVC*HC>84439*87*78.3*0301*1~
DTM*472*20220111~
CAS*CO*45*8.7~
REF*6R*RMHE0093910945-4~
AMT*B6*78.3~
SVC*HC>84443*165*148.5*0301*1~
DTM*472*20220111~
CAS*CO*45*16.5~
REF*6R*RMHE0093910945-5~
AMT*B6*148.5~
SVC*HC>84481*87*78.3*0301*1~
DTM*472*20220111~
CAS*CO*45*8.7~
REF*6R*RMHE0093910945-6~
AMT*B6*78.3~
SVC*HC>85025*65*58.5*0305*1~
DTM*472*20220111~
CAS*CO*45*6.5~
REF*6R*RMHE0093910945-7~
AMT*B6*58.5~
SVC*HC>71046>TC*394*0*0324*1~
DTM*472*20220111~
CAS*CO*45*23.64~
CAS*PR*1*370.36~
REF*6R*RMHE0093910945-8~
AMT*B6*370.36~
SVC*HC>93005*297*279.18*0730*1~
DTM*472*20220111~
CAS*CO*45*17.82~
REF*6R*RMHE0093910945-9~
AMT*B6*279.18~
SE*2191*0224~
ST*835*0225~
BPR*I*3515.82*C*ACH*CCP*01*031100209*DA*0000009108*1066033492**01*051900395*DA*00002233*20220124~
TRN*1*822019000260823*1066033492~
REF*EV*XXXXXXXXXXXXXXXXXXXXXXXXXXXXXX~
DTM*405*20220119~
N1*PR*AETNA~
N3*151 FARMINGTON AVENUE~
N4*HARTFORD*CT*06156~
REF*2U*60054~
PER*BL*Provider Service~
N1*PE*REYNOLDS MEMORIAL HOSPITAL INC*XX*1144228305~
N3*PO BOX 616~
N4*MORGANTOWN*WV*265070616~
REF*PQ*577513560~
REF*TJ*550357045~
LX*1~
TS3*1144228305*11*20221231*10*4881~
CLP*HRMH1936979600*1*864*662.16*150*13*EA36W1LMZ0000*13*1~
NM1*QC*1*SPITZNOGLE*TRACIE*L~
NM1*IL*1*SPITZNOGLE*MARLENE****MI*W217369607~
NM1*82*2*REYNOLDS MEMORIAL HOSPITAL*****XX*1144228305~
REF*1L*0772791-010-00002- C~
REF*CE*Aetna Open Access  Managed Choice NET 00578~
DTM*232*20220113~
DTM*233*20220113~
DTM*050*20220118~
PER*CX**TE*8886323862~
AMT*AU*864~
SVC*HC>73630>TC>LT*394*220.36*0320*1~
DTM*472*20220113~
CAS*CO*45*23.64~
CAS*PR*3*150~
REF*6R*RMHE0093966207-1~
AMT*B6*370.36~
SVC*HC>99283>25*470*441.8*0450*1~
DTM*472*20220113~
CAS*CO*45*28.2~
REF*6R*RMHE0093966207-2~
AMT*B6*441.8~
CLP*HRMH1938593200*1*144*0*129.6*13*EBFCW28S50000*13*1~
NM1*QC*1*MEYER*LAYNE****MI*W271518839~
NM1*82*2*REYNOLDS MEMORIAL HOSPITAL*****XX*1144228305~
REF*1L*0148933-010-00706- Q~
REF*CE*Aetna Open Access  Managed Choice NET 00578~
DTM*232*20220115~
DTM*233*20220115~
DTM*050*20220118~
PER*CX**TE*8886323862~
AMT*AU*144~
SVC*HC>87081*144*0*0306*1~
DTM*472*20220115~
CAS*CO*45*14.4~
CAS*PR*1*129.6~
REF*6R*RMHE0093966276-1~
AMT*B6*129.6~
CLP*HRMH1927475600*1*346*311.4**13*EDPCWZ8CQ0000*13*1~
NM1*QC*1*TAYLOR*RONALD****MI*W256132484~
NM1*82*2*REYNOLDS MEMORIAL HOSPITAL*****XX*1144228305~
REF*1L*0143218-010-00704- J~
REF*CE*Aetna Open Access  Managed Choice NET 00578~
DTM*232*20220105~
DTM*233*20220105~
DTM*050*20220118~
PER*CX**TE*8886323862~
AMT*AU*346~
SVC*HC>U0004*259*233.1*0306*1~
DTM*472*20220105~
CAS*CO*45*25.9~
REF*6R*RMHE0093966394-1~
AMT*B6*233.1~
SVC*HC>U0005*87*78.3*0306*1~
DTM*472*20220105~
CAS*CO*45*8.7~
REF*6R*RMHE0093966394-2~
AMT*B6*78.3~
CLP*HRMH1932055900*1*1389*1305.66**13*EJFCW1PFX0000*13*1~
NM1*QC*1*MAKRIS*LISA****MI*W260233474~
NM1*82*2*REYNOLDS MEMORIAL HOSPITAL*****XX*1144228305~
REF*1L*0772791-010-00002- C~
REF*CE*Aetna Open Access  Managed Choice NET 00578~
DTM*232*20220110~
DTM*233*20220110~
DTM*050*20220113~
PER*CX**TE*8886323862~
AMT*AU*1389~
SVC*HC>94010*367*344.98*0460*1~
DTM*472*20220110~
CAS*CO*45*22.02~
REF*6R*RMHE0093845643-1~
AMT*B6*344.98~
SVC*HC>94727*516*485.04*0460*1~
DTM*472*20220110~
CAS*CO*45*30.96~
REF*6R*RMHE0093845643-2~
AMT*B6*485.04~
SVC*HC>94729*506*475.64*0460*1~
DTM*472*20220110~
CAS*CO*45*30.36~
REF*6R*RMHE0093845643-3~
AMT*B6*475.64~
CLP*HRMH1933915000*1*131*0*106.2*13*ER58W1G400000*13*1~
NM1*QC*1*WALLACE*BRIAN****MI*W218497275~
NM1*82*2*REYNOLDS MEMORIAL HOSPITAL*****XX*1144228305~
REF*1L*0596569-010-00702- Y~
REF*CE*Aetna HealthFund  Aetna Open Access  Man NET 00578~
DTM*232*20220111~
DTM*233*20220111~
DTM*050*20220114~
PER*CX**TE*8886323862~
AMT*AU*131~
SVC*HC>36415*13*0*0300*0**1~
DTM*472*20220111~
CAS*CO*97*13*1~
REF*6R*RMHE0093882959-1~
AMT*B6*12.22~
LQ*HE*N19~
SVC*HC>84153*118*0*0301*1~
DTM*472*20220111~
CAS*CO*45*11.8~
CAS*PR*1*106.2~
REF*6R*RMHE0093882959-2~
AMT*B6*106.2~
CLP*HRMH1936419100*1*52*0*46.8*13*ER58W2GW80000*13*1~
NM1*QC*1*MCCLURE*RUSSELL****MI*W25613248001~
NM1*74*1******C*W256132480~
NM1*82*2*REYNOLDS MEMORIAL HOSPITAL*****XX*1144228305~
REF*1L*0143218-010-00704- J~
REF*CE*Aetna Open Access  Managed Choice NET 00578~
DTM*232*20220113~
DTM*233*20220113~
DTM*050*20220117~
PER*CX**TE*8886323862~
AMT*AU*52~
SVC*HC>81001*52*0*0307*1~
DTM*472*20220113~
CAS*CO*45*5.2~
CAS*PR*1*46.8~
REF*6R*RMHE0093932160-1~
AMT*B6*46.8~
CLP*HRMH1934050700*1*1219*574.2*508.5*13*ESFCVP2Y70000*13*1~
NM1*QC*1*FRESHWATER*STEPHANIE****MI*W256132459~
NM1*74*1**BRIAN~
NM1*82*2*REYNOLDS MEMORIAL HOSPITAL*****XX*1144228305~
REF*1L*0143218-010-00704- J~
REF*CE*Aetna Open Access  Managed Choice NET 00578~
DTM*232*20220111~
DTM*233*20220111~
DTM*050*20220117~
PER*CX**TE*8886323862~
AMT*AU*1219~
SVC*HC>36415*16*0*0300*0**1~
DTM*472*20220111~
CAS*CO*97*16*1~
REF*6R*RMHE0093932195-1~
AMT*B6*15.04~
LQ*HE*N19~
SVC*HC>80053*157*141.3*0301*1~
DTM*472*20220111~
CAS*CO*45*15.7~
REF*6R*RMHE0093932195-2~
AMT*B6*141.3~
SVC*HC>80061*135*121.5*0301*1~
DTM*472*20220111~
CAS*CO*45*13.5~
REF*6R*RMHE0093932195-3~
AMT*B6*121.5~
SVC*HC>82306*91*0*0301*1~
DTM*472*20220111~
CAS*CO*45*9.1~
CAS*PR*1*81.9~
REF*6R*RMHE0093932195-4~
AMT*B6*81.9~
SVC*HC>82607*65*0*0301*1~
DTM*472*20220111~
CAS*CO*45*6.5~
CAS*PR*1*58.5~
REF*6R*RMHE0093932195-5~
AMT*B6*58.5~
SVC*HC>82728*96*0*0301*1~
DTM*472*20220111~
CAS*CO*45*9.6~
CAS*PR*1*86.4~
REF*6R*RMHE0093932195-6~
AMT*B6*86.4~
SVC*HC>82746*62*0*0301*1~
DTM*472*20220111~
CAS*CO*45*6.2~
CAS*PR*1*55.8~
REF*6R*RMHE0093932195-7~
AMT*B6*55.8~
SVC*HC>83036*116*104.4*0301*1~
DTM*472*20220111~
CAS*CO*45*11.6~
REF*6R*RMHE0093932195-8~
AMT*B6*104.4~
SVC*HC>83540*118*0*0301*1~
DTM*472*20220111~
CAS*CO*45*11.8~
CAS*PR*1*106.2~
REF*6R*RMHE0093932195-9~
AMT*B6*106.2~
SVC*HC>84443*165*148.5*0301*1~
DTM*472*20220111~
CAS*CO*45*16.5~
REF*6R*RMHE0093932195-10~
AMT*B6*148.5~
SVC*HC>84466*133*0*0301*1~
DTM*472*20220111~
CAS*CO*45*13.3~
CAS*PR*1*119.7~
REF*6R*RMHE0093932195-11~
AMT*B6*119.7~
SVC*HC>85025*65*58.5*0305*1~
DTM*472*20220111~
CAS*CO*45*6.5~
REF*6R*RMHE0093932195-12~
AMT*B6*58.5~
CLP*HRMH1931045800*1*52*46.8**13*ETACVQJ6P0000*13*1~
NM1*QC*1*FRESHWATER*STEPHANIE****MI*W256132459~
NM1*74*1**BRIAN~
NM1*82*2*REYNOLDS MEMORIAL HOSPITAL*****XX*1144228305~
REF*1L*0143218-010-00704- J~
REF*CE*Aetna Open Access  Managed Choice NET 00578~
DTM*232*20220110~
DTM*233*20220110~
DTM*050*20220114~
PER*CX**TE*8886323862~
AMT*AU*52~
SVC*HC>81001*52*46.8*0307*1~
DTM*472*20220110~
CAS*CO*45*5.2~
REF*6R*RMHE0093883105-1~
AMT*B6*46.8~
CLP*HRMH1926230400*1*346*311.4**13*E3JMVMYR60000*13*1~
NM1*QC*1*HARBAUGH*RICHARD****MI*W267627994~
NM1*82*2*REYNOLDS MEMORIAL HOSPITAL*****XX*1144228305~
REF*1L*0530962-020-00002-WQ~
REF*CE*Aetna Open Access  Managed Choice NET 00578~
DTM*232*20220104~
DTM*233*20220104~
DTM*050*20220117~
PER*CX**TE*8886323862~
AMT*AU*346~
SVC*HC>U0004*259*233.1*0306*1~
DTM*472*20220104~
CAS*CO*45*25.9~
REF*6R*RMHE0093910627-1~
AMT*B6*233.1~
SVC*HC>U0005*87*78.3*0306*1~
DTM*472*20220104~
CAS*CO*45*8.7~
REF*6R*RMHE0093910627-2~
AMT*B6*78.3~
CLP*HRMH1925379900*1*338*304.2**13*E7TXVP5QZ0000*13*1~
NM1*QC*1*MCCLURE*RUSSELL****MI*W25613248001~
NM1*74*1******C*W256132480~
NM1*82*2*REYNOLDS MEMORIAL HOSPITAL*****XX*1144228305~
REF*1L*0143218-010-00704- J~
REF*CE*Aetna Open Access  Managed Choice NET 00578~
DTM*232*20220104~
DTM*233*20220104~
DTM*050*20220117~
PER*CX**TE*8886323862~
AMT*AU*338~
SVC*HC>U0004*253*227.7*0306*1~
DTM*472*20220104~
CAS*CO*45*25.3~
REF*6R*RMHE0093910865-1~
AMT*B6*227.7~
SVC*HC>U0005*85*76.5*0306*1~
DTM*472*20220104~
CAS*CO*45*8.5~
REF*6R*RMHE0093910865-2~
AMT*B6*76.5~
SE*275*0225~
ST*835*0226~
BPR*I*374.4*C*ACH*CCP*01*031100209*DA*0000009133*1066033492**01*051900395*DA*00002233*20220124~
TRN*1*822019000260820*1066033492~
REF*EV*XXXXXXXXXXXXXXXXXXXXXXXXXXXXXX~
DTM*405*20220119~
N1*PR*AETNA~
N3*151 FARMINGTON AVENUE~
N4*HARTFORD*CT*06156~
REF*2U*60054~
PER*BL*Provider Service~
N1*PE*REYNOLDS MEMORIAL HOSPITAL INC*XX*1144228305~
N3*PO BOX 616~
N4*MORGANTOWN*WV*265070616~
REF*PQ*577513560~
REF*TJ*550357045~
LX*1~
TS3*1144228305*22*20221231*1*416~
CLP*HRMH1923959100*1*416*374.4**13*ENFCWY6C20000*13*1~
NM1*QC*1*RICHEY*DONALD****MI*W239339920~
NM1*82*2*REYNOLDS MEMORIAL HOSPITAL*****XX*1144228305~
REF*1L*0285631-010-00003- G~
REF*CE*Aetna HealthFund  Aetna Choice  POS II NET 00578~
DTM*232*20220103~
DTM*233*20220103~
DTM*050*20220114~
PER*CX**TE*8006388432~
AMT*AU*416~
SVC*HC>C9803*70*63*0300*1~
DTM*472*20220103~
CAS*CO*45*7~
REF*6R*RMHE0093882570-1~
AMT*B6*63~
SVC*HC>U0004*259*233.1*0306*1~
DTM*472*20220103~
CAS*CO*45*25.9~
REF*6R*RMHE0093882570-2~
AMT*B6*233.1~
SVC*HC>U0005*87*78.3*0306*1~
DTM*472*20220103~
CAS*CO*45*8.7~
REF*6R*RMHE0093882570-3~
AMT*B6*78.3~
SE*43*0226~
ST*835*0227~
BPR*I*11147.7*C*ACH*CCP*01*011900445*DA*0000009046*1066033492**01*051900395*DA*00002233*20220124~
TRN*1*822019000260861*1066033492~
REF*EV*XXXXXXXXXXXXXXXXXXXXXXXXXXXXXX~
DTM*405*20220119~
N1*PR*AETNA~
N3*151 FARMINGTON AVENUE~
N4*HARTFORD*CT*06156~
REF*2U*60054~
PER*BL*Provider Service~
N1*PE*REYNOLDS MEMORIAL HOSPITAL INC*XX*1518068014~
N3*PO BOX 616~
N4*MORGANTOWN*WV*265070616~
REF*PQ*577513560~
REF*TJ*550357045~
LX*1~
TS3*1811454648*11*20221231*2*259~
CLP*PRMH283170440*1*244*0*228.57*13*EQACW3C1D0000*11*1~
NM1*QC*1*BURKHART*ANNE*CATHERINE~
NM1*IL*1*GLAUSER*MARY*J***MI*W240776451~
NM1*82*2*REYNOLDS MEMORIAL HOSPITAL PHYSICIANS*****XX*1518068014~
REF*1L*0767905-010-00704- E~
REF*CE*Aetna HealthFund  Aetna Choice  POS II NET 00578~
DTM*232*20211012~
DTM*233*20211012~
DTM*050*20220118~
PER*CX**TE*8886323862~
AMT*AU*244~
SVC*HC>99203*244*0**1~
DTM*472*20211012~
CAS*CO*45*15.43~
CAS*PR*1*228.57~
REF*6R*PRMH283170440-1~
AMT*B6*228.57~
CLP*PRMH282577170*1*15*6.39**13*EWFCVM89V0000*11*1~
NM1*QC*1*MAYER*BRENDA~
NM1*IL*1*MAYER*MARK****MI*W180487763~
NM1*82*2*REYNOLDS MEMORIAL HOSPITAL PHYSICIANS*****XX*1518068014~
REF*1L*0307227-012-00001-ZB~
REF*CE*Aetna Choice  POS II NET 00578~
DTM*232*20220103~
DTM*233*20220103~
DTM*050*20220113~
PER*CX**TE*8886323862~
AMT*AU*15~
SVC*HC>36415*15*6.39**1~
DTM*472*20220103~
CAS*CO*45*8.61~
REF*6R*PRMH282577170-1~
AMT*B6*6.39~
LX*2~
TS3*1184172793*11*20221231*3*623~
CLP*PRMH282971260*1*192*0*157.44*13*EQACW2Q470000*11*1~
NM1*QC*1*HAUGHT*ABIGAIL~
NM1*IL*1*HAUGHT*JAMES****MI*W240606661~
NM1*82*1*BADGLEY*ALLISON*V***XX*1518068014~
REF*1L*0868579-034-00001-HJ~
REF*CE*Aetna Choice  POS II NET 00578~
DTM*232*20220113~
DTM*233*20220113~
DTM*050*20220117~
PER*CX**TE*8886323862~
AMT*AU*192~
SVC*HC>99213*192*0**1~
DTM*472*20220113~
CAS*CO*45*34.56~
CAS*PR*1*157.44~
REF*6R*PRMH282971260-1~
AMT*B6*157.44~
CLP*PRMH283169540*1*239*183.19**13*ESY1VQG3T0000*11*1~
NM1*QC*1*GODDARD*FINNLEY****MI*W24060739303~
NM1*74*1**JEREMY****C*W240607393~
NM1*82*1*BADGLEY*ALLISON*V***XX*1518068014~
REF*1L*0868579-034-00001-HJ~
REF*CE*Aetna Choice  POS II NET 00578~
DTM*232*20220114~
DTM*233*20220114~
DTM*050*20220118~
PER*CX**TE*8886323862~
AMT*AU*239~
SVC*HC>99393*239*183.19**1~
DTM*472*20220114~
CAS*CO*45*55.81~
REF*6R*PRMH283169540-1~
AMT*B6*183.19~
CLP*PRMH282576180*1*192*0*157.44*13*EXTXVKG6J0000*11*1~
NM1*QC*1*DROPPLEMAN*CADE~
NM1*IL*1*DROPPLEMAN*ROSS****MI*W249249255~
NM1*82*1*BADGLEY*ALLISON*V***XX*1518068014~
REF*1L*0868579-034-00001-HJ~
REF*CE*Aetna Choice  POS II NET 00578~
DTM*232*20220112~
DTM*233*20220112~
DTM*050*20220113~
PER*CX**TE*8886323862~
AMT*AU*192~
SVC*HC>99213*192*0**1~
DTM*472*20220112~
CAS*CO*45*34.56~
CAS*PR*1*157.44~
REF*6R*PRMH282576180-1~
AMT*B6*157.44~
LX*3~
TS3*1376530717*11*20221231*2*312~
CLP*PRMH280298710*1*120*90.07*22.52*13*ECTXWRGCG0000*11*1~
NM1*QC*1*GONCHOFF*CHRISTOPHER~
NM1*IL*1*GONCHOFF*STEVEN****MI*W240606694~
NM1*82*1*HAUS*MARY*M***XX*1518068014~
REF*1L*0868579-034-00001-HJ~
REF*CE*Aetna Choice  POS II NET 00578~
DTM*232*20211217~
DTM*233*20211217~
DTM*050*20211228~
PER*CX**TE*8886323862~
AMT*AU*120~
SVC*HC>99212*120*90.07**1~
DTM*472*20211217~
CAS*CO*45*7.41~
CAS*PR*2*22.52~
REF*6R*PRMH280298710-1~
AMT*B6*112.59~
CLP*PRMH280930290*1*192*148.18*37.04*13*EQTXWS85W0000*11*1~
NM1*QC*1*GONCHOFF*CHRISTOPHER~
NM1*IL*1*GONCHOFF*STEVEN****MI*W240606694~
NM1*82*1*HAUS*MARY*M***XX*1518068014~
REF*1L*0868579-034-00001-HJ~
REF*CE*Aetna Choice  POS II NET 00578~
DTM*232*20211230~
DTM*233*20211230~
DTM*050*20211231~
PER*CX**TE*8886323862~
AMT*AU*192~
SVC*HC>99213*192*148.18**1~
DTM*472*20211230~
CAS*CO*45*6.78~
CAS*PR*2*37.04~
REF*6R*PRMH280930290-1~
AMT*B6*185.22~
LX*4~
TS3*1417278656*11*20221231*4*1042~
CLP*PRMH282971681*1*372*0**13*ERWZWZ1L40000*11*1~
NM1*QC*1*PITTMAN*CLAIRE*M~
NM1*IL*1*CUNNINGHAM*BRIAN*J***MI*W180783506~
NM1*82*1*SCHMITT*ANDREW*M***XX*1518068014~
REF*1L*0307227-010-00001-AG~
REF*CE*Aetna Choice  POS II NET 00578~
DTM*232*20210308~
DTM*233*20210308~
DTM*050*20220118~
PER*CX**TE*8886323862~
AMT*AU*372~
SVC*HC>99204*372*0**0**1~
DTM*472*20210308~
CAS*CO*29*372*1~
REF*6R*PRMH282971681-1~
AMT*B6*337.35~
CLP*PRMH282970601*1*286*0**13*E8FCVQC4W0000*11*1~
NM1*QC*1*SCHELLHASE*MARK~
NM1*IL*1*SCHELLHASE*ANDREA****MI*W108130220~
NM1*82*1*SCHMITT*ANDREW*M***XX*1518068014~
REF*1L*0877093-044-00210- P~
REF*CE*Aetna Choice  POS II NET 00578~
DTM*232*20210315~
DTM*233*20210315~
DTM*050*20220118~
PER*CX**TE*8886323862~
AMT*AU*286~
SVC*HC>99396*286*0**0**1~
DTM*472*20210315~
CAS*CO*29*286*1~
REF*6R*PRMH282970601-1~
AMT*B6*252.41~
CLP*PRMH282969191*1*192*0**13*E8Y1VNP340000*11*1~
NM1*QC*1*CUNNINGHAM*LESLIE*R~
NM1*IL*1*CUNNINGHAM*BRIAN****MI*W180783506~
NM1*82*1*SCHMITT*ANDREW*M***XX*1518068014~
REF*1L*0307227-010-00001-AG~
REF*CE*Aetna Choice  POS II NET 00578~
DTM*232*20210308~
DTM*233*20210308~
DTM*050*20220118~
PER*CX**TE*8886323862~
AMT*AU*192~
SVC*HC>99213*192*0**0**1~
DTM*472*20210308~
CAS*CO*29*192*1~
REF*6R*PRMH282969191-1~
AMT*B6*181.75~
CLP*PRMH280929060*1*192*181.75**13*E903T6SFY0000*11*1~
NM1*QC*1*MEYER*DRU*E~
NM1*IL*1*MEYER*DAVID****MI*W460468203~
NM1*82*1*SCHMITT*ANDREW*M***XX*1518068014~
REF*1L*0800103-032-00506-JB~
REF*CE*Aetna Choice  POS II NET 00578~
DTM*232*20210929~
DTM*233*20210929~
DTM*050*20211231~
PER*CX**TE*8886323862~
AMT*AU*192~
SVC*HC>99213*192*181.75**1~
DTM*472*20210929~
CAS*CO*45*10.25~
REF*6R*PRMH280929060-1~
AMT*B6*181.75~
LX*5~
TS3*1902134901*11*20221231*2*461~
CLP*PRMH282374420*1*269*0*224.03*13*ECJMWZY590000*11*1~
NM1*QC*1*MUROSKI*CHRISTINE*C***MI*W223495442~
NM1*82*1*TAYLOR*CHELSEY*K***XX*1518068014~
REF*1L*0469790-020-00102-AA~
REF*CE*Aetna Choice  POS II NET 00578~
DTM*232*20220111~
DTM*233*20220111~
DTM*050*20220112~
PER*CX**TE*8886323862~
AMT*AU*269~
SVC*HC>99214*269*0**1~
DTM*472*20220111~
CAS*CO*45*44.97~
CAS*PR*1*224.03~
REF*6R*PRMH282374420-1~
AMT*B6*224.03~
CLP*PRMH282375250*1*192*0*157.44*13*E6PCVMJYP0000*11*1~
NM1*QC*1*MCCONNELL*HUNTER*M~
NM1*IL*1*MCCONNELL*CRAIG****MI*W240607615~
NM1*82*1*TAYLOR*CHELSEY*K***XX*1518068014~
REF*1L*0868579-034-00001-HJ~
REF*CE*Aetna Choice  POS II NET 00578~
DTM*232*20220110~
DTM*233*20220110~
DTM*050*20220112~
PER*CX**TE*8886323862~
AMT*AU*192~
SVC*HC>99213*192*0**1~
DTM*472*20220110~
CAS*CO*45*34.56~
CAS*PR*1*157.44~
REF*6R*PRMH282375250-1~
AMT*B6*157.44~
LX*6~
TS3*1255734638*23*20221231*1*267~
CLP*PRMH282376130*1*267*222.8**13*EBPCWXG7Z0000*23*1~
NM1*QC*1*WARNER*LINCOLN*AUGUST~
NM1*IL*1*WARNER*DENNY****MI*W240607520~
NM1*82*1*DANTZLER*KATELYN*M***XX*1518068014~
REF*1L*0868579-034-00001-HJ~
REF*CE*Aetna Choice  POS II NET 00578~
DTM*232*20220101~
DTM*233*20220101~
DTM*050*20220112~
PER*CX**TE*8886323862~
AMT*AU*267~
SVC*HC>99284*267*222.8**1~
DTM*472*20220101~
CAS*CO*45*44.2~
REF*6R*PRMH282376130-1~
AMT*B6*222.8~
LX*7~
TS3*1568783702*11*20221231*2*384~
CLP*PRMH280720070*1*192*185.22**13*EVACVBPP20000*11*1~
NM1*QC*1*JENKINS*ROY****MI*W240606790~
NM1*82*1*HAUGHT*MARCIA*J***XX*1518068014~
REF*1L*0868579-034-00001-HJ~
REF*CE*Aetna Choice  POS II NET 00578~
DTM*232*20211229~
DTM*233*20211229~
DTM*050*20211230~
PER*CX**TE*8886323862~
AMT*AU*192~
SVC*HC>99213*192*185.22**1~
DTM*472*20211229~
CAS*CO*45*6.78~
REF*6R*PRMH280720070-1~
AMT*B6*185.22~
CLP*PRMH282374100*1*192*0*185.22*13*EXTXVJS8P0000*11*1~
NM1*QC*1*JENKINS*BRENDA*LEE~
NM1*IL*1*JENKINS*ROY****MI*W240606790~
NM1*82*1*HAUGHT*MARCIA*J***XX*1518068014~
REF*1L*0868579-034-00001-HJ~
REF*CE*Aetna Choice  POS II NET 00578~
DTM*232*20220111~
DTM*233*20220111~
DTM*050*20220112~
PER*CX**TE*8886323862~
AMT*AU*192~
SVC*HC>99213*192*0**1~
DTM*472*20220111~
CAS*CO*45*6.78~
CAS*PR*1*185.22~
REF*6R*PRMH282374100-1~
AMT*B6*185.22~
LX*8~
TS3*1336556802*11*20221231*4*607~
CLP*PRMH283168220*1*244*0*194.28*13*EQ36W0NV40000*11*1~
NM1*QC*1*FABRIZIO*JACOB*A***MI*W240607541~
NM1*82*1*LOGSDON*BRIANNE*N***XX*1518068014~
REF*1L*0868579-034-00001-HI~
REF*CE*Aetna Choice  POS II NET 00578~
DTM*232*20220112~
DTM*233*20220112~
DTM*050*20220118~
PER*CX**TE*8886323862~
AMT*AU*244~
SVC*HC>99203*244*0**1~
DTM*472*20220112~
CAS*CO*45*49.72~
CAS*PR*1*194.28~
REF*6R*PRMH283168220-1~
AMT*B6*194.28~
CLP*PRMH282970740*1*363*35.25*248.26*13*E5ACVL5DB0000*11*1~
NM1*QC*1*HILL*ZACHARY****MI*W240607194~
NM1*82*1*LOGSDON*BRIANNE*N***XX*1518068014~
REF*1L*0868579-034-00001-HJ~
REF*CE*Aetna Choice  POS II NET 00578~
DTM*232*20220113~
DTM*233*20220113~
DTM*050*20220117~
PER*CX**TE*8886323862~
AMT*AU*363~
SVC*HC>99214>25>CS*269*0**1~
DTM*472*20220113~
CAS*CO*45*44.97~
CAS*PR*1*224.03~
REF*6R*PRMH282970740-4~
AMT*B6*224.03~
SVC*HC>96372*48*0**1~
DTM*472*20220113~
CAS*CO*45*24.03~
CAS*PR*1*23.97~
REF*6R*PRMH282970740-2~
AMT*B6*23.97~
SVC*HC>87804*45*35.25**1~
DTM*472*20220113~
CAS*CO*45*9.75~
REF*6R*PRMH282970740-1~
AMT*B6*35.25~
SVC*HC>J1100*1*0**1~
DTM*472*20220113~
CAS*CO*45*.74~
CAS*PR*1*.26~
REF*6R*PRMH282970740-3~
AMT*B6*.26~
CLP*PRMH282179030*22*-192*0**13*E7TXVL0X00000*11*1~
NM1*QC*1*BRYAN*MICHAEL*R***MI*W243178747~
NM1*82*1*LOGSDON*BRIANNE*N***XX*1518068014~
REF*1L*0469790-041-00002-HE~
REF*CE*Aetna HealthFund  Aetna Choice  POS II NET 00578~
DTM*232*20220109~
DTM*233*20220109~
DTM*050*20220111~
PER*CX**TE*8886323862~
SVC*HC>99213*-192*0**1~
DTM*472*20220109~
CAS*CO*45*-34.56~
CAS*PR*1*-157.44~
REF*6R*PRMH282179030-1~
CLP*PRMH282179030*1*192*0*157.44*13*E7TXVL0X00001*11*1~
NM1*QC*1*BRYAN*MICHAEL*R***MI*W243178747~
NM1*82*1*LOGSDON*BRIANNE*N***XX*1518068014~
REF*1L*0469790-041-00002-HE~
REF*CE*Aetna HealthFund  Aetna Choice  POS II NET 00578~
REF*F8*E7TXVL0X00000~
DTM*232*20220109~
DTM*233*20220109~
DTM*050*20220117~
PER*CX**TE*8886323862~
AMT*AU*192~
SVC*HC>99213*192*0**1~
DTM*472*20220109~
CAS*CO*45*34.56~
CAS*PR*1*157.44~
REF*6R*PRMH282179030-1~
AMT*B6*157.44~
LX*9~
TS3*1770950370*23*20221231*2*658~
CLP*PRMH282970400*1*391*325.89**13*ENPCW1T6F0000*23*1~
NM1*QC*1*ROBINSON*ELLIANA~
NM1*IL*1*ROBINSON*SAMUEL*D***MI*W240607090~
NM1*82*1*GILBERT*LISA*D***XX*1518068014~
REF*1L*0868579-034-00001-HJ~
REF*CE*Aetna Choice  POS II NET 00578~
DTM*232*20220111~
DTM*233*20220111~
DTM*050*20220117~
PER*CX**TE*8886323862~
AMT*AU*391~
SVC*HC>99285>25*391*325.89**1~
DTM*472*20220111~
CAS*CO*45*65.11~
REF*6R*PRMH282970400-1~
AMT*B6*325.89~
CLP*PRMH282774590*1*267*0*222.8*13*E7TXVN3G90000*23*1~
NM1*QC*1*SURPRENANT*ALEXIA~
NM1*IL*1*SURPRENANT*KIM****MI*W263292631~
NM1*82*1*GILBERT*LISA*D***XX*1518068014~
REF*1L*0161250-011-00001-AH~
REF*CE*Aetna Choice  POS II NET 00578~
DTM*232*20220106~
DTM*233*20220106~
DTM*050*20220114~
PER*CX**TE*8886323862~
AMT*AU*267~
SVC*HC>99284*267*0**1~
DTM*472*20220106~
CAS*CO*45*44.2~
CAS*PR*1*222.8~
REF*6R*PRMH282774590-1~
AMT*B6*222.8~
LX*10~
TS3*1992701197*11*20221231*2*478~
CLP*PRMH280719920*1*192*166.7*18.52*13*ESFCVFHR90000*11*1~
NM1*QC*1*HAWORTH*GREGORY*JOSEPH~
NM1*IL*1*HAWORTH*LISA****MI*W234015807~
NM1*82*1*MIDCAP*DOUGLAS*W***XX*1518068014~
REF*1L*0865307-053-00001-HB~
REF*CE*Aetna HealthFund  Aetna Choice  POS II NET 00578~
DTM*232*20211229~
DTM*233*20211229~
DTM*050*20211230~
PER*CX**TE*8886323862~
AMT*AU*192~
SVC*HC>99213*192*166.7**1~
DTM*472*20211229~
CAS*CO*45*6.78~
CAS*PR*2*18.52~
REF*6R*PRMH280719920-1~
AMT*B6*185.22~
CLP*PRMH280298940*1*286*257.24**13*E1JMVC65Y0000*11*1~
NM1*QC*1*GOSSETT*JEFFREY****MI*W181594496~
NM1*82*1*MIDCAP*DOUGLAS*W***XX*1518068014~
REF*1L*0307227-010-00001-AG~
REF*CE*Aetna Choice  POS II NET 00578~
DTM*232*20211227~
DTM*233*20211227~
DTM*050*20211228~
PER*CX**TE*8886323862~
AMT*AU*286~
SVC*HC>99396*286*257.24**1~
DTM*472*20211227~
CAS*CO*45*28.76~
REF*6R*PRMH280298940-1~
AMT*B6*257.24~
LX*11~
TS3*1023004082*11*20221231*2*1019~
CLP*PRMH280719030*1*647*185.22**13*EGTXWSY3X0000*11*1~
NM1*QC*1*KINNAN*MICHAEL*ALLEN***MI*W000639507~
NM1*82*1*MICHALSKI*JOHN*A***XX*1518068014~
REF*1L*0868598-010-00003-RB~
REF*CE*Aetna Choice  POS II NET 00578~
DTM*232*20211228~
DTM*233*20211228~
DTM*050*20211230~
PER*CX**TE*8886323862~
AMT*AU*647~
SVC*HC>99213>25*192*185.22**1~
DTM*472*20211228~
CAS*CO*45*6.78~
REF*6R*PRMH280719030-3~
AMT*B6*185.22~
SVC*HC>20610>50*426*0**0**2~
DTM*472*20211228~
CAS*PI*197*426*2~
REF*6R*PRMH280719030-2~
AMT*B6*263.01~
SVC*HC>J7318*29*0**0**1~
DTM*472*20211228~
CAS*PI*197*29*1~
REF*6R*PRMH280719030-1~
AMT*B6*20.3~
CLP*PRMH280493370*1*372*275.04*68.76*13*EHPCWN6BH0000*11*1~
NM1*QC*1*TAYLOR*GARY****MI*W240606997~
NM1*82*1*MICHALSKI*JOHN*A***XX*1518068014~
REF*1L*0868579-034-00001-HJ~
REF*CE*Aetna Choice  POS II NET 00578~
DTM*232*20211228~
DTM*233*20211228~
DTM*050*20211229~
PER*CX**TE*8886323862~
AMT*AU*372~
SVC*HC>99204*372*275.04**1~
DTM*472*20211228~
CAS*CO*45*28.2~
CAS*PR*2*68.76~
REF*6R*PRMH280493370-1~
AMT*B6*343.8~
LX*12~
TS3*1093888067*21*20221231*1*391~
CLP*PRMH280495670*1*391*383.4**13*EWPCVD0SJ0000*21*1~
NM1*QC*1*CRAWFORD*TERRY****MI*W240608098~
NM1*82*1*POSIN*SHAWN*L***XX*1518068014~
REF*1L*0868579-034-00001-HJ~
REF*CE*Aetna Choice  POS II NET 00578~
DTM*232*20211203~
DTM*233*20211203~
DTM*050*20211229~
PER*CX**TE*8886323862~
AMT*AU*391~
SVC*HC>99285*391*383.4**1~
DTM*472*20211203~
CAS*CO*45*7.6~
REF*6R*PRMH280495670-1~
AMT*B6*383.4~
LX*13~
TS3*1801909510*11*20221231*1*192~
CLP*PRMH280299200*1*192*7.24*177.98*13*ECJMWRFNM0000*11*1~
NM1*QC*1*NEST*AMANDA*M***MI*W263394165~
NM1*82*1*PAPADIMITRIOU*PAUL*B***XX*1518068014~
REF*1L*0868613-010-00533- A~
REF*CE*Aetna Choice  POS II NET 00578~
DTM*232*20211210~
DTM*233*20211210~
DTM*050*20211228~
PER*CX**TE*8886323862~
AMT*AU*192~
SVC*HC>99213*192*7.24**1~
DTM*472*20211210~
CAS*CO*45*6.78~
CAS*PR*1*175.57**2*2.41~
REF*6R*PRMH280299200-1~
AMT*B6*185.22~
LX*14~
TS3*1427337534*11*20221231*1*269~
CLP*PRMH280719420*1*269*263.57**13*ESPCVC1KQ0000*11*1~
NM1*QC*1*SCOTT*SETH*A~
NM1*IL*1*SCOTT*CHRISTOPHER*ROBERT***MI*W264897581~
NM1*82*1*GUPTA*NIHIT****XX*1518068014~
REF*1L*0143903-011-00001-AB~
REF*CE*Aetna Choice  POS II NET 00578~
DTM*232*20211215~
DTM*233*20211215~
DTM*050*20211230~
PER*CX**TE*8886323862~
AMT*AU*269~
SVC*HC>99214*269*263.57**1~
DTM*472*20211215~
CAS*CO*45*5.43~
REF*6R*PRMH280719420-1~
AMT*B6*263.57~
LX*15~
TS3*1366710212*22*20221231*2*0~
CLP*PRMH271309320*22*-332.5*0**13*E0Y1S2TYR0000*22*1~
NM1*QC*1*BUEGEL*SARAH~
NM1*IL*1*BUEGEL*GARRETT*JOHN***MI*W238274548~
NM1*82*1*HUGGINS*JAMIE*S***XX*1518068014~
REF*1L*0469790-041-00002-HE~
REF*CE*Aetna HealthFund  Aetna Choice  POS II NET 00578~
DTM*232*20210903~
DTM*233*20210903~
DTM*050*20211022~
PER*CX**TE*8886323862~
SVC*HC>00731>QX*-332.5*0**0**29~
DTM*472*20210903~
CAS*CO*226*-332.5*29~
REF*6R*PRMH271309320-1~
LQ*HE*N517~
CLP*PRMH271309320*1*332.5*269.96**13*E0Y1S2TYR0001*22*1~
NM1*QC*1*BUEGEL*SARAH~
NM1*IL*1*BUEGEL*GARRETT*JOHN***MI*W238274548~
NM1*82*1*HUGGINS*JAMIE*S***XX*1518068014~
REF*1L*0469790-041-00002-HE~
REF*CE*Aetna HealthFund  Aetna Choice  POS II NET 00578~
REF*F8*E0Y1S2TYR0000~
DTM*232*20210903~
DTM*233*20210903~
DTM*050*20220112~
PER*CX**TE*8886323862~
AMT*AU*332.5~
SVC*HC>00731>QX*332.5*269.96**29~
DTM*472*20210903~
CAS*PI*59*62.54~
REF*6R*PRMH271309320-1~
AMT*B6*269.96~
LX*16~
TS3*1174913214*11*20221231*1*1250~
CLP*PRMH281334612*1*1250*816.52**13*EFFCWW79T0000*11*7~
NM1*QC*1*HILLBERRY*ALI~
NM1*IL*1*HILLBERRY*BRANDON****MI*W240607525~
NM1*82*1*WASMUTH*KATRINA*S***XX*1518068014~
REF*1L*0868579-034-00001-HJ~
REF*CE*Aetna Choice  POS II NET 00578~
DTM*232*20210315~
DTM*233*20210315~
DTM*050*20220106~
PER*CX**TE*8886323862~
AMT*AU*1010~
SVC*HC>99392>25*240*0**1~
DTM*472*20210315~
CAS*CO*45*59.72~
CAS*PI*B13*180.28~
REF*6R*PRMH281334612-2~
SVC*HC>96110*40*15.63**1~
DTM*472*20210315~
CAS*CO*45*24.37~
REF*6R*PRMH281334612-1~
AMT*B6*15.63~
SVC*HC>90716*254*177.8**1~
DTM*472*20210315~
CAS*CO*45*76.2~
REF*6R*PRMH281334612-3~
AMT*B6*177.8~
SVC*HC>90670*491*480.99**1~
DTM*472*20210315~
CAS*CO*45*10.01~
REF*6R*PRMH281334612-4~
AMT*B6*480.99~
SVC*HC>90633*63*44.1**1~
DTM*472*20210315~
CAS*CO*45*18.9~
REF*6R*PRMH281334612-5~
AMT*B6*44.1~
SVC*HC>90460*162*98**3~
DTM*472*20210315~
CAS*CO*45*64~
REF*6R*PRMH281334612-6~
AMT*B6*98~
LX*17~
TS3*1528332707*11*20221231*6*1398~
CLP*PRMH283168770*1*314*259.28**13*EDY1WZ1YH0000*11*1~
NM1*QC*1*STRAIGHT*JOSEPH*D***MI*W240606946~
NM1*82*1*RICO*RYAN*F***XX*1518068014~
REF*1L*0868579-034-00001-HJ~
REF*CE*Aetna Choice  POS II NET 00578~
DTM*232*20220116~
DTM*233*20220116~
DTM*050*20220118~
PER*CX**TE*8886323862~
AMT*AU*314~
SVC*HC>99214>CS*269*224.03**1~
DTM*472*20220116~
CAS*CO*45*44.97~
REF*6R*PRMH283168770-1~
AMT*B6*224.03~
SVC*HC>87804*45*35.25**1~
DTM*472*20220116~
CAS*CO*45*9.75~
REF*6R*PRMH283168770-2~
AMT*B6*35.25~
CLP*PRMH282970770*1*192*0*157.44*13*EHPCWZD4B0000*11*1~
NM1*QC*1*CALLAHAN*KENDRA~
NM1*IL*1*CALLAHAN*TIMOTHY****MI*W240607674~
NM1*82*1*RICO*RYAN*F***XX*1518068014~
REF*1L*0868579-034-00001-HJ~
REF*CE*Aetna Choice  POS II NET 00578~
DTM*232*20220115~
DTM*233*20220115~
DTM*050*20220117~
PER*CX**TE*8886323862~
AMT*AU*192~
SVC*HC>99213*192*0**1~
DTM*472*20220115~
CAS*CO*45*34.56~
CAS*PR*1*157.44~
REF*6R*PRMH282970770-1~
AMT*B6*157.44~
CLP*PRMH282352912*1*165*101.18*53.3*13*EJPCW0Y8F0000*11*7~
NM1*QC*1*CRUMM*JESSICA~
NM1*IL*1*CRUMM*MARTIN****MI*W240604604~
NM1*82*1*RICO*RYAN*F***XX*1518068014~
REF*1L*0868579-034-00001-HJ~
REF*CE*Aetna Choice  POS II NET 00578~
DTM*232*20210104~
DTM*233*20210104~
DTM*050*20220113~
PER*CX**TE*8886323862~
AMT*AU*165~
SVC*HC>99213>25*165*101.18**1~
DTM*472*20210104~
CAS*CO*45*10.52~
CAS*PR*1*28**2*25.3~
REF*6R*PRMH282352912-1~
AMT*B6*154.48~
LQ*HE*N377~
CLP*PRMH282375150*1*244*0*194.28*13*EYY1VJS9W0000*11*1~
NM1*QC*1*YODERS*DONALD*J***MI*W240607705~
NM1*82*1*RICO*RYAN*F***XX*1518068014~
REF*1L*0868579-034-00001-HJ~
REF*CE*Aetna Choice  POS II NET 00578~
DTM*232*20220110~
DTM*233*20220110~
DTM*050*20220112~
PER*CX**TE*8886323862~
AMT*AU*244~
SVC*HC>99203*244*0**1~
DTM*472*20220110~
CAS*CO*45*49.72~
CAS*PR*1*194.28~
REF*6R*PRMH282375150-1~
AMT*B6*194.28~
CLP*PRMH282969080*1*239*0*192.65*13*E4FCVL3MK0000*11*1~
NM1*QC*1*JOCHUMSEN*JACQUELINE~
NM1*IL*1*JOCHUMSEN*MICHAEL****MI*W204671113~
NM1*82*1*RICO*RYAN*F***XX*1518068014~
REF*1L*0141909-011-00001- C~
REF*CE*Aetna Choice  POS II NET 00578~
DTM*232*20220115~
DTM*233*20220115~
DTM*050*20220117~
PER*CX**TE*8886323862~
AMT*AU*239~
SVC*HC>99213*192*0**1~
DTM*472*20220115~
CAS*CO*45*34.56~
CAS*PR*1*157.44~
REF*6R*PRMH282969080-2~
AMT*B6*157.44~
SVC*HC>87880*47*0**1~
DTM*472*20220115~
CAS*CO*45*11.79~
CAS*PR*1*35.21~
REF*6R*PRMH282969080-1~
AMT*B6*35.21~
CLP*PRMH283168790*1*244*0*194.28*13*E7ACVMX3V0000*11*1~
NM1*QC*1*STRAIGHT*DALLAS~
NM1*IL*1*STRAIGHT*JOSEPH****MI*W240606946~
NM1*82*1*RICO*RYAN*F***XX*1518068014~
REF*1L*0868579-034-00001-HJ~
REF*CE*Aetna Choice  POS II NET 00578~
DTM*232*20220116~
DTM*233*20220116~
DTM*050*20220118~
PER*CX**TE*8886323862~
AMT*AU*244~
SVC*HC>99203*244*0**1~
DTM*472*20220116~
CAS*CO*45*49.72~
CAS*PR*1*194.28~
REF*6R*PRMH283168790-1~
AMT*B6*194.28~
LX*18~
TS3*1497856066*23*20221231*1*161~
CLP*PRMH282376380*1*161*0*154.21*12*ECJMWZY9G0000*23*1~
NM1*QC*1*EDGE*RONALD****MI*W216489461~
NM1*82*1*CARNEY*MICHAEL*B***XX*1518068014~
REF*1L*0588219-010-00716-CH~
REF*CE*Open Access Aetna Select  8480 NET 02350~
DTM*232*20220101~
DTM*233*20220101~
DTM*050*20220112~
PER*CX**TE*8886323862~
AMT*AU*161~
SVC*HC>99283*161*0**1~
DTM*472*20220101~
CAS*CO*45*6.79~
CAS*PR*1*154.21~
REF*6R*PRMH282376380-1~
AMT*B6*154.21~
LX*19~
TS3*1447351796*11*20221231*1*287~
CLP*PRMH280493710*1*287*272.75**13*EMACWSTN50000*11*1~
NM1*QC*1*BOWERS*CLAY~
NM1*IL*1*WILLIAMS*RONALD****MI*W227385496~
NM1*82*1*GHOBRIAL*ALBER*L***XX*1518068014~
REF*1L*0849518-012-00001-BA~
REF*CE*Aetna Choice  POS II NET 00578~
DTM*232*20211213~
DTM*233*20211213~
DTM*050*20211229~
PER*CX**TE*8886323862~
AMT*AU*287~
SVC*HC>99214>25*269*263.57**1~
DTM*472*20211213~
CAS*CO*45*5.43~
REF*6R*PRMH280493710-1~
AMT*B6*263.57~
SVC*HC>96127*18*9.18**1~
DTM*472*20211213~
CAS*CO*45*8.82~
REF*6R*PRMH280493710-2~
AMT*B6*9.18~
LX*20~
TS3*1356856108*11*20221231*5*1557~
CLP*PRMH283171530*1*417*257.48*70*13*ELFCW2W7Z0000*11*1~
NM1*QC*1*MOORE*ELI*NICHOLAS~
NM1*IL*1*MOORE*NICHOLAS****MI*W269165244~
NM1*82*1*JONES*ROBERT*C***XX*1518068014~
REF*1L*0178416-010-00702- D~
REF*CE*Aetna Choice  POS II NET 00578~
DTM*232*20220116~
DTM*233*20220116~
DTM*050*20220118~
PER*CX**TE*8886323862~
AMT*AU*417~
SVC*HC>99204*372*222.23**1~
DTM*472*20220116~
CAS*CO*45*79.77~
CAS*PR*3*70~
REF*6R*PRMH283171530-1~
AMT*B6*292.23~
SVC*HC>87804*45*35.25**1~
DTM*472*20220116~
CAS*CO*45*9.75~
REF*6R*PRMH283171530-2~
AMT*B6*35.25~
CLP*PRMH282578020*1*55*42.98**13*ERFCW0MF90000*11*1~
NM1*QC*1*DAVIS*HOLLY****MI*W263720131~
NM1*82*1*JONES*ROBERT*C***XX*1518068014~
REF*1L*0687870-010-00709- R~
REF*CE*Aetna Choice  POS II NET 00578~
DTM*232*20211005~
DTM*233*20211005~
DTM*050*20220113~
PER*CX**TE*8886323862~
AMT*AU*55~
SVC*HC>71046>TC*55*42.98**1~
DTM*472*20211005~
CAS*CO*45*12.02~
REF*6R*PRMH282578020-1~
AMT*B6*42.98~
CLP*PRMH275063982*1*222*27.9*157.44*13*ERWZWW1940000*11*1~
NM1*QC*1*FLETCHER*EVERLY*JO***MI*W258325318~
NM1*74*1*BETTEM*JOHN*S~
NM1*82*1*JONES*ROBERT*C***XX*1518068014~
REF*1L*0133802-010-00707- I~
REF*CE*Aetna Choice  POS II NET 00578~
DTM*232*20211115~
DTM*233*20211115~
DTM*050*20220112~
PER*CX**TE*8886323862~
AMT*AU*222~
SVC*HC>99213>SA*192*0**1~
DTM*472*20211115~
CAS*CO*45*34.56~
CAS*PR*1*157.44~
REF*6R*PRMH275063982-2~
AMT*B6*157.44~
SVC*HC>87807*30*27.9**1~
DTM*472*20211115~
CAS*CO*45*2.1~
REF*6R*PRMH275063982-1~
AMT*B6*27.9~
CLP*PRMH282575410*1*319*0*250*13*EV36VM8BJ0000*11*1~
NM1*QC*1*JOCHUMSEN*JACQUELINE~
NM1*IL*1*JOCHUMSEN*MICHAEL****MI*W204671113~
NM1*82*1*JONES*ROBERT*C***XX*1518068014~
REF*1L*0141909-011-00001- C~
REF*CE*Aetna Choice  POS II NET 00578~
DTM*232*20220111~
DTM*233*20220111~
DTM*050*20220113~
PER*CX**TE*8886323862~
AMT*AU*319~
SVC*HC>99214>25*269*0**1~
DTM*472*20220111~
CAS*CO*45*44.97~
CAS*PR*1*224.03~
REF*6R*PRMH282575410-1~
AMT*B6*224.03~
SVC*HC>96372*48*0**1~
DTM*472*20220111~
CAS*CO*45*24.03~
CAS*PR*1*23.97~
REF*6R*PRMH282575410-2~
AMT*B6*23.97~
SVC*HC>J1885*2*0**2~
DTM*472*20220111~
CAS*PR*1*2~
REF*6R*PRMH282575410-3~
AMT*B6*2~
CLP*PRMH282578040*1*544*363.57*27.02*13*E4FCVKG5L0000*11*1~
NM1*QC*1*DAVIS*HOLLY****MI*W263720131~
NM1*82*1*JONES*ROBERT*C***XX*1518068014~
REF*1L*0687870-010-00709- R~
REF*CE*Aetna Choice  POS II NET 00578~
DTM*232*20211005~
DTM*233*20211005~
DTM*050*20220113~
PER*CX**TE*8886323862~
AMT*AU*494~
SVC*HC>99204*372*265.21**1~
DTM*472*20211005~
CAS*CO*45*79.77~
CAS*PR*3*27.02~
REF*6R*PRMH282578040-4~
AMT*B6*292.23~
SVC*HC>87880*47*35.21**1~
DTM*472*20211005~
CAS*CO*45*11.79~
REF*6R*PRMH282578040-1~
AMT*B6*35.21~
SVC*HC>87807*30*27.9**1~
DTM*472*20211005~
CAS*CO*45*2.1~
REF*6R*PRMH282578040-3~
AMT*B6*27.9~
SVC*HC>87804*45*35.25**1~
DTM*472*20211005~
CAS*CO*45*9.75~
REF*6R*PRMH282578040-2~
AMT*B6*35.25~
SVC*HC>99204*50*0**0*HC>S9088*1~
DTM*472*20211005~
CAS*CO*97*50*1~
REF*6R*PRMH282578040-5~
LQ*HE*N19~
LX*21~
TS3*1760036479*11*20221231*1*269~
CLP*PRMH282575390*1*269*0*224.03*13*EZJMVKG5X0000*11*1~
NM1*QC*1*JOCHUMSEN*JACQUELINE~
NM1*IL*1*JOCHUMSEN*MICHAEL****MI*W204671113~
NM1*82*1*FRANKE*JESSICA*L***XX*1518068014~
REF*1L*0141909-011-00001- C~
REF*CE*Aetna Choice  POS II NET 00578~
DTM*232*20220112~
DTM*233*20220112~
DTM*050*20220113~
PER*CX**TE*8886323862~
AMT*AU*269~
SVC*HC>99214*269*0**1~
DTM*472*20220112~
CAS*CO*45*44.97~
CAS*PR*1*224.03~
REF*6R*PRMH282575390-1~
AMT*B6*224.03~
LX*22~
TS3*1083112304*11*20221231*5*1424~
CLP*PRMH282971990*1*336*0*264.74*13*ECTXW2BBR0000*11*1~
NM1*QC*1*LEIGH*TERRI*L***MI*W259510453~
NM1*82*1*KOONTZ*STACIE*L***XX*1518068014~
REF*1L*0149072-010-00001- A~
REF*CE*Aetna Choice  POS II NET 00578~
DTM*232*20220115~
DTM*233*20220115~
DTM*050*20220117~
PER*CX**TE*8886323862~
AMT*AU*336~
SVC*HC>99203*244*0**1~
DTM*472*20220115~
CAS*CO*45*49.72~
CAS*PR*1*194.28~
REF*6R*PRMH282971990-3~
AMT*B6*194.28~
SVC*HC>87880*47*0**1~
DTM*472*20220115~
CAS*CO*45*11.79~
CAS*PR*1*35.21~
REF*6R*PRMH282971990-2~
AMT*B6*35.21~
SVC*HC>87804*45*0**1~
DTM*472*20220115~
CAS*CO*45*9.75~
CAS*PR*1*35.25~
REF*6R*PRMH282971990-1~
AMT*B6*35.25~
CLP*PRMH282374410*1*316*0*259.24*13*EJPCWZ8520000*11*1~
NM1*QC*1*ROBINSON*SAMUEL*D**JR*MI*W240607090~
NM1*82*1*KOONTZ*STACIE*L***XX*1518068014~
REF*1L*0868579-034-00001-HJ~
REF*CE*Aetna Choice  POS II NET 00578~
DTM*232*20220111~
DTM*233*20220111~
DTM*050*20220112~
PER*CX**TE*8886323862~
AMT*AU*316~
SVC*HC>99214*269*0**1~
DTM*472*20220111~
CAS*CO*45*44.97~
CAS*PR*1*224.03~
REF*6R*PRMH282374410-2~
AMT*B6*224.03~
SVC*HC>87880>QW*47*0**1~
DTM*472*20220111~
CAS*CO*45*11.79~
CAS*PR*1*35.21~
REF*6R*PRMH282374410-1~
AMT*B6*35.21~
CLP*PRMH282771401*1*291*0**13*ETACVRCDF0000*11*1~
NM1*QC*1*QUIGLEY*TRITON*LEE~
NM1*IL*1*QUIGLEY*DAVID*L**JR*MI*W240606617~
NM1*82*1*KOONTZ*STACIE*L***XX*1518068014~
REF*1L*0868579-034-00001-HJ~
REF*CE*Aetna Choice  POS II NET 00578~
DTM*232*20210713~
DTM*233*20210713~
DTM*050*20220117~
PER*CX**TE*8886323862~
AMT*AU*291~
SVC*HC>99203*244*0**0**1~
DTM*472*20210713~
CAS*CO*29*244*1~
REF*6R*PRMH282771401-2~
AMT*B6*190.64~
SVC*HC>87880*47*0**0**1~
DTM*472*20210713~
CAS*CO*29*47*1~
REF*6R*PRMH282771401-1~
AMT*B6*34.55~
CLP*PRMH282376630*1*289*0*229.53*13*E4Y1VJTG30000*11*1~
NM1*QC*1*WARNER*CHRISTOPHER****MI*W240606975~
NM1*82*1*KOONTZ*STACIE*L***XX*1518068014~
REF*1L*0868579-034-00001-HI~
REF*CE*Aetna Choice  POS II NET 00578~
DTM*232*20220110~
DTM*233*20220110~
DTM*050*20220112~
PER*CX**TE*8886323862~
AMT*AU*289~
SVC*HC>99203*244*0**1~
DTM*472*20220110~
CAS*CO*45*49.72~
CAS*PR*1*194.28~
REF*6R*PRMH282376630-1~
AMT*B6*194.28~
SVC*HC>87804*45*0**1~
DTM*472*20220110~
CAS*CO*45*9.75~
CAS*PR*1*35.25~
REF*6R*PRMH282376630-2~
AMT*B6*35.25~
CLP*PRMH282576660*1*192*0*157.44*13*E6FCVMJLC0000*11*1~
NM1*QC*1*QUIGLEY*DAVID*L**JR*MI*W240606617~
NM1*82*1*KOONTZ*STACIE*L***XX*1518068014~
REF*1L*0868579-034-00001-HJ~
REF*CE*Aetna Choice  POS II NET 00578~
DTM*232*20220111~
DTM*233*20220111~
DTM*050*20220113~
PER*CX**TE*8886323862~
AMT*AU*192~
SVC*HC>99213*192*0**1~
DTM*472*20220111~
CAS*CO*45*34.56~
CAS*PR*1*157.44~
REF*6R*PRMH282576660-1~
AMT*B6*157.44~
LX*23~
TS3*1780151787*11*20221231*2*436~
CLP*PRMH280547340*2*192*14.78**15*EJY1WZ61R0000*11*1~
NM1*QC*1*CARROLL*RUBY****MI*8XM5C43DT82~
NM1*74*1******C*W116339429~
NM1*82*1*MARSHALL*DANIEL****XX*1518068014~
REF*1L*0800103-012-00765-DN~
REF*CE*Traditional Choice~
DTM*232*20211203~
DTM*233*20211203~
DTM*050*20220113~
PER*CX**TE*8886323862~
AMT*AU*192~
SVC*HC>99213*192*14.78**1~
DTM*472*20211203~
CAS*OA*23*177.22~
REF*6R*PRMH280547340-1~
AMT*B6*73.92~
CLP*PRMH283171360*1*244*194.28**13*E336VQSZ00000*11*1~
NM1*QC*1*CRAWFORD*TERRY****MI*W240608098~
NM1*82*1*MARSHALL*DANIEL****XX*1518068014~
REF*1L*0868579-034-00001-HJ~
REF*CE*Aetna Choice  POS II NET 00578~
DTM*232*20211228~
DTM*233*20211228~
DTM*050*20220118~
PER*CX**TE*8886323862~
AMT*AU*244~
SVC*HC>99203*244*194.28**1~
DTM*472*20211228~
CAS*CO*45*49.72~
REF*6R*PRMH283171360-1~
AMT*B6*194.28~
LX*24~
TS3*1376008136*23*20221231*2*736~
CLP*PRMH282774510*1*267*200.52*22.28*13*EHPCWYHCH0000*23*1~
NM1*QC*1*PINOLA*CHRISTINA****MI*W268625693~
NM1*82*1*HANNEN*JOSIAH****XX*1518068014~
REF*1L*0109200-011-00001-AA~
REF*CE*Aetna Choice  POS II NET 00578~
DTM*232*20211221~
DTM*233*20211221~
DTM*050*20220114~
PER*CX**TE*8886323862~
AMT*AU*267~
SVC*HC>99284*267*200.52**1~
DTM*472*20211221~
CAS*CO*45*44.2~
CAS*PR*2*22.28~
REF*6R*PRMH282774510-1~
AMT*B6*222.8~
CLP*PRMH283168190*1*469*0*233.54*13*EVTXVPGQ30000*23*1~
NM1*QC*1*KREITZER*AMELIA~
NM1*IL*1*SCHNEIDER*MAURA****MI*W265005774~
NM1*74*1*KREITZER~
NM1*82*1*HANNEN*JOSIAH****XX*1518068014~
REF*1L*0141974-010-00004- D~
REF*CE*Aetna HealthFund  Aetna Choice  POS II NET 00578~
DTM*232*20211223~
DTM*233*20211223~
DTM*050*20220118~
PER*CX**TE*8886323862~
AMT*AU*469~
SVC*HC>99283>25*161*0**1~
DTM*472*20211223~
CAS*CO*45*29.92~
CAS*PR*1*131.08~
REF*6R*PRMH283168190-1~
AMT*B6*131.08~
SVC*HC>12011*308*0**1~
DTM*472*20211223~
CAS*CO*45*205.54~
CAS*PR*1*102.46~
REF*6R*PRMH283168190-2~
AMT*B6*102.46~
LX*25~
TS3*1568518017*11*20221231*2*642~
CLP*PRMH282575930*1*321*0*316.88*13*EMJMW0JL40000*11*1~
NM1*QC*1*DISERIO*LISA*LOUISE~
NM1*IL*1*DISERIO*DANIEL*WILLIAM***MI*W263303371~
NM1*82*1*DISS*SYLVIA*R***XX*1518068014~
REF*1L*0170263-010-00001- F~
REF*CE*Aetna Choice  POS II NET 00578~
DTM*232*20220112~
DTM*233*20220112~
DTM*050*20220113~
PER*CX**TE*8886323862~
AMT*AU*321~
SVC*HC>90837*321*0**1~
DTM*472*20220112~
CAS*CO*45*4.12~
CAS*PR*1*316.88~
REF*6R*PRMH282575930-1~
AMT*B6*316.88~
CLP*PRMH283169930*1*321*291.88*25*13*E6PCVQGX40000*02*1~
NM1*QC*1*TUCKER*TAMARA*H~
NM1*IL*1*TUCKER*ERIC*J***MI*W160079545~
NM1*82*1*DISS*SYLVIA*R***XX*1518068014~
REF*1L*0466048-012-00002- C~
REF*CE*Aetna Choice  POS II NET 00578~
DTM*232*20220117~
DTM*233*20220117~
DTM*050*20220118~
PER*CX**TE*8886323862~
AMT*AU*321~
SVC*HC>90837>95*321*291.88**1~
DTM*472*20220117~
CAS*CO*45*4.12~
CAS*PR*3*25~
REF*6R*PRMH283169930-1~
AMT*B6*316.88~
LX*26~
TS3*1770588998*11*20221231*2*362~
CLP*PRMH282772020*1*170*0*147.27*13*EV36VNZW50000*11*1~
NM1*QC*1*WILSONLONG*CHERI****MI*W240607462~
NM1*74*1*LONG*ROGER~
NM1*82*1*SCHIEBEL*FRANK*G***XX*1518068014~
REF*1L*0868579-034-00001-HJ~
REF*CE*Aetna Choice  POS II NET 00578~
DTM*232*20220110~
DTM*233*20220110~
DTM*050*20220114~
PER*CX**TE*8886323862~
AMT*AU*170~
SVC*HC>99202*170*0**1~
DTM*472*20220110~
CAS*CO*45*22.73~
CAS*PR*1*147.27~
REF*6R*PRMH282772020-1~
AMT*B6*147.27~
CLP*PRMH282971900*1*192*0*185.22*13*E1JMVPYQ10000*11*1~
NM1*QC*1*CASTO*MICHAEL*C***MI*W251329081~
NM1*82*1*SCHIEBEL*FRANK*G***XX*1518068014~
REF*1L*0469790-041-00001-HB~
REF*CE*Aetna HealthFund  Aetna Choice  POS II NET 00578~
DTM*232*20220114~
DTM*233*20220114~
DTM*050*20220117~
PER*CX**TE*8886323862~
AMT*AU*192~
SVC*HC>99213*192*0**1~
DTM*472*20220114~
CAS*CO*45*6.78~
CAS*PR*1*185.22~
REF*6R*PRMH282971900-1~
AMT*B6*185.22~
LX*27~
TS3*1477548212*11*20221231*2*384~
CLP*PRMH282772770*1*192*0*185.22*13*EAJMW07Z00000*11*1~
NM1*QC*1*GONCHOFF*STACY~
NM1*IL*1*GONCHOFF*STEVEN****MI*W240606694~
NM1*82*1*MASON*TRENT*G***XX*1518068014~
REF*1L*0868579-034-00001-HJ~
REF*CE*Aetna Choice  POS II NET 00578~
DTM*232*20220113~
DTM*233*20220113~
DTM*050*20220114~
PER*CX**TE*8886323862~
AMT*AU*192~
SVC*HC>99213*192*0**1~
DTM*472*20220113~
CAS*CO*45*6.78~
CAS*PR*1*185.22~
REF*6R*PRMH282772770-1~
AMT*B6*185.22~
CLP*PRMH282970610*1*192*0*185.22*13*EM36W1CT80000*11*1~
NM1*QC*1*BRYAN*MICHAEL*R***MI*W243178747~
NM1*82*1*MASON*TRENT*G***XX*1518068014~
REF*1L*0469790-041-00002-HE~
REF*CE*Aetna HealthFund  Aetna Choice  POS II NET 00578~
DTM*232*20220114~
DTM*233*20220114~
DTM*050*20220117~
PER*CX**TE*8886323862~
AMT*AU*192~
SVC*HC>99213*192*0**1~
DTM*472*20220114~
CAS*CO*45*6.78~
CAS*PR*1*185.22~
REF*6R*PRMH282970610-1~
AMT*B6*185.22~
LX*28~
TS3*1235233784*11*20221231*1*372~
CLP*PRMH280930780*1*372*275.04*68.76*15*EFFCWTK7J0000*11*1~
NM1*QC*1*SNIDER*LAKIN****MI*W267393155~
NM1*74*1**SARA~
NM1*82*1*HINERMAN*RAYMOND*A***XX*1518068014~
REF*1L*0698493-019-00007- A~
REF*CE*Traditional Choice NET 00238~
DTM*232*20211220~
DTM*233*20211220~
DTM*050*20211231~
PER*CX**TE*8886323862~
AMT*AU*372~
SVC*HC>99204*372*275.04**1~
DTM*472*20211220~
CAS*CO*45*28.2~
CAS*PR*2*68.76~
REF*6R*PRMH280930780-1~
AMT*B6*343.8~
LX*29~
TS3*1477540748*21*20221231*1*217~
CLP*PRMH280461291*1*217*194.56**13*EA36WQHFY0000*21*7~
NM1*QC*1*MORRIS*KIANNA~
NM1*IL*1*MORRIS*MARK****MI*W240606808~
NM1*82*1*HESS*DAVID*F***XX*1518068014~
REF*1L*0868579-034-00001-HJ~
REF*CE*Aetna Choice  POS II NET 00578~
DTM*232*20210923~
DTM*233*20210923~
DTM*050*20211229~
PER*CX**TE*8886323862~
AMT*AU*217~
SVC*HC>99460*217*194.56**1~
DTM*472*20210923~
CAS*CO*45*22.44~
REF*6R*PRMH280461291-1~
AMT*B6*194.56~
LX*30~
TS3*1588270516*11*20221231*2*384~
CLP*PRMH282373640*1*192*0*185.22*13*EHFCWZ0PQ0000*11*1~
NM1*QC*1*DISERIO*LISA*LOUISE~
NM1*IL*1*DISERIO*DANIEL*WILLIAM***MI*W263303371~
NM1*82*2*WVU MEDICINE - REYNOLDS MEMORIAL HOSPITAL*****XX*1518068014~
REF*1L*0170263-010-00001- F~
REF*CE*Aetna Choice  POS II NET 00578~
DTM*232*20220110~
DTM*233*20220110~
DTM*050*20220112~
PER*CX**TE*8886323862~
AMT*AU*192~
SVC*HC>99213*192*0**1~
DTM*472*20220110~
CAS*CO*45*6.78~
CAS*PR*1*185.22~
REF*6R*PRMH282373640-1~
AMT*B6*185.22~
CLP*PRMH280493390*1*192*185.22**13*ERWZWN5580000*11*1~
NM1*QC*1*LOY*SUSAN*J~
NM1*IL*1*TOMBLIN*DONALD****MI*W240607292~
NM1*82*2*WVU MEDICINE - REYNOLDS MEMORIAL HOSPITAL*****XX*1518068014~
REF*1L*0868579-034-00001-HJ~
REF*CE*Aetna Choice  POS II NET 00578~
DTM*232*20211213~
DTM*233*20211213~
DTM*050*20211229~
PER*CX**TE*8886323862~
AMT*AU*192~
SVC*HC>99213*192*185.22**1~
DTM*472*20211213~
CAS*CO*45*6.78~
REF*6R*PRMH280493390-1~
AMT*B6*185.22~
LX*31~
TS3*1811454648*11*20221231*1*192~
CLP*PRMH282969970*1*192*0*185.22*13*EZACVL3QK0000*11*1~
NM1*QC*1*JENKINS*ROY****MI*W240606790~
NM1*82*2*WVU MEDICINE - REYNOLDS MEMORIAL HOSPITAL*****XX*1518068014~
REF*1L*0868579-034-00001-HJ~
REF*CE*Aetna Choice  POS II NET 00578~
DTM*232*20220113~
DTM*233*20220113~
DTM*050*20220117~
PER*CX**TE*8886323862~
AMT*AU*192~
SVC*HC>99213*192*0**1~
DTM*472*20220113~
CAS*CO*45*6.78~
CAS*PR*1*185.22~
REF*6R*PRMH282969970-1~
AMT*B6*185.22~
LX*32~
TS3*1407843832*11*20221231*2*1029~
CLP*PRMH280929820*1*837*640**13*EA36WRQNG0000*11*1~
NM1*QC*1*JONES*JAYDEN*JOLEE~
NM1*IL*1*NEAL*KERRY****MI*W240608441~
NM1*82*1*FOX*MICHELLE*L***XX*1518068014~
REF*1L*0868579-034-00001-HJ~
REF*CE*Aetna Choice  POS II NET 00578~
DTM*232*20211229~
DTM*233*20211229~
DTM*050*20211231~
PER*CX**TE*8886323862~
AMT*AU*837~
SVC*HC>99394>25*262*236.39**1~
DTM*472*20211229~
CAS*CO*45*25.61~
REF*6R*PRMH280929820-1~
AMT*B6*236.39~
SVC*HC>90686*48*43.73**1~
DTM*472*20211229~
CAS*CO*45*4.27~
REF*6R*PRMH280929820-3~
AMT*B6*43.73~
SVC*HC>90651*419*293.3**1~
DTM*472*20211229~
CAS*CO*45*125.7~
REF*6R*PRMH280929820-2~
AMT*B6*293.3~
SVC*HC>90460*108*66.58**2~
DTM*472*20211229~
CAS*CO*45*41.42~
REF*6R*PRMH280929820-4~
AMT*B6*66.58~
CLP*PRMH280929620*1*192*148.18*37.04*13*ELFCWS8NC0000*11*1~
NM1*QC*1*ROTH*DEZMEND*A~
NM1*IL*1*LOGSDON*JOSEPH****MI*W253152001~
NM1*82*1*FOX*MICHELLE*L***XX*1518068014~
REF*1L*0868579-034-00001-HJ~
REF*CE*Aetna Choice  POS II NET 00578~
DTM*232*20211229~
DTM*233*20211229~
DTM*050*20211231~
PER*CX**TE*8886323862~
AMT*AU*192~
SVC*HC>99213*192*148.18**1~
DTM*472*20211229~
CAS*CO*45*6.78~
CAS*PR*2*37.04~
REF*6R*PRMH280929620-1~
AMT*B6*185.22~
LX*33~
TS3*1265574438*11*20221231*1*372~
CLP*PRMH283170550*1*372*0*292.23*13*EJPCW28D00000*11*1~
NM1*QC*1*WADE*JAYNE*E~
NM1*IL*1*WADE*MARC****MI*W258438880~
NM1*82*1*INCLAN*KATIE*J***XX*1518068014~
REF*1L*0146645-010-00709- J~
REF*CE*Aetna HealthFund  Aetna Choice  POS II NET 00578~
DTM*232*20220114~
DTM*233*20220114~
DTM*050*20220118~
PER*CX**TE*8886323862~
AMT*AU*372~
SVC*HC>99204*372*0**1~
DTM*472*20220114~
CAS*CO*45*79.77~
CAS*PR*1*292.23~
REF*6R*PRMH283170550-1~
AMT*B6*292.23~
LX*34~
TS3*1841345451*22*20221231*1*293~
CLP*PRMH280495710*1*293*224.5*60*13*EFPCWR6WW0000*22*1~
NM1*QC*1*ALLEN*CHESTER****MI*W228777627~
NM1*82*1*TADROS*HANY*M***XX*1518068014~
REF*1L*0226368-010-00706- M~
REF*CE*Aetna Choice  POS II NET 00578~
DTM*232*20211220~
DTM*233*20211220~
DTM*050*20211229~
PER*CX**TE*8886323862~
AMT*AU*293~
SVC*HC>99204*293*224.5**1~
DTM*472*20211220~
CAS*CO*45*8.5~
CAS*PR*3*60~
REF*6R*PRMH280495710-1~
AMT*B6*284.5~
LX*35~
TS3*1407892631*11*20221231*2*384~
CLP*PRMH280720460*1*192*150.22*35*13*ERFCWSPQ30000*11*1~
NM1*QC*1*REN*KATHLEEN****MI*W241494370~
NM1*82*1*WILSON*TIMOTHY*J***XX*1518068014~
REF*1L*0772205-010-00703- D~
REF*CE*Aetna Choice  POS II NET 00578~
DTM*232*20211227~
DTM*233*20211227~
DTM*050*20211230~
PER*CX**TE*8886323862~
AMT*AU*192~
SVC*HC>99213*192*150.22**1~
DTM*472*20211227~
CAS*CO*45*6.78~
CAS*PR*3*35~
REF*6R*PRMH280720460-1~
AMT*B6*185.22~
CLP*PRMH282577260*1*192*0*185.22*13*E4Y1VKHB20000*11*1~
NM1*QC*1*O BRIEN*WHITNEY*N***MI*W246672976~
NM1*74*1**FRANK~
NM1*82*1*WILSON*TIMOTHY*J***XX*1518068014~
REF*1L*0868579-034-00001-HJ~
REF*CE*Aetna Choice  POS II NET 00578~
DTM*232*20220111~
DTM*233*20220111~
DTM*050*20220113~
PER*CX**TE*8886323862~
AMT*AU*192~
SVC*HC>99213*192*0**1~
DTM*472*20220111~
CAS*CO*45*6.78~
CAS*PR*1*185.22~
REF*6R*PRMH282577260-1~
AMT*B6*185.22~
LX*36~
TS3*1346434628*11*20221231*2*384~
CLP*PRMH283169290*1*192*0*185.22*13*ETTXVRTB90000*11*1~
NM1*QC*1*ROUSH*LYLA~
NM1*IL*1*ROUSH*MATTHEW*G***MI*W240604061~
NM1*82*1*MATHWARE*SARONA****XX*1518068014~
REF*1L*0868579-034-00001-HJ~
REF*CE*Aetna Choice  POS II NET 00578~
DTM*232*20220114~
DTM*233*20220114~
DTM*050*20220118~
PER*CX**TE*8886323862~
AMT*AU*192~
SVC*HC>99213*192*0**1~
DTM*472*20220114~
CAS*CO*45*6.78~
CAS*PR*1*185.22~
REF*6R*PRMH283169290-1~
AMT*B6*185.22~
CLP*PRMH282374120*1*192*0*185.22*13*E6FCVLVRY0000*11*1~
NM1*QC*1*HUNTER*REAGAN*B~
NM1*IL*1*HUNTER*RANDALL****MI*W240607109~
NM1*82*1*MATHWARE*SARONA****XX*1518068014~
REF*1L*0868579-034-00001-HJ~
REF*CE*Aetna Choice  POS II NET 00578~
DTM*232*20220110~
DTM*233*20220110~
DTM*050*20220112~
PER*CX**TE*8886323862~
AMT*AU*192~
SVC*HC>99213*192*0**1~
DTM*472*20220110~
CAS*CO*45*6.78~
CAS*PR*1*185.22~
REF*6R*PRMH282374120-1~
AMT*B6*185.22~
LX*37~
TS3*1376844654*11*20221231*1*286~
CLP*PRMH282375030*1*286*218.65**13*EK36WW2GY0000*11*1~
NM1*QC*1*TREMONTIN*KELLY****MI*W220031048~
NM1*82*1*ROBINSON*KELLY*A***XX*1518068014~
REF*1L*0141974-010-00006- F~
REF*CE*Aetna HealthFund  Aetna Choice  POS II NET 00578~
DTM*232*20220111~
DTM*233*20220111~
DTM*050*20220112~
PER*CX**TE*8886323862~
AMT*AU*286~
SVC*HC>99396*286*218.65**1~
DTM*472*20220111~
CAS*CO*45*67.35~
REF*6R*PRMH282375030-1~
AMT*B6*218.65~
LX*38~
TS3*1093859381*22*20221231*1*522.5~
CLP*PRMH282771890*1*522.5*344.82*86.21*13*E5TXVK6GW0000*22*1~
NM1*QC*1*MCCORKLE*EDWARD****MI*W240608018~
NM1*82*1*GOLDEN*CHRISTOPHER*S***XX*1518068014~
REF*1L*0868579-034-00001-HJ~
REF*CE*Aetna Choice  POS II NET 00578~
DTM*232*20220105~
DTM*233*20220105~
DTM*050*20220114~
PER*CX**TE*8886323862~
AMT*AU*522.5~
SVC*HC>00320>QX*522.5*344.82**72~
DTM*472*20220105~
CAS*PI*59*91.47~
CAS*PR*2*86.21~
REF*6R*PRMH282771890-1~
AMT*B6*431.03~
LX*39~
TS3*1437308350*22*20221231*2*665~
CLP*PRMH282374510*1*332.5*213.92*53.48*13*EJPCWZ8560000*22*1~
NM1*QC*1*WEST*MATTHEW*R***MI*W240607677~
NM1*82*1*MCGLUMPHY*ERIN*A***XX*1518068014~
REF*1L*0868579-034-00001-HJ~
REF*CE*Aetna Choice  POS II NET 00578~
DTM*232*20211116~
DTM*233*20211116~
DTM*050*20220112~
PER*CX**TE*8886323862~
AMT*AU*332.5~
SVC*HC>00921>QX*332.5*213.92**55~
DTM*472*20211116~
CAS*PI*59*65.1~
CAS*PR*2*53.48~
REF*6R*PRMH282374510-1~
AMT*B6*267.4~
CLP*PRMH282375880*1*332.5*217.11*54.28*13*EYY1VJTDB0000*22*1~
NM1*QC*1*NOLAN*AUBREY****MI*W240607986~
NM1*82*1*MCGLUMPHY*ERIN*A***XX*1518068014~
REF*1L*0868579-034-00001-HJ~
REF*CE*Aetna Choice  POS II NET 00578~
DTM*232*20211228~
DTM*233*20211228~
DTM*050*20220112~
PER*CX**TE*8886323862~
AMT*AU*332.5~
SVC*HC>00921>QX*332.5*217.11**57~
DTM*472*20211228~
CAS*PI*59*61.11~
CAS*PR*2*54.28~
REF*6R*PRMH282375880-1~
AMT*B6*271.39~
LX*40~
TS3*1326122748*11*20221231*4*2017~
CLP*PRMH282375110*1*1231*992.92**13*EAACWW2SX0000*11*1~
NM1*QC*1*BROWN*ROWAN*MICHAEL~
NM1*IL*1*BROWN*RONALD****MI*W269271601~
NM1*82*1*WADE*AMANDA*K***XX*1518068014~
MIA*0****MA15~
REF*1L*0307227-011-00001-AI~
REF*CE*Aetna Choice  POS II NET 00578~
DTM*232*20220105~
DTM*233*20220105~
DTM*050*20220112~
PER*CX**TE*8886323862~
AMT*AU*1231~
SVC*HC>99391>25*225*171.29**1~
DTM*472*20220105~
CAS*CO*45*53.71~
REF*6R*PRMH282375110-1~
AMT*B6*171.29~
SVC*HC>90723*152*106.4**1~
DTM*472*20220105~
CAS*CO*45*45.6~
REF*6R*PRMH282375110-2~
AMT*B6*106.4~
SVC*HC>90680*151*105.7**1~
DTM*472*20220105~
CAS*CO*45*45.3~
REF*6R*PRMH282375110-5~
AMT*B6*105.7~
SVC*HC>90670*491*491**1~
DTM*472*20220105~
REF*6R*PRMH282375110-3~
AMT*B6*491~
SVC*HC>90648*24*16.8**1~
DTM*472*20220105~
CAS*CO*45*7.2~
REF*6R*PRMH282375110-4~
AMT*B6*16.8~
SVC*HC>90461*188*101.73**4~
DTM*472*20220105~
CAS*CO*45*86.27~
REF*6R*PRMH282375110-7~
AMT*B6*101.73~
CLP*PRMH282375110*1*216*133.17**13*EAACWW2SX0001*11*1~
NM1*QC*1*BROWN*ROWAN*MICHAEL~
NM1*IL*1*BROWN*RONALD****MI*W269271601~
NM1*82*1*WADE*AMANDA*K***XX*1518068014~
MIA*0****MA15~
REF*1L*0307227-011-00001-AI~
REF*CE*Aetna Choice  POS II NET 00578~
DTM*232*20220105~
DTM*233*20220105~
DTM*050*20220112~
PER*CX**TE*8886323862~
AMT*AU*216~
SVC*HC>90460*216*133.17**4~
DTM*472*20220105~
CAS*CO*45*82.83~
REF*6R*PRMH282375110-6~
AMT*B6*133.17~
CLP*PRMH282180970*1*250*190.79**13*ELY1WYY1Z0000*11*1~
NM1*QC*1*LOY*SKYLAR*ELYSE~
NM1*IL*1*LOY*JUSTIN****MI*W24060795101~
NM1*74*1******C*W240607951~
NM1*82*1*WADE*AMANDA*K***XX*1518068014~
REF*1L*0868579-034-00001-HJ~
REF*CE*Aetna Choice  POS II NET 00578~
DTM*232*20220110~
DTM*233*20220110~
DTM*050*20220111~
PER*CX**TE*8886323862~
AMT*AU*250~
SVC*HC>99381*250*190.79**1~
DTM*472*20220110~
CAS*CO*45*59.21~
REF*6R*PRMH282180970-1~
AMT*B6*190.79~
CLP*PRMH282773140*1*320*215.59**13*EZJMVK6J60000*11*1~
NM1*QC*1*AYERS*WESTON*MICHAEL***MI*W267415995~
NM1*74*1**THOMAS~
NM1*82*1*WADE*AMANDA*K***XX*1518068014~
REF*1L*0118202-010-00714- O~
REF*CE*Aetna Choice  POS II NET 00578~
DTM*232*20220113~
DTM*233*20220113~
DTM*050*20220114~
PER*CX**TE*8886323862~
AMT*AU*320~
SVC*HC>99392*240*183.73**1~
DTM*472*20220113~
CAS*CO*45*56.27~
REF*6R*PRMH282773140-1~
AMT*B6*183.73~
SVC*HC>96110*80*31.86**2~
DTM*472*20220113~
CAS*CO*45*48.14~
REF*6R*PRMH282773140-2~
AMT*B6*31.86~
LX*41~
TS3*1720254972*11*20221231*2*584~
CLP*PRMH280930090*1*192*166.7*18.52*13*EKJMWS6XN0000*11*1~
NM1*QC*1*HELLER*ANNA****MI*W116365058~
NM1*74*1**ERIC~
NM1*82*1*EVICK*JAMIE*P***XX*1518068014~
REF*1L*0800103-022-00406-HE~
REF*CE*Aetna HealthFund  Aetna Choice  POS II NET 00578~
DTM*232*20211229~
DTM*233*20211229~
DTM*050*20211231~
PER*CX**TE*8886323862~
AMT*AU*192~
SVC*HC>99213*192*166.7**1~
DTM*472*20211229~
CAS*CO*45*6.78~
CAS*PR*2*18.52~
REF*6R*PRMH280930090-1~
AMT*B6*185.22~
CLP*PRMH280928930*1*392*363.45**13*E9JCT3T360000*11*1~
NM1*QC*1*HELLER*KIMBERLY~
NM1*IL*1*HELLER*ERIC****MI*W116365058~
NM1*82*1*EVICK*JAMIE*P***XX*1518068014~
REF*1L*0800103-022-00406-HE~
REF*CE*Aetna HealthFund  Aetna Choice  POS II NET 00578~
DTM*232*20211228~
DTM*233*20211228~
DTM*050*20211231~
PER*CX**TE*8886323862~
AMT*AU*392~
SVC*HC>90732*261*261**1~
DTM*472*20211228~
REF*6R*PRMH280928930-2~
AMT*B6*261~
SVC*HC>90686*48*43.73**1~
DTM*472*20211228~
CAS*CO*45*4.27~
REF*6R*PRMH280928930-1~
AMT*B6*43.73~
SVC*HC>90472*31*25.43**1~
DTM*472*20211228~
CAS*CO*45*5.57~
REF*6R*PRMH280928930-4~
AMT*B6*25.43~
SVC*HC>90471*52*33.29**1~
DTM*472*20211228~
CAS*CO*45*18.71~
REF*6R*PRMH280928930-3~
AMT*B6*33.29~
LX*42~
TS3*1124109533*11*20221231*1*574~
CLP*PRMH282374590*1*574*242.63*60.67*13*EMTXWZ4V70000*11*1~
NM1*QC*1*SHIVELY*CATHY*JO~
NM1*IL*1*SHIVELY*LAWRENCE****MI*W240608428~
NM1*82*1*PATRICK*STEPHEN*M***XX*1518068014~
REF*1L*0868579-034-00001-HJ~
REF*CE*Aetna Choice  POS II NET 00578~
DTM*232*20220111~
DTM*233*20220111~
DTM*050*20220112~
PER*CX**TE*8886323862~
AMT*AU*574~
SVC*HC>20611>RT*258*136.22**1~
DTM*472*20220111~
CAS*CO*45*87.72~
CAS*PR*2*34.06~
REF*6R*PRMH282374590-3~
AMT*B6*170.28~
SVC*HC>20611>RT*258*68.11**1~
DTM*472*20220111~
CAS*CO*45*172.86~
CAS*PR*2*17.03~
REF*6R*PRMH282374590-1~
AMT*B6*85.14~
SVC*HC>J7325*29*19.15**1~
DTM*472*20220111~
CAS*CO*45*5.06~
CAS*PR*2*4.79~
REF*6R*PRMH282374590-2~
AMT*B6*23.94~
SVC*HC>J7325*29*19.15**1~
DTM*472*20220111~
CAS*CO*45*5.06~
CAS*PR*2*4.79~
REF*6R*PRMH282374590-4~
AMT*B6*23.94~
LX*43~
TS3*1508011792*21*20221231*1*391~
CLP*PRMH282972520*1*391*0*383.4*12*EAACWZD9N0000*21*1~
NM1*QC*1*EDGE*RONALD****MI*W216489461~
NM1*82*1*O NEAL*CHRISTOPHER*R***XX*1518068014~
REF*1L*0588219-010-00716-CH~
REF*CE*Open Access Aetna Select  8480 NET 02350~
DTM*232*20220107~
DTM*233*20220107~
DTM*050*20220117~
PER*CX**TE*8886323862~
AMT*AU*391~
SVC*HC>99285*391*0**1~
DTM*472*20220107~
CAS*CO*45*7.6~
CAS*PR*1*383.4~
REF*6R*PRMH282972520-1~
AMT*B6*383.4~
LX*44~
TS3*1528332707*11*20221231*1*-218~
CLP*PRMH235359880*22*-218*0**13*E7ACMQF0Z0000*11*1~
NM1*QC*1*CRUMM*JESSICA~
NM1*IL*1*CRUMM*MARTIN****MI*W240604604~
NM1*82*1*RICO*RYAN*F***XX*1518068014~
REF*1L*0868579-034-00001-HJ~
REF*CE*Aetna Choice  POS II NET 00578~
DTM*232*20210104~
DTM*233*20210104~
DTM*050*20210106~
PER*CX**TE*8886323862~
SVC*HC>99213*-165*0**0**1~
DTM*472*20210104~
CAS*CO*16*-165*1~
REF*6R*PRMH235359880-3~
LQ*HE*N694~
LQ*HE*M51~
SVC*HC>96372>25*-48*0**1~
DTM*472*20210104~
CAS*CO*45*-24.21~
CAS*PR*1*-23.79~
REF*6R*PRMH235359880-4~
LQ*HE*N694~
SVC*HC>J8540*-1*0**1~
DTM*472*20210104~
CAS*CO*45*-.79~
CAS*PR*1*-.21~
REF*6R*PRMH235359880-1~
LQ*HE*N694~
SVC*HC>J1885*-4*0**4~
DTM*472*20210104~
CAS*PR*1*-4~
REF*6R*PRMH235359880-2~
LQ*HE*N694~
SE*1760*0227~
ST*835*0228~
BPR*I*1948.19*C*ACH*CCP*01*031100209*DA*0000009108*1066033492**01*051900395*DA*00002233*20220124~
TRN*1*822019000260839*1066033492~
REF*EV*XXXXXXXXXXXXXXXXXXXXXXXXXXXXXX~
DTM*405*20220119~
N1*PR*AETNA~
N3*151 FARMINGTON AVENUE~
N4*HARTFORD*CT*06156~
REF*2U*60054~
PER*BL*Provider Service~
N1*PE*REYNOLDS MEMORIAL HOSPITAL INC*XX*1518068014~
N3*PO BOX 616~
N4*MORGANTOWN*WV*265070616~
REF*PQ*577513560~
REF*TJ*550357045~
LX*1~
TS3*1902134901*11*20221231*1*269~
CLP*PRMH282970370*1*269*224.03**13*E1TXVPT280000*11*1~
NM1*QC*1*PAIGE*CHARISE****MI*W217211115~
NM1*82*1*TAYLOR*CHELSEY*K***XX*1518068014~
REF*1L*0772791-010-00002- C~
REF*CE*Aetna Open Access  Managed Choice NET 00578~
DTM*232*20220114~
DTM*233*20220114~
DTM*050*20220117~
PER*CX**TE*8886323862~
AMT*AU*269~
SVC*HC>99214*269*224.03**1~
DTM*472*20220114~
CAS*CO*45*44.97~
REF*6R*PRMH282970370-1~
AMT*B6*224.03~
LX*2~
TS3*1992701197*11*20221231*1*269~
CLP*PRMH282971320*1*269*0*263.57*13*EJFCW26XZ0000*11*1~
NM1*QC*1*TRACY*THOMAS****MI*W218497260~
NM1*82*1*MIDCAP*DOUGLAS*W***XX*1518068014~
REF*1L*0596569-010-00702- Y~
REF*CE*Aetna HealthFund  Aetna Open Access  Man NET 00578~
DTM*232*20220113~
DTM*233*20220113~
DTM*050*20220117~
PER*CX**TE*8886323862~
AMT*AU*269~
SVC*HC>99214*269*0**1~
DTM*472*20220113~
CAS*CO*45*5.43~
CAS*PR*1*263.57~
REF*6R*PRMH282971320-1~
AMT*B6*263.57~
LX*3~
TS3*1528332707*11*20221231*2*431~
CLP*PRMH282374440*1*192*0*157.44*13*EQACW0DBL0000*11*1~
NM1*QC*1*MCCLURE*ANGELA~
NM1*IL*1*MCCLURE*RUSSELL****MI*W256132480~
NM1*82*1*RICO*RYAN*F***XX*1518068014~
REF*1L*0143218-010-00704- J~
REF*CE*Aetna Open Access  Managed Choice NET 00578~
DTM*232*20220110~
DTM*233*20220110~
DTM*050*20220112~
PER*CX**TE*8886323862~
AMT*AU*192~
SVC*HC>99213*192*0**1~
DTM*472*20220110~
CAS*CO*45*34.56~
CAS*PR*1*157.44~
REF*6R*PRMH282374440-1~
AMT*B6*157.44~
CLP*PRMH282972710*1*239*0*192.65*12*EQACW2Q420000*11*1~
NM1*QC*1*CONRAD*MEGAN****MI*W267514249~
NM1*82*1*RICO*RYAN*F***XX*1518068014~
REF*1L*0148511-011-00010-CI~
REF*CE*Open Choice NET 00238~
DTM*232*20220116~
DTM*233*20220116~
DTM*050*20220117~
PER*CX**TE*8886323862~
AMT*AU*239~
SVC*HC>99213*192*0**1~
DTM*472*20220116~
CAS*CO*45*34.56~
CAS*PR*1*157.44~
REF*6R*PRMH282972710-2~
AMT*B6*157.44~
SVC*HC>87880*47*0**1~
DTM*472*20220116~
CAS*CO*45*11.79~
CAS*PR*1*35.21~
REF*6R*PRMH282972710-1~
AMT*B6*35.21~
LX*4~
TS3*1497856066*23*20221231*1*161~
CLP*PRMH280495650*1*161*154.21**12*EJFCWSZFK0000*23*1~
NM1*QC*1*EBELING*ASHER~
NM1*IL*1*EBELING*WESLEY****MI*W256438511~
NM1*82*1*CARNEY*MICHAEL*B***XX*1518068014~
REF*1L*0141870-018-00011-QO~
REF*CE*Aetna Open Access  Elect Choice NET 02350~
DTM*232*20211223~
DTM*233*20211223~
DTM*050*20211229~
PER*CX**TE*8886323862~
AMT*AU*161~
SVC*HC>99283*161*154.21**1~
DTM*472*20211223~
CAS*CO*45*6.79~
REF*6R*PRMH280495650-1~
AMT*B6*154.21~
LX*5~
TS3*1962953190*11*20221231*1*269~
CLP*PRMH282374470*1*269*174.03*50*13*EHPCWW2H30000*11*1~
NM1*QC*1*GAMES*KOLBY****MI*W264911042~
NM1*82*1*O BRIEN*WHITNEY*N***XX*1518068014~
REF*1L*0868696-017-00012-OS~
REF*CE*Aetna Open Access  Managed Choice NET 00578~
DTM*232*20220110~
DTM*233*20220110~
DTM*050*20220112~
PER*CX**TE*8886323862~
AMT*AU*269~
SVC*HC>99214*269*174.03**1~
DTM*472*20220110~
CAS*CO*45*44.97~
CAS*PR*3*50~
REF*6R*PRMH282374470-1~
AMT*B6*224.03~
LX*6~
TS3*1356856108*11*20221231*5*560~
CLP*PRMH282373680*1*15*0*5.43*13*EBPCWXG1J0000*11*1~
NM1*QC*1*FRESHWATER*STEPHANIE****MI*W256132459~
NM1*74*1**BRIAN~
NM1*82*1*JONES*ROBERT*C***XX*1518068014~
REF*1L*0143218-010-00704- J~
REF*CE*Aetna Open Access  Managed Choice NET 00578~
DTM*232*20220111~
DTM*233*20220111~
DTM*050*20220112~
PER*CX**TE*8886323862~
AMT*AU*15~
SVC*HC>36415*15*0**1~
DTM*472*20220111~
CAS*CO*45*9.57~
CAS*PR*1*5.43~
REF*6R*PRMH282373680-1~
AMT*B6*5.43~
CLP*PRMH283168870*1*192*107.44*50*13*EMACW3QBR0000*11*1~
NM1*QC*1*OSZUST*ELISHA*J***MI*W217211111~
NM1*82*1*JONES*ROBERT*C***XX*1518068014~
REF*1L*0772791-010-00002- C~
REF*CE*Aetna Open Access  Managed Choice NET 00578~
DTM*232*20220115~
DTM*233*20220115~
DTM*050*20220118~
PER*CX**TE*8886323862~
AMT*AU*192~
SVC*HC>99213*192*107.44**1~
DTM*472*20220115~
CAS*CO*45*34.56~
CAS*PR*3*50~
REF*6R*PRMH283168870-1~
AMT*B6*157.44~
CLP*PRMH282373520*1*15*0*5.43*13*EM36WY03Z0000*11*1~
NM1*QC*1*NEIDHARDT*CHRISTOPHER*EDWARD***MI*W256132471~
NM1*82*1*JONES*ROBERT*C***XX*1518068014~
REF*1L*0143218-010-00704- J~
REF*CE*Aetna Open Access  Managed Choice NET 00578~
DTM*232*20220111~
DTM*233*20220111~
DTM*050*20220112~
PER*CX**TE*8886323862~
AMT*AU*15~
SVC*HC>36415*15*0**1~
DTM*472*20220111~
CAS*CO*45*9.57~
CAS*PR*1*5.43~
REF*6R*PRMH282373520-1~
AMT*B6*5.43~
CLP*PRMH282374800*1*146*101.26**13*E4FCVJS7D0000*11*1~
NM1*QC*1*MCLAUGHLIN*ROBYN*A***MI*W246593273~
NM1*82*1*JONES*ROBERT*C***XX*1518068014~
REF*1L*0772791-010-00002- C~
REF*CE*Aetna Open Access  Managed Choice NET 00578~
DTM*232*20220110~
DTM*233*20220110~
DTM*050*20220112~
PER*CX**TE*8886323862~
AMT*AU*146~
SVC*HC>73630>TC>LT*71*48.71**1~
DTM*472*20220110~
CAS*CO*45*22.29~
REF*6R*PRMH282374800-1~
AMT*B6*48.71~
SVC*HC>73610>TC>LT*75*52.55**1~
DTM*472*20220110~
CAS*CO*45*22.45~
REF*6R*PRMH282374800-2~
AMT*B6*52.55~
CLP*PRMH282771520*1*192*0*157.44*13*E5JMVK6B40000*11*1~
NM1*QC*1*NEIDHARDT*CHRISTOPHER*EDWARD***MI*W256132471~
NM1*82*1*JONES*ROBERT*C***XX*1518068014~
REF*1L*0143218-010-00704- J~
REF*CE*Aetna Open Access  Managed Choice NET 00578~
DTM*232*20220111~
DTM*233*20220111~
DTM*050*20220114~
PER*CX**TE*8886323862~
AMT*AU*192~
SVC*HC>99213*192*0**1~
DTM*472*20220111~
CAS*CO*45*34.56~
CAS*PR*1*157.44~
REF*6R*PRMH282771520-1~
AMT*B6*157.44~
LX*7~
TS3*1083112304*11*20221231*1*336~
CLP*PRMH282971360*1*336*204.74*60*13*EPACW1YNF0000*11*1~
NM1*QC*1*MEYER*LAYNE*LEE***MI*W271518839~
NM1*82*1*KOONTZ*STACIE*L***XX*1518068014~
REF*1L*0148933-010-00706- Q~
REF*CE*Aetna Open Access  Managed Choice NET 00578~
DTM*232*20220115~
DTM*233*20220115~
DTM*050*20220117~
PER*CX**TE*8886323862~
AMT*AU*336~
SVC*HC>99203*244*134.28**1~
DTM*472*20220115~
CAS*CO*45*49.72~
CAS*PR*3*60~
REF*6R*PRMH282971360-3~
AMT*B6*194.28~
SVC*HC>87880*47*35.21**1~
DTM*472*20220115~
CAS*CO*45*11.79~
REF*6R*PRMH282971360-2~
AMT*B6*35.21~
SVC*HC>87804*45*35.25**1~
DTM*472*20220115~
CAS*CO*45*9.75~
REF*6R*PRMH282971360-1~
AMT*B6*35.25~
LX*8~
TS3*1568518017*11*20221231*1*381~
CLP*PRMH283168880*1*381*324.39*50*13*EC36WZ1350000*11*1~
NM1*QC*1*SWARTZ*SIERRA*R***MI*W265126815~
NM1*82*1*DISS*SYLVIA*R***XX*1518068014~
REF*1L*0868696-011-00018-CS~
REF*CE*Aetna Open Access  Managed Choice NET 00578~
DTM*232*20220114~
DTM*233*20220114~
DTM*050*20220118~
PER*CX**TE*8886323862~
AMT*AU*381~
SVC*HC>90791*381*324.39**1~
DTM*472*20220114~
CAS*CO*45*6.61~
CAS*PR*3*50~
REF*6R*PRMH283168880-1~
AMT*B6*374.39~
LX*9~
TS3*1588270516*11*20221231*1*269~
CLP*PRMH280929470*1*269*238.57*25*13*ETTXVHBL60000*11*1~
NM1*QC*1*SWARTZ*SIERRA*R***MI*W265126815~
NM1*82*2*WVU MEDICINE - REYNOLDS MEMORIAL HOSPITAL*****XX*1518068014~
REF*1L*0868696-011-00018-CS~
REF*CE*Aetna Open Access  Managed Choice NET 00578~
DTM*232*20211229~
DTM*233*20211229~
DTM*050*20211231~
PER*CX**TE*8886323862~
AMT*AU*269~
SVC*HC>99214*269*238.57**1~
DTM*472*20211229~
CAS*CO*45*5.43~
CAS*PR*3*25~
REF*6R*PRMH280929470-1~
AMT*B6*263.57~
LX*10~
TS3*1780925651*11*20221231*2*207~
CLP*PRMH282772820*1*192*57.44*100*13*EFACW1VJ60000*11*1~
NM1*QC*1*RYAN*ALLISON~
NM1*IL*1*RYAN*JACK****MI*W264240825~
NM1*82*1*HOIT*CYNTHIA*S***XX*1518068014~
REF*1L*0149768-010-00003- A~
REF*CE*Aetna Open Access  Managed Choice NET 00578~
DTM*232*20220112~
DTM*233*20220112~
DTM*050*20220114~
PER*CX**TE*8886323862~
AMT*AU*192~
SVC*HC>99213*192*57.44**1~
DTM*472*20220112~
CAS*CO*45*34.56~
CAS*PR*3*100~
REF*6R*PRMH282772820-1~
AMT*B6*157.44~
CLP*PRMH282773300*1*15*0*5.43*13*EXTXVK6KS0000*11*1~
NM1*QC*1*TRACY*THOMAS****MI*W218497260~
NM1*82*1*HOIT*CYNTHIA*S***XX*1518068014~
REF*1L*0596569-010-00702- Y~
REF*CE*Aetna HealthFund  Aetna Open Access  Man NET 00578~
DTM*232*20220113~
DTM*233*20220113~
DTM*050*20220114~
PER*CX**TE*8886323862~
AMT*AU*15~
SVC*HC>36415*15*0**1~
DTM*472*20220113~
CAS*CO*45*9.57~
CAS*PR*1*5.43~
REF*6R*PRMH282773300-1~
AMT*B6*5.43~
LX*11~
TS3*1982898185*11*20221231*1*499~
CLP*PRMH280720400*1*499*362.08*50*13*EHPCWPT780000*11*1~
NM1*QC*1*LOWE*MONICA*K***MI*W217211189~
NM1*82*1*MYERS*MICHAEL*D***XX*1518068014~
REF*1L*0772791-010-00002- C~
REF*CE*Aetna Open Access  Managed Choice NET 00578~
DTM*232*20211229~
DTM*233*20211229~
DTM*050*20211230~
PER*CX**TE*8886323862~
AMT*AU*499~
SVC*HC>99214>25*269*213.57**1~
DTM*472*20211229~
CAS*CO*45*5.43~
CAS*PR*3*50~
REF*6R*PRMH280720400-1~
AMT*B6*263.57~
SVC*HC>20610>RT*213*131.51**1~
DTM*472*20211229~
CAS*CO*45*81.49~
REF*6R*PRMH280720400-3~
AMT*B6*131.51~
SVC*HC>J0702*17*17**1~
DTM*472*20211229~
REF*6R*PRMH280720400-2~
AMT*B6*17~
SE*341*0228~
ST*835*0229~
BPR*I*13.2*C*ACH*CCP*01*031100209*DA*0000009132*1066033492**01*051900395*DA*00002233*20220124~
TRN*1*822019000260827*1066033492~
REF*EV*XXXXXXXXXXXXXXXXXXXXXXXXXXXXXX~
DTM*405*20220119~
N1*PR*AETNA~
N3*151 FARMINGTON AVENUE~
N4*HARTFORD*CT*06156~
REF*2U*60054~
PER*BL*Provider Service~
N1*PE*REYNOLDS MEMORIAL HOSPITAL INC*XX*1518068014~
N3*PO BOX 616~
N4*MORGANTOWN*WV*265070616~
REF*PQ*577513560~
REF*TJ*550357045~
LX*1~
TS3*1407892631*22*20221231*1*148~
CLP*PRMH278561310*2*148*13.2**13*EG36WNWCS0000*22*1~
CAS*OA*23*53.56~
NM1*QC*1*BRUNER*JANET****MI*5M88PE6VH23~
NM1*74*1******C*W238989155~
NM1*82*1*WILSON*TIMOTHY*J***XX*1518068014~
REF*1L*0285629-012-00001-DB~
REF*CE*Aetna HealthFund  Aetna Choice  POS II NET 00578~
DTM*232*20211210~
DTM*233*20211210~
DTM*050*20211229~
PER*CX**TE*8004107778~
AMT*AU*148~
SVC*HC>99213*148*66.76**1~
DTM*472*20211210~
CAS*OA*23*81.24~
REF*6R*PRMH278561310-1~
AMT*B6*66.76~
SE*35*0229~
ST*835*0230~
BPR*H*0*C*NON************20220119~
TRN*1*922019000260828*1066033492~
REF*EV*XXXXXXXXXXXXXXXXXXXXXXXXXXXXXX~
DTM*405*20220119~
N1*PR*AETNA~
N3*151 FARMINGTON AVENUE~
N4*HARTFORD*CT*06156~
REF*2U*60054~
PER*BL*Provider Service~
N1*PE*REYNOLDS MEMORIAL HOSPITAL INC*XX*1518068014~
N3*PO BOX 616~
N4*MORGANTOWN*WV*265070616~
REF*PQ*577513560~
REF*TJ*550357045~
LX*1~
TS3*1811454648*11*20221231*1*269~
CLP*PRMH282970350*1*269*0*269*13*EA36W0RC30000*11*1~
NM1*QC*1*SCOTT*TRACEY*M***MI*W265643034~
NM1*74*1*DIETRICH~
NM1*82*2*WVU MEDICINE - REYNOLDS MEMORIAL HOSPITAL*****XX*1518068014~
REF*1L*0285631-010-00003- G~
REF*CE*Aetna HealthFund  Aetna Choice  POS II NET 00578~
DTM*232*20220114~
DTM*233*20220114~
DTM*036*20211231~
DTM*050*20220117~
PER*CX**TE*8006388432~
AMT*AU*269~
SVC*HC>99214*269*0**0**1~
DTM*472*20220114~
CAS*PR*27*269*1~
REF*6R*PRMH282970350-1~
AMT*B6*263.57~
LQ*HE*N650~
SE*36*0230~
ST*835*0231~
BPR*H*0*C*NON************20220119~
TRN*1*922019000233749*1066033492~
REF*EV*XXXXXXXXXXXXXXXXXXXXXXXXXXXXXX~
DTM*405*20220119~
N1*PR*AETNA~
N3*151 FARMINGTON AVENUE~
N4*HARTFORD*CT*06156~
REF*2U*60054~
PER*BL*Provider Service~
N1*PE*REYNOLDS MEMORIAL HOSPITAL INC*XX*1144228305~
N3*PO BOX 616~
N4*MORGANTOWN*WV*265070616~
REF*PQ*577513560~
REF*TJ*550357045~
LX*1~
TS3*1144228305*22*20221231*1*242~
CLP*HRMH1775547502*2*242*0**12*E2200602290000*13*1~
NM1*QC*1*PORTER*MARY****MI*W267309939~
NM1*82*2*REYNOLDS MEMORIAL HOSPITAL*****XX*1144228305~
NM1*PR*2*Commercial - Confirm w/patient*****PI*Confirm with Patient~
REF*1L*0474957-032-00101-QA~
REF*CE*PPO-Medical NET 00238~
DTM*232*20210811~
DTM*233*20210811~
DTM*050*20220106~
PER*CX**TE*8886323862~
SVC*HC>U0004*242*0**1~
DTM*472*20210811~
CAS*OA*133*242~
REF*6R*RMHE0093655974-1~
SE*32*0231~
ST*835*0232~
BPR*I*103.76*C*ACH*CCP*01*031100209*DA*0000009108*1066033492**01*051900395*DA*00002233*20220124~
TRN*1*822019000233750*1066033492~
REF*EV*XXXXXXXXXXXXXXXXXXXXXXXXXXXXXX~
DTM*405*20220119~
N1*PR*AETNA~
N3*151 FARMINGTON AVENUE~
N4*HARTFORD*CT*06156~
REF*2U*60054~
PER*BL*Provider Service~
N1*PE*REYNOLDS MEMORIAL HOSPITAL INC*XX*1518068014~
N3*PO BOX 616~
N4*MORGANTOWN*WV*265070616~
REF*PQ*577513560~
REF*TJ*550357045~
LX*1~
TS3*1356856108*02*20221231*1*182~
CLP*PRMH274750690*2*182*103.76*50.94*12*P2132048540006*02*1~
NM1*QC*1*SHAFER*ASHLEE*JORAE***MI*W261188005~
NM1*82*1*JONES*ROBERT*C***XX*1518068014~
REF*1L*0474957-032-00101-QA~
REF*CE*PPO-Medical NET 00238~
DTM*232*20211103~
DTM*233*20211103~
DTM*050*20220113~
PER*CX**TE*8886323862~
AMT*AU*182~
SVC*HC>99203>95*182*103.76**1~
DTM*472*20211103~
CAS*CO*45*27.3~
CAS*PR*2*25.94**3*25~
REF*6R*PRMH274750690-1~
AMT*B6*154.7~
SE*34*0232~
ST*835*1402~
BPR*I*151.23*C*ACH*CCP*01*031100209*DA*0038865237*1066033492**01*051900395*DA*00002233*20220121~
TRN*1*160118220237646*1066033492~
REF*EV*XXXXXXXXXXXXXXXXXXXXXXXXXXXXXX~
DTM*405*20220119~
N1*PR*AETNA~
N3*151 FARMINGTON AVENUE~
N4*HARTFORD*CT*06156~
REF*2U*60054~
PER*BL*Provider Service~
N1*PE*REYNOLDS MEM HOSP*XX*1144228305~
N3*PO BOX 616~
N4*MORGANTOWN*WV*26507~
REF*PQ*577513560~
REF*TJ*550357045~
LX*1~
TS3*1144228305*13*20221231*3*2193~
CLP*HRMH1858958400*1*824*66.94**13*220114E109260000*13*1~
NM1*QC*1*HEWITT*LANNY****MI*MEBTYMJX~
NM1*82*2*REYNOLDS MEM HOSP*****XX*1144228305~
REF*1L*467428-129~
REF*CE*MEDICARE OPEN ACCESS PPO PLAN NET 04227~
DTM*232*20211028~
DTM*233*20211028~
DTM*050*20220114~
PER*CX**TE*8006240756~
AMT*AU*524~
SVC*HC>80053*147*11.09*0301*1~
DTM*472*20211028~
CAS*CO*45*135.91~
REF*6R*RMHE0093254229-2~
AMT*B6*11.09~
LQ*HE*N59~
SVC*HC>80061*126*14.06*0301*1~
DTM*472*20211028~
CAS*CO*45*111.94~
REF*6R*RMHE0093254229-3~
AMT*B6*14.06~
LQ*HE*N59~
SVC*HC>82306*85*0*0301*0**1~
DTM*472*20211028~
CAS*CO*96*85*1~
REF*6R*RMHE0093254229-4~
LQ*HE*N115~
SVC*HC>82607*61*0*0301*0**1~
DTM*472*20211028~
CAS*CO*96*61*1~
REF*6R*RMHE0093254229-5~
LQ*HE*N115~
SVC*HC>83036*108*10.2*0301*1~
DTM*472*20211028~
CAS*CO*45*97.8~
REF*6R*RMHE0093254229-6~
AMT*B6*10.2~
LQ*HE*N59~
SVC*HC>84443*154*0*0301*0**1~
DTM*472*20211028~
CAS*CO*96*154*1~
REF*6R*RMHE0093254229-7~
LQ*HE*N115~
SVC*HC>G0103*63*20.28*0301*1~
DTM*472*20211028~
CAS*CO*45*42.72~
REF*6R*RMHE0093254229-8~
AMT*B6*20.28~
LQ*HE*N59~
SVC*HC>85025*65*8.16*0305*1~
DTM*472*20211028~
CAS*CO*45*56.84~
REF*6R*RMHE0093254229-9~
AMT*B6*8.16~
LQ*HE*N59~
SVC*HC>36415*15*3.15*0300*1~
DTM*472*20211028~
CAS*CO*45*11.85~
REF*6R*RMHE0093254229-1~
AMT*B6*3.15~
LQ*HE*N59~
CLP*HRMH1910025001*1*815*44.5*2.34*13*220114E234490000*13*1~
NM1*QC*1*THOMPSON*SHEREE****MI*MEBS4W4F~
NM1*82*2*REYNOLDS MEM HOSP*****XX*1144228305~
REF*1L*467119-087~
REF*CE*GROUP MEDICARE SELECT PLAN NET 04227~
DTM*232*20211216~
DTM*233*20211216~
DTM*050*20220114~
PER*CX**TE*8006240756~
AMT*AU*495~
SVC*HC>80053*147*10.54*0301*1~
DTM*472*20211216~
CAS*CO*45*135.91~
CAS*PR*2*.55~
REF*6R*RMHE0093882836-1~
AMT*B6*11.09~
LQ*HE*N59~
SVC*HC>80061*126*13.36*0301*1~
DTM*472*20211216~
CAS*CO*45*111.94~
CAS*PR*2*.7~
REF*6R*RMHE0093882836-2~
AMT*B6*14.06~
LQ*HE*N59~
SVC*HC>82306*85*0*0301*0**1~
DTM*472*20211216~
CAS*CO*96*85*1~
REF*6R*RMHE0093882836-3~
LQ*HE*N115~
SVC*HC>83036*108*9.69*0301*1~
DTM*472*20211216~
CAS*CO*45*97.8~
CAS*PR*2*.51~
REF*6R*RMHE0093882836-4~
AMT*B6*10.2~
LQ*HE*N59~
SVC*HC>84439>GZ*81*0*0301*0**1~
DTM*472*20211216~
CAS*CO*96*81*1~
REF*6R*RMHE0093882836-5~
LQ*HE*N115~
SVC*HC>84443>GZ*154*0*0301*0**1~
DTM*472*20211216~
CAS*CO*96*154*1~
REF*6R*RMHE0093882836-6~
LQ*HE*N115~
SVC*HC>85025*65*7.75*0305*1~
DTM*472*20211216~
CAS*CO*45*56.84~
CAS*PR*2*.41~
REF*6R*RMHE0093882836-7~
AMT*B6*8.16~
LQ*HE*N59~
SVC*HC>81001*49*3.16*0307*1~
DTM*472*20211216~
CAS*CO*45*45.67~
CAS*PR*2*.17~
REF*6R*RMHE0093882836-8~
AMT*B6*3.33~
LQ*HE*N59~
CLP*HRMH1905838000*1*554*39.79**13*220114E311450000*13*1~
NM1*QC*1*ROBBINS*DIANE****MI*MEBNGNDZ~
NM1*82*2*REYNOLDS MEM HOSP*****XX*1144228305~
REF*1L*455716-083~
REF*CE*STRS PPO PLAN NET 04227~
DTM*232*20211214~
DTM*233*20211214~
DTM*050*20220114~
PER*CX**TE*8006240756~
AMT*AU*400~
SVC*HC>80053*147*11.09*0301*1~
DTM*472*20211214~
CAS*CO*45*135.91~
REF*6R*RMHE0093882758-2~
AMT*B6*11.09~
LQ*HE*N59~
SVC*HC>80061*126*14.06*0301*1~
DTM*472*20211214~
CAS*CO*45*111.94~
REF*6R*RMHE0093882758-3~
AMT*B6*14.06~
LQ*HE*N59~
SVC*HC>84443>GZ*154*0*0301*0**1~
DTM*472*20211214~
CAS*CO*96*154*1~
REF*6R*RMHE0093882758-4~
LQ*HE*N115~
SVC*HC>85025*65*8.16*0305*1~
DTM*472*20211214~
CAS*CO*45*56.84~
REF*6R*RMHE0093882758-5~
AMT*B6*8.16~
LQ*HE*N59~
SVC*HC>81001*49*3.33*0307*1~
DTM*472*20211214~
CAS*CO*45*45.67~
REF*6R*RMHE0093882758-6~
AMT*B6*3.33~
LQ*HE*N59~
SVC*HC>36415*13*3.15*0300*1~
DTM*472*20211214~
CAS*CO*45*9.85~
REF*6R*RMHE0093882758-1~
AMT*B6*3.15~
LQ*HE*N59~
SE*184*1402~
ST*835*1403~
BPR*I*109.83*C*ACH*CCP*01*031100209*DA*0038865237*1066033492**01*051900395*DA*00002233*20220121~
TRN*1*160118220248761*1066033492~
REF*EV*XXXXXXXXXXXXXXXXXXXXXXXXXXXXXX~
DTM*405*20220119~
N1*PR*AETNA~
N3*151 FARMINGTON AVENUE~
N4*HARTFORD*CT*06156~
REF*2U*60054~
PER*BL*Provider Service~
N1*PE*REYNOLDS MEMORIAL HOSPITAL INC*XX*1518068014~
N3*PO BOX 616~
N4*MORGANTOWN*WV*265070616~
REF*PQ*577513560~
REF*TJ*550357045~
LX*1~
TS3*1770950370*23*20221231*1*267~
CLP*PRMH282665810*1*267*109.83**13*220113E305300000*23*1~
NM1*QC*1*MATESICK*MILDRED****MI*MEBFFYXG~
NM1*82*2*REYNOLDS MEMORIAL HOSPITAL INC*****XX*1770950370~
REF*1L*466235-002~
REF*CE*SERS PPO PLAN NET 04227~
DTM*232*20211216~
DTM*233*20211216~
DTM*050*20220113~
PER*CX**TE*8006240756~
AMT*AU*267~
SVC*HC>99284*267*109.83**1~
DTM*472*20211216~
CAS*CO*45*157.17~
REF*6R*PRMH282665810-1~
AMT*B6*109.83~
LQ*HE*N59~
SE*34*1403~
ST*835*1972~
BPR*I*3021.61*C*ACH*CCP*01*031100209*DA*0038865237*1066033492**01*051900395*DA*00002233*20220121~
TRN*1*160118220262819*1066033492~
REF*EV*XXXXXXXXXXXXXXXXXXXXXXXXXXXXXX~
DTM*405*20220119~
N1*PR*AETNA~
N3*151 FARMINGTON AVENUE~
N4*HARTFORD*CT*06156~
REF*2U*60054~
PER*BL*Provider Service~
N1*PE*REYNOLDS MEM HOSP*XX*1144228305~
N3*PO BOX 616~
N4*MORGANTOWN*WV*26507~
REF*PQ*577513560~
REF*TJ*550357045~
LX*1~
TS3*1144228305*13*20221231*10*3466~
CLP*HRMH1795402500*22*-8936.49*0**13*210913E754580004~
NM1*QC*1*RHODES*NORMAN*L***MI*MEBPNNRG~
NM1*82*2*REYNOLDS MEM HOSP*****XX*1144228305~
REF*1L*467113-080~
REF*CE*GROUP MEDICARE SELECT PLAN NET 02101~
DTM*232*20210831~
DTM*233*20210902~
DTM*050*20210913~
PER*CX**TE*8006240756~
SVC*NU>0250*-15.14*0**0**3~
DTM*150*20210831~
DTM*151*20210901~
CAS*PI*16*-15.14*3~
LQ*HE*M51~
LQ*HE*N694~
SVC*NU>0250*-9.89*0**0**2~
DTM*472*20210902~
CAS*PI*16*-9.89*2~
LQ*HE*M51~
LQ*HE*N694~
SVC*NU>0250*-14.64*0**0**2~
DTM*472*20210831~
CAS*PI*16*-14.64*2~
LQ*HE*M51~
LQ*HE*N694~
SVC*HC>Q9967*-27.41*0*0254*0**75~
DTM*472*20210831~
CAS*PI*16*-27.41*75~
LQ*HE*M51~
LQ*HE*N694~
SVC*NU>0258*-120*0**0**1~
DTM*472*20210901~
CAS*PI*16*-120*1~
LQ*HE*M51~
LQ*HE*N694~
SVC*NU>0258*-120*0**0**1~
DTM*472*20210902~
CAS*PI*16*-120*1~
LQ*HE*M51~
LQ*HE*N694~
SVC*NU>0258*-240*0**0**2~
DTM*472*20210831~
CAS*PI*16*-240*2~
LQ*HE*M51~
LQ*HE*N694~
SVC*HC>36415*-13*0*0300*0**1~
DTM*472*20210831~
CAS*PI*16*-13*1~
LQ*HE*M51~
LQ*HE*N694~
SVC*HC>80053*-147*0*0301*0**1~
DTM*472*20210901~
CAS*PI*16*-147*1~
LQ*HE*M51~
LQ*HE*N694~
SVC*HC>83690*-132*0*0301*0**1~
DTM*472*20210831~
CAS*PI*16*-132*1~
LQ*HE*M51~
LQ*HE*N694~
SVC*HC>83605*-20*0*0301*0**1~
DTM*472*20210831~
CAS*PI*16*-20*1~
LQ*HE*M51~
LQ*HE*N694~
SVC*HC>80053*-147*0*0301*0**1~
DTM*472*20210831~
CAS*PI*16*-147*1~
LQ*HE*M51~
LQ*HE*N694~
SVC*HC>85025*-65*0*0305*0**1~
DTM*472*20210901~
CAS*PI*16*-65*1~
LQ*HE*M51~
LQ*HE*N694~
SVC*HC>85025*-65*0*0305*0**1~
DTM*472*20210831~
CAS*PI*16*-65*1~
LQ*HE*M51~
LQ*HE*N694~
SVC*HC>81001*-49*0*0307*0**5~
DTM*472*20210831~
CAS*PI*16*-49*1~
LQ*HE*M51~
LQ*HE*N694~
SVC*HC>74018>TC*-352*0*0320*0**4~
DTM*472*20210901~
CAS*PI*16*-352*1~
LQ*HE*M51~
LQ*HE*N694~
SVC*HC>74018>TC*-352*0*0320*0**1~
DTM*472*20210902~
CAS*PI*16*-352*1~
LQ*HE*M51~
LQ*HE*N694~
SVC*HC>74177*-3399*0*0352*0**1~
DTM*472*20210831~
CAS*PI*16*-3399*1~
LQ*HE*M51~
LQ*HE*N694~
SVC*HC>99284>25*-577*0*0450*0**1~
DTM*472*20210831~
CAS*PI*16*-577*1~
LQ*HE*M51~
LQ*HE*N694~
SVC*HC>96375*-176*0*0450*0**5~
DTM*472*20210831~
CAS*PI*16*-176*2~
LQ*HE*M51~
LQ*HE*N694~
SVC*HC>96374>XU*-542*0*0450*0**16~
DTM*472*20210831~
CAS*PI*16*-542*1~
LQ*HE*M51~
LQ*HE*N694~
SVC*HC>96361*-97*0*0450*0**2~
DTM*472*20210831~
CAS*PI*16*-97*1~
LQ*HE*M51~
LQ*HE*N694~
SVC*HC>94760*-54*0*0460*0**4~
DTM*472*20210902~
CAS*PI*16*-54*1~
LQ*HE*M51~
LQ*HE*N694~
SVC*HC>94760*-54*0*0460*0**2~
DTM*472*20210901~
CAS*PI*16*-54*1~
LQ*HE*M51~
LQ*HE*N694~
SVC*HC>94760*-54*0*0460*0**1~
DTM*472*20210831~
CAS*PI*16*-54*1~
LQ*HE*M51~
LQ*HE*N694~
SVC*HC>J0780*-20.41*0*0636*0**4~
DTM*472*20210831~
CAS*PI*16*-20.41*1~
LQ*HE*M51~
LQ*HE*N694~
SVC*HC>J2405*-10.5*0*0636*0**77~
DTM*472*20210831~
CAS*PI*16*-10.5*8~
LQ*HE*M51~
LQ*HE*N694~
SVC*HC>J2270*-21*0*0636*0**5~
DTM*472*20210831~
CAS*PI*16*-21*2~
LQ*HE*M51~
LQ*HE*N694~
SVC*HC>J1650*-5.25*0*0636*0**5~
DTM*472*20210901~
CAS*PI*16*-5.25*4~
LQ*HE*M51~
LQ*HE*N694~
SVC*HC>J1650*-5.25*0*0636*0**11~
DTM*472*20210831~
CAS*PI*16*-5.25*4~
LQ*HE*M51~
LQ*HE*N694~
SVC*HC>G0378*-560*0*0762*0**2~
DTM*472*20210902~
CAS*PI*16*-560*16~
LQ*HE*M51~
LQ*HE*N694~
SVC*HC>G0378*-490*0*0762*0**5~
DTM*472*20210901~
CAS*PI*16*-490*14~
LQ*HE*M51~
LQ*HE*N694~
SVC*HC>96372>59*-160*0*0940*0**1~
DTM*472*20210901~
CAS*PI*16*-160*1~
LQ*HE*M51~
LQ*HE*N694~
SVC*HC>96376*-122*0*0940*0**2~
DTM*472*20210902~
CAS*PI*16*-122*1~
LQ*HE*M51~
LQ*HE*N694~
SVC*HC>96376*-122*0*0940*0**3~
DTM*472*20210901~
CAS*PI*16*-122*1~
LQ*HE*M51~
LQ*HE*N694~
SVC*HC>96376*-244*0*0940*0**4~
DTM*472*20210831~
CAS*PI*16*-244*2~
LQ*HE*M51~
LQ*HE*N694~
SVC*HC>96375*-174*0*0940*0**5~
DTM*472*20210831~
CAS*PI*16*-174*2~
LQ*HE*M51~
LQ*HE*N694~
SVC*HC>96372>59*-160*0*0940*0**5~
DTM*472*20210831~
CAS*PI*16*-160*1~
LQ*HE*M51~
LQ*HE*N694~
CLP*HRMH1795402500*1*8936.49*2046.84*50*13*220108E213960000*13*7~
NM1*QC*1*RHODES*NORMAN****MI*MEBPNNRG~
NM1*82*2*REYNOLDS MEM HOSP*****XX*1144228305~
REF*1L*467113-080~
REF*CE*GROUP MEDICARE SELECT PLAN NET 04227~
DTM*232*20210831~
DTM*233*20210902~
DTM*050*20220108~
PER*CX**TE*8006240756~
AMT*AU*577~
SVC*NU>0250*14.64*0**0**2~
DTM*472*20210831~
CAS*CO*97*14.64*2~
REF*6R*RMHE0093710176-1~
LQ*HE*MA67~
LQ*HE*N130~
SVC*NU>0250*15.14*0**0**3~
DTM*472*20210901~
CAS*CO*97*15.14*3~
REF*6R*RMHE0093710176-2~
LQ*HE*MA67~
LQ*HE*N130~
SVC*NU>0250*9.89*0**0**2~
DTM*472*20210902~
CAS*CO*97*9.89*2~
REF*6R*RMHE0093710176-3~
LQ*HE*MA67~
LQ*HE*N130~
SVC*HC>Q9967*27.41*0*0254*0**75~
DTM*472*20210831~
CAS*CO*97*27.41*75~
REF*6R*RMHE0093710176-4~
LQ*HE*MA67~
LQ*HE*N130~
SVC*NU>0258*240*0**0**2~
DTM*472*20210831~
CAS*CO*97*240*2~
REF*6R*RMHE0093710176-5~
LQ*HE*MA67~
LQ*HE*N130~
SVC*NU>0258*120*0**0**1~
DTM*472*20210901~
CAS*CO*97*120*1~
REF*6R*RMHE0093710176-6~
LQ*HE*MA67~
LQ*HE*N130~
SVC*NU>0258*120*0**0**1~
DTM*472*20210902~
CAS*CO*97*120*1~
REF*6R*RMHE0093710176-7~
LQ*HE*MA67~
LQ*HE*N130~
SVC*HC>36415*13*0*0300*0**1~
DTM*472*20210831~
CAS*CO*97*13*1~
REF*6R*RMHE0093710176-8~
LQ*HE*MA67~
LQ*HE*N130~
SVC*HC>80053*147*0*0301*0**1~
DTM*472*20210831~
CAS*CO*97*147*1~
REF*6R*RMHE0093710176-9~
LQ*HE*MA67~
LQ*HE*N130~
SVC*HC>80053*147*0*0301*0**1~
DTM*472*20210901~
CAS*CO*97*147*1~
REF*6R*RMHE0093710176-10~
LQ*HE*MA67~
LQ*HE*N130~
SVC*HC>83605*20*0*0301*0**1~
DTM*472*20210831~
CAS*CO*97*20*1~
REF*6R*RMHE0093710176-11~
LQ*HE*MA67~
LQ*HE*N130~
SVC*HC>83690*132*0*0301*0**1~
DTM*472*20210831~
CAS*CO*97*132*1~
REF*6R*RMHE0093710176-12~
LQ*HE*MA67~
LQ*HE*N130~
SVC*HC>85025*65*0*0305*0**1~
DTM*472*20210831~
CAS*CO*97*65*1~
REF*6R*RMHE0093710176-13~
LQ*HE*MA67~
LQ*HE*N130~
SVC*HC>85025*65*0*0305*0**1~
DTM*472*20210901~
CAS*CO*97*65*1~
REF*6R*RMHE0093710176-14~
LQ*HE*MA67~
LQ*HE*N130~
SVC*HC>81001*49*0*0307*0**1~
DTM*472*20210831~
CAS*CO*97*49*1~
REF*6R*RMHE0093710176-15~
LQ*HE*MA67~
LQ*HE*N130~
SVC*HC>74018>TC*352*0*0320*0**1~
DTM*472*20210901~
CAS*CO*97*352*1~
REF*6R*RMHE0093710176-16~
LQ*HE*MA67~
LQ*HE*N130~
SVC*HC>74018>TC*352*0*0320*0**1~
DTM*472*20210902~
CAS*CO*97*352*1~
REF*6R*RMHE0093710176-17~
LQ*HE*MA67~
LQ*HE*N130~
SVC*HC>74177*3399*0*0352*0**1~
DTM*472*20210831~
CAS*CO*97*3399*1~
REF*6R*RMHE0093710176-18~
LQ*HE*MA67~
LQ*HE*N130~
SVC*HC>96361*97*0*0450*0**1~
DTM*472*20210831~
CAS*CO*97*97*1~
REF*6R*RMHE0093710176-19~
LQ*HE*MA67~
LQ*HE*N130~
SVC*HC>96374>XU*542*0*0450*0**1~
DTM*472*20210831~
CAS*CO*97*542*1~
REF*6R*RMHE0093710176-20~
LQ*HE*MA67~
LQ*HE*N130~
SVC*HC>96375*176*0*0450*0**2~
DTM*472*20210831~
CAS*CO*97*176*2~
REF*6R*RMHE0093710176-21~
LQ*HE*MA67~
LQ*HE*N130~
SVC*HC>99284>25*577*2046.84*0450*1~
DTM*472*20210831~
CAS*CO*45*-1519.84~
CAS*PR*3*50~
REF*6R*RMHE0093710176-22~
AMT*B6*2096.84~
LQ*HE*N59~
SVC*HC>94760*54*0*0460*0**1~
DTM*472*20210831~
CAS*CO*97*54*1~
REF*6R*RMHE0093710176-23~
LQ*HE*MA67~
LQ*HE*N130~
SVC*HC>94760*54*0*0460*0**1~
DTM*472*20210901~
CAS*CO*97*54*1~
REF*6R*RMHE0093710176-24~
LQ*HE*MA67~
LQ*HE*N130~
SVC*HC>94760*54*0*0460*0**1~
DTM*472*20210902~
CAS*CO*97*54*1~
REF*6R*RMHE0093710176-25~
LQ*HE*MA67~
LQ*HE*N130~
SVC*HC>J0780*20.41*0*0636*0**1~
DTM*472*20210831~
CAS*CO*97*20.41*1~
REF*6R*RMHE0093710176-26~
LQ*HE*MA67~
LQ*HE*N130~
SVC*HC>J1650*5.25*0*0636*0**4~
DTM*472*20210831~
CAS*CO*97*5.25*4~
REF*6R*RMHE0093710176-27~
LQ*HE*MA67~
LQ*HE*N130~
SVC*HC>J1650*5.25*0*0636*0**4~
DTM*472*20210901~
CAS*CO*97*5.25*4~
REF*6R*RMHE0093710176-28~
LQ*HE*MA67~
LQ*HE*N130~
SVC*HC>J2270*21*0*0636*0**2~
DTM*472*20210831~
CAS*CO*97*21*2~
REF*6R*RMHE0093710176-29~
LQ*HE*MA67~
LQ*HE*N130~
SVC*HC>J2405*10.5*0*0636*0**8~
DTM*472*20210831~
CAS*CO*97*10.5*8~
REF*6R*RMHE0093710176-30~
LQ*HE*MA67~
LQ*HE*N130~
SVC*HC>G0378*1050*0*0762*0**30~
DTM*472*20210901~
CAS*CO*97*1050*30~
REF*6R*RMHE0093710176-31~
LQ*HE*MA67~
LQ*HE*N130~
SVC*HC>96372>59*160*0*0940*0**1~
DTM*472*20210831~
CAS*CO*97*160*1~
REF*6R*RMHE0093710176-32~
LQ*HE*MA67~
LQ*HE*N130~
SVC*HC>96372>59*160*0*0940*0**1~
DTM*472*20210901~
CAS*CO*97*160*1~
REF*6R*RMHE0093710176-33~
LQ*HE*MA67~
LQ*HE*N130~
SVC*HC>96375*174*0*0940*0**2~
DTM*472*20210831~
CAS*CO*97*174*2~
REF*6R*RMHE0093710176-34~
LQ*HE*MA67~
LQ*HE*N130~
SVC*HC>96376*244*0*0940*0**2~
DTM*472*20210831~
CAS*CO*97*244*2~
REF*6R*RMHE0093710176-35~
LQ*HE*MA67~
LQ*HE*N130~
SVC*HC>96376*122*0*0940*0**1~
DTM*472*20210901~
CAS*CO*97*122*1~
REF*6R*RMHE0093710176-36~
LQ*HE*MA67~
LQ*HE*N130~
SVC*HC>96376*122*0*0940*0**1~
DTM*472*20210902~
CAS*CO*97*122*1~
REF*6R*RMHE0093710176-37~
LQ*HE*MA67~
LQ*HE*N130~
CLP*HRMH1908985400*1*169*45.53*11.38*13*220117E266940000*13*1~
NM1*QC*1*KALDOR*CHARLENE****MI*MEBPN60J~
NM1*82*2*REYNOLDS MEM HOSP*****XX*1144228305~
REF*1L*467120-053~
REF*CE*GROUP MEDICARE STANDARD PLAN NET 04227~
DTM*232*20211216~
DTM*233*20211216~
DTM*050*20220117~
PER*CX**TE*8006240756~
AMT*AU*160~
SVC*HC>J3420*9*0*0636*0**1~
DTM*472*20211216~
CAS*CO*153*9*1~
REF*6R*RMHE0093910520-1~
LQ*HE*N130~
SVC*HC>96372*160*45.53*0940*1~
DTM*472*20211216~
CAS*CO*45*103.09~
CAS*PR*2*11.38~
REF*6R*RMHE0093910520-2~
AMT*B6*56.91~
LQ*HE*N59~
CLP*HRMH1922283601*1*1140*446.42**13*220117E266950000*13*1~
NM1*QC*1*SISSON*SANDRA****MI*MEBRKV0K~
NM1*82*2*REYNOLDS MEM HOSP*****XX*1144228305~
REF*1L*467335-003~
REF*CE*MEDICARE (C04) PPO NET 04227~
DTM*232*20211231~
DTM*233*20211231~
DTM*050*20220117~
PER*CX**TE*8006240756~
AMT*AU*967~
SVC*HC>78226*208*346.34*0340*1~
DTM*472*20211231~
CAS*CO*45*-138.34~
REF*6R*RMHE0093910727-1~
AMT*B6*346.34~
LQ*HE*N59~
SVC*HC>A9537*173*0*0343*0**1~
DTM*472*20211231~
CAS*CO*97*173*1~
REF*6R*RMHE0093910727-2~
LQ*HE*N130~
SVC*HC>76705*759*100.08*0402*1~
DTM*472*20211231~
CAS*CO*45*658.92~
REF*6R*RMHE0093910727-3~
AMT*B6*100.08~
LQ*HE*N59~
CLP*HRMH1906720300*1*204*56.91**13*220117E266960000*13*1~
NM1*QC*1*FOSTER*JANET****MI*MEBPN6WR~
NM1*82*2*REYNOLDS MEM HOSP*****XX*1144228305~
REF*1L*467119-412~
REF*CE*GROUP MEDICARE SELECT PLAN NET 04227~
DTM*232*20211214~
DTM*233*20211214~
DTM*050*20220117~
PER*CX**TE*8006240756~
AMT*AU*160~
SVC*HC>J1885*44*0*0636*0**4~
DTM*472*20211214~
CAS*CO*97*44*4~
REF*6R*RMHE0093910908-1~
LQ*HE*N130~
SVC*HC>96372*160*56.91*0940*1~
DTM*472*20211214~
CAS*CO*45*103.09~
REF*6R*RMHE0093910908-2~
AMT*B6*56.91~
LQ*HE*N59~
CLP*HRMH1870961201*1*950*230.26*9.59*13*220117E266970000*13*1~
NM1*QC*1*KOREN*MARGARETTA****MI*MEBD5JMV~
NM1*82*2*REYNOLDS MEM HOSP*****XX*1144228305~
REF*1L*455716-060~
REF*CE*STRS PPO PLAN NET 04227~
DTM*232*20211109~
DTM*233*20211109~
DTM*050*20220117~
PER*CX**TE*8006240756~
AMT*AU*554~
SVC*HC>73030>TC>LT*352*0*0320*0**1~
DTM*472*20211109~
CAS*CO*97*352*1~
REF*6R*RMHE0092843422-1~
LQ*HE*N130~
SVC*HC>20610>LT*554*230.26*0361*1~
DTM*472*20211109~
CAS*CO*45*314.15~
CAS*PR*2*9.59~
REF*6R*RMHE0092843422-2~
AMT*B6*239.85~
LQ*HE*N59~
SVC*HC>J3301*44*0*0636*0**4~
DTM*472*20211109~
CAS*CO*97*44*4~
REF*6R*RMHE0092843422-3~
LQ*HE*N130~
CLP*HRMH1908787400*1*352*49.3*25*13*220117E312700000*13*1~
NM1*QC*1*PERKINS*LINDA****MI*MEBFG6NC~
NM1*82*2*REYNOLDS MEM HOSP*****XX*1144228305~
REF*1L*466235-002~
REF*CE*SERS PPO PLAN NET 04227~
DTM*232*20211216~
DTM*233*20211216~
DTM*050*20220117~
PER*CX**TE*8006240756~
AMT*AU*352~
SVC*HC>73562>TC>LT*352*49.3*0320*1~
DTM*472*20211216~
CAS*CO*45*277.7~
CAS*PR*3*25~
REF*6R*RMHE0093910651-1~
AMT*B6*74.3~
LQ*HE*N59~
CLP*HRMH1908885200*1*139*40.89*10.22*13*220117E312710000*13*1~
NM1*QC*1*POSTLETHWAIT*AUSTIN****MI*101379470900~
NM1*74*1******C*MEBPNG8J~
NM1*82*2*REYNOLDS MEM HOSP*****XX*1144228305~
REF*1L*467120-099~
REF*CE*GROUP MEDICARE STANDARD PLAN NET 04227~
DTM*232*20211216~
DTM*233*20211216~
DTM*050*20220117~
PER*CX**TE*8006240756~
AMT*AU*139~
SVC*HC>93246*139*40.89*0731*1~
DTM*472*20211216~
CAS*CO*45*87.89~
CAS*PR*2*10.22~
REF*6R*RMHE0093910714-1~
AMT*B6*51.11~
LQ*HE*N59~
CLP*HRMH1898958301*1*139*48.55*2.56*13*220117E312720000*13*1~
NM1*QC*1*LANDERS*SANDRA****MI*MEBPN0NX~
NM1*82*2*REYNOLDS MEM HOSP*****XX*1144228305~
REF*1L*467119-131~
REF*CE*GROUP MEDICARE SELECT PLAN NET 04227~
DTM*232*20211207~
DTM*233*20211207~
DTM*050*20220117~
PER*CX**TE*8006240756~
AMT*AU*139~
SVC*HC>69210*139*48.55*0361*1~
DTM*472*20211207~
CAS*CO*45*87.89~
CAS*PR*2*2.56~
REF*6R*RMHE0093910849-1~
AMT*B6*51.11~
LQ*HE*N59~
CLP*HRMH1870864600*1*373*56.91**13*220117E312730000*13*1~
NM1*QC*1*DOBBS*JAN****MI*MEBPN8ZG~
NM1*82*2*REYNOLDS MEM HOSP*****XX*1144228305~
REF*1L*467113-080~
REF*CE*GROUP MEDICARE SELECT PLAN NET 04227~
DTM*232*20211109~
DTM*233*20211109~
DTM*050*20220117~
PER*CX**TE*8006240756~
AMT*AU*320~
SVC*HC>J3301*44*0*0636*0**4~
DTM*472*20211109~
CAS*CO*97*44*4~
REF*6R*RMHE0092486735-1~
LQ*HE*N130~
SVC*HC>J3420*9*0*0636*0**1~
DTM*472*20211109~
CAS*CO*153*9*1~
REF*6R*RMHE0092486735-2~
LQ*HE*N130~
SVC*HC>96372*320*56.91*0940*2~
DTM*472*20211109~
CAS*CO*45*263.09~
REF*6R*RMHE0092486735-3~
AMT*B6*56.91~
LQ*HE*N59~
SE*626*1972~
ST*835*1973~
BPR*I*97.16*C*ACH*CCP*01*031100209*DA*0038865237*1066033492**01*051900395*DA*00002233*20220121~
TRN*1*160118220268207*1066033492~
REF*EV*XXXXXXXXXXXXXXXXXXXXXXXXXXXXXX~
DTM*405*20220119~
N1*PR*AETNA~
N3*151 FARMINGTON AVENUE~
N4*HARTFORD*CT*06156~
REF*2U*60054~
PER*BL*Provider Service~
N1*PE*REYNOLDS MEMORIAL HOSPITAL*XX*1518068014~
N3*P.O. BOX 616~
N4*MORGANTOWN*WV*26507~
REF*PQ*577513560~
REF*TJ*550357045~
LX*1~
TS3*1417278656*22*20221231*3*642~
CLP*PRMH283063760*1*214*0**13*220117E211620000*22*1~
NM1*QC*1*YOHO*DONNA****MI*101325035700~
NM1*74*1******C*MEBPNJ1S~
NM1*82*2*REYNOLDS MEMORIAL HOSPITAL*****XX*1417278656~
REF*1L*467119-412~
REF*CE*GROUP MEDICARE SELECT PLAN NET 04227~
DTM*232*20210413~
DTM*233*20210413~
DTM*050*20220117~
PER*CX**TE*8006240756~
SVC*HC>99214*214*0**0**1~
DTM*472*20210413~
CAS*CO*29*214*1~
REF*6R*PRMH283063760-1~
CLP*PRMH283063970*1*214*97.16*5.11*13*220117E234130000*22*1~
NM1*QC*1*SANDRICK*JOSEPH*WILLIAM***MI*MEBPN32G~
NM1*82*2*REYNOLDS MEMORIAL HOSPITAL*****XX*1417278656~
REF*1L*467113-023~
REF*CE*GROUP MEDICARE SELECT PLAN NET 04227~
DTM*232*20210907~
DTM*233*20210907~
DTM*050*20220117~
PER*CX**TE*8006240756~
AMT*AU*214~
SVC*HC>99214*214*97.16**1~
DTM*472*20210907~
CAS*CO*45*111.73~
CAS*PR*2*5.11~
REF*6R*PRMH283063970-1~
AMT*B6*102.27~
LQ*HE*N59~
CLP*PRMH283064030*1*214*0**13*220117E255860000*22*1~
NM1*QC*1*FRIZZELL*ADRIAN*KENNETH***MI*MEBPN62S~
NM1*82*2*REYNOLDS MEMORIAL HOSPITAL*****XX*1417278656~
REF*1L*467119-412~
REF*CE*GROUP MEDICARE SELECT PLAN NET 04227~
DTM*232*20210304~
DTM*233*20210304~
DTM*050*20220117~
PER*CX**TE*8006240756~
SVC*HC>99214*214*0**0**1~
DTM*472*20210304~
CAS*CO*29*214*1~
REF*6R*PRMH283064030-1~
SE*62*1973~
GE*13*1~
IEA*1*100358959~
