ISA*00*          *00*          *ZZ*133052274      *ZZ*XXXXXXXXXXXXXXX*220119*0250*^*00501*100358959*0*P*>~
GS*HP*133052274*XX*20220119*0250*1*X*005010X221A1~
ST*835*0443~
BPR*H*0*C*NON************20220119~
TRN*1*922019000282809*1066033492~
REF*EV*XXXXXXXXXXXXXXXXXXXXXXXXXXXXXX~
DTM*405*20220119~
N1*PR*AETNA~
N3*151 FARMINGTON AVENUE~
N4*HARTFORD*CT*06156~
REF*2U*60054~
PER*BL*Provider Service~
N1*PE*MADISON COUNTY HOSPITAL*XX*1013362623~
N3*PO BOX 830810 MSC 616~
N4*BIRMINGHAM*AL*352830810~
REF*PQ*240712160~
REF*TJ*311657206~
LX*1~
TS3*1013362623*81*20221231*2*287~
CLP*MCH1110107374000*1*189*0**13*EJFCV8X530000*81*1~
NM1*QC*1*SCOTT*TAMMY*L***MI*14636095W~
NM1*74*1******C*W240193652~
NM1*82*2*MADISON COUNTY COMM HOSPITAL REFERENCE LAB*****XX*1013362623~
REF*1L*0895530-010-00101-AA~
REF*CE*Aetna HealthFund  Aetna Choice  POS II NET 00582~
DTM*232*20211122~
DTM*233*20211122~
DTM*050*20211130~
PER*CX**TE*8886323862~
AMT*AU*189~
SVC*HC>85045*63*0**0**1~
DTM*472*20211122~
CAS*CO*226*63*1~
REF*6R*MCCM0027409149-2~
AMT*B6*63~
LQ*HE*N517~
SVC*HC>85025*37*0**0**1~
DTM*472*20211122~
CAS*CO*226*37*1~
REF*6R*MCCM0027409149-3~
AMT*B6*37~
LQ*HE*N517~
SVC*HC>84466*35*0**0**1~
DTM*472*20211122~
CAS*CO*226*35*1~
REF*6R*MCCM0027409149-5~
AMT*B6*35~
LQ*HE*N517~
SVC*HC>83540*35*0**0**1~
DTM*472*20211122~
CAS*CO*226*35*1~
REF*6R*MCCM0027409149-4~
AMT*B6*35~
LQ*HE*N517~
SVC*HC>36415*19*0**0**1~
DTM*472*20211122~
CAS*CO*226*19*1~
REF*6R*MCCM0027409149-1~
AMT*B6*19~
LQ*HE*N517~
CLP*MCH1110107637301*1*98*0**13*EJFCV8X540000*81*1~
NM1*QC*1*SCOTT*TAMMY*L***MI*14636095W~
NM1*74*1******C*W240193652~
NM1*82*2*MADISON COUNTY COMM HOSPITAL REFERENCE LAB*****XX*1013362623~
REF*1L*0895530-010-00101-AA~
REF*CE*Aetna HealthFund  Aetna Choice  POS II NET 00582~
DTM*232*20211124~
DTM*233*20211124~
DTM*050*20211130~
PER*CX**TE*8886323862~
AMT*AU*98~
SVC*HC>84165*79*0**0**1~
DTM*472*20211124~
CAS*CO*226*79*1~
REF*6R*MCCM0027416144-2~
AMT*B6*79~
LQ*HE*N517~
SVC*HC>36415*19*0**0**1~
DTM*472*20211124~
CAS*CO*226*19*1~
REF*6R*MCCM0027416144-1~
AMT*B6*19~
LQ*HE*N517~
SE*82*0443~
ST*835*0444~
BPR*I*9104.25*C*ACH*CCP*01*011900445*DA*0000009046*1066033492**01*062001186*DA*6749207939*20220124~
TRN*1*822019000282813*1066033492~
REF*EV*XXXXXXXXXXXXXXXXXXXXXXXXXXXXXX~
DTM*405*20220119~
N1*PR*AETNA~
N3*151 FARMINGTON AVENUE~
N4*HARTFORD*CT*06156~
REF*2U*60054~
PER*BL*Provider Service~
N1*PE*MADISON COUNTY HOSPITAL*XX*1982710703~
N3*PO BOX 830810 MSC 616~
N4*BIRMINGHAM*AL*352830810~
REF*PQ*240712160~
REF*TJ*311657206~
LX*1~
TS3*1982710703*11*20221231*4*16139~
CLP*MCH1110105478600*1*638*464.25**13*ESFCTC14F0000*13*1~
NM1*QC*1*FORTE-KING*NICKI*R***MI*W256463970~
NM1*74*1*KING*ERIK*E~
NM1*82*2*MADISON COUNTY HOSPITAL*****XX*1982710703~
REF*1L*0109143-010-00001- F~
REF*CE*Aetna Choice  POS II NET 00582~
DTM*232*20211025~
DTM*233*20211025~
DTM*050*20211103~
PER*CX**TE*8886323862~
AMT*AU*638~
SVC*HC>36415*19*0*0300*0**1~
DTM*472*20211025~
CAS*CO*97*19*1~
REF*6R*MCH1110105478600-1~
AMT*B6*14.25~
LQ*HE*N19~
SVC*HC>84478*66*49.5*0301*1~
DTM*472*20211025~
CAS*CO*45*16.5~
REF*6R*MCH1110105478600-10~
AMT*B6*49.5~
SVC*HC>84460*59*44.25*0301*1~
DTM*472*20211025~
CAS*CO*45*14.75~
REF*6R*MCH1110105478600-9~
AMT*B6*44.25~
SVC*HC>84450*56*42*0301*1~
DTM*472*20211025~
CAS*CO*45*14~
REF*6R*MCH1110105478600-8~
AMT*B6*42~
SVC*HC>84075*57*42.75*0301*1~
DTM*472*20211025~
CAS*CO*45*14.25~
REF*6R*MCH1110105478600-7~
AMT*B6*42.75~
SVC*HC>83735*45*33.75*0301*1~
DTM*472*20211025~
CAS*CO*45*11.25~
REF*6R*MCH1110105478600-6~
AMT*B6*33.75~
SVC*HC>82465*21*15.75*0301*1~
DTM*472*20211025~
CAS*CO*45*5.25~
REF*6R*MCH1110105478600-5~
AMT*B6*15.75~
SVC*HC>82247*66*49.5*0301*1~
DTM*472*20211025~
CAS*CO*45*16.5~
REF*6R*MCH1110105478600-4~
AMT*B6*49.5~
SVC*HC>80197*169*126.75*0301*1~
DTM*472*20211025~
CAS*CO*45*42.25~
REF*6R*MCH1110105478600-3~
AMT*B6*126.75~
SVC*HC>80069*50*37.5*0301*1~
DTM*472*20211025~
CAS*CO*45*12.5~
REF*6R*MCH1110105478600-2~
AMT*B6*37.5~
SVC*HC>85027*30*22.5*0305*1~
DTM*472*20211025~
CAS*CO*45*7.5~
REF*6R*MCH1110105478600-11~
AMT*B6*22.5~
CLP*MCH1110108146500*1*8381.3*4828.78*1457.27*13*E6Y1T51950000*11*1~
NM1*QC*1*SPARROW*MARY*K***MI*W246123133~
NM1*82*2*MADISON COUNTY HOSPITAL*****XX*1982710703~
MIA*0****MA15~
REF*G1*060615935~
REF*1L*0737374-014-00001-AB~
REF*CE*Aetna Choice  POS II NET 00582~
DTM*232*20211203~
DTM*233*20211205~
DTM*050*20211216~
PER*CX**TE*8886323862~
AMT*I*16.67~
AMT*AU*8381.3~
SVC*NU>0120*2304*1182.4**2~
DTM*150*20211203~
DTM*151*20211204~
CAS*CO*45*576~
CAS*PR*2*295.6**3*250~
REF*6R*MCH1110108146500-1~
AMT*B6*1728~
SVC*NU>0450*4533*2719.8**1~
DTM*150*20211203~
DTM*151*20211205~
CAS*CO*45*1133.25~
CAS*PR*2*679.95~
REF*6R*MCH1110108146500-10~
AMT*B6*3399.75~
SVC*NU>0636*924.7*554.82**100~
DTM*150*20211203~
DTM*151*20211205~
CAS*CO*45*231.17~
CAS*PR*2*138.71~
REF*6R*MCH1110108146500-11~
AMT*B6*693.53~
SVC*NU>0636*45.9*27.54**1~
DTM*150*20211203~
DTM*151*20211205~
CAS*CO*45*11.47~
CAS*PR*2*6.89~
REF*6R*MCH1110108146500-12~
AMT*B6*34.43~
SVC*NU>0636*16*9.6**8~
DTM*150*20211203~
DTM*151*20211205~
CAS*CO*45*4~
CAS*PR*2*2.4~
REF*6R*MCH1110108146500-13~
AMT*B6*12~
SVC*NU>0636*42.9*25.74**3~
DTM*150*20211203~
DTM*151*20211205~
CAS*CO*45*10.72~
CAS*PR*2*6.44~
REF*6R*MCH1110108146500-14~
AMT*B6*32.18~
SVC*NU>0636*42.9*25.74**3~
DTM*150*20211203~
DTM*151*20211205~
CAS*CO*45*10.72~
CAS*PR*2*6.44~
REF*6R*MCH1110108146500-15~
AMT*B6*32.18~
SVC*NU>0636*42.9*25.74**3~
DTM*150*20211203~
DTM*151*20211205~
CAS*CO*45*10.72~
CAS*PR*2*6.44~
REF*6R*MCH1110108146500-16~
AMT*B6*32.18~
SVC*NU>0636*42.9*25.74**3~
DTM*150*20211203~
DTM*151*20211205~
CAS*CO*45*10.72~
CAS*PR*2*6.44~
REF*6R*MCH1110108146500-17~
AMT*B6*32.18~
SVC*NU>0636*42.9*25.74**3~
DTM*150*20211203~
DTM*151*20211205~
CAS*CO*45*10.72~
CAS*PR*2*6.44~
REF*6R*MCH1110108146500-18~
AMT*B6*32.18~
SVC*NU>0636*42.9*25.74**3~
DTM*150*20211203~
DTM*151*20211205~
CAS*CO*45*10.72~
CAS*PR*2*6.44~
REF*6R*MCH1110108146500-19~
AMT*B6*32.18~
SVC*NU>0636*42.9*25.74**3~
DTM*150*20211203~
DTM*151*20211205~
CAS*CO*45*10.72~
CAS*PR*2*6.44~
REF*6R*MCH1110108146500-20~
AMT*B6*32.18~
SVC*NU>0636*42.9*25.74**3~
DTM*150*20211203~
DTM*151*20211205~
CAS*CO*45*10.72~
CAS*PR*2*6.44~
REF*6R*MCH1110108146500-21~
AMT*B6*32.18~
SVC*NU>0636*42.9*25.74**3~
DTM*150*20211203~
DTM*151*20211205~
CAS*CO*45*10.72~
CAS*PR*2*6.44~
REF*6R*MCH1110108146500-22~
AMT*B6*32.18~
SVC*NU>0636*42.9*25.74**3~
DTM*150*20211203~
DTM*151*20211205~
CAS*CO*45*10.72~
CAS*PR*2*6.44~
REF*6R*MCH1110108146500-23~
AMT*B6*32.18~
SVC*NU>0636*42.9*25.74**3~
DTM*150*20211203~
DTM*151*20211205~
CAS*CO*45*10.72~
CAS*PR*2*6.44~
REF*6R*MCH1110108146500-24~
AMT*B6*32.18~
SVC*NU>0636*42.9*25.74**3~
DTM*150*20211203~
DTM*151*20211205~
CAS*CO*45*10.72~
CAS*PR*2*6.44~
REF*6R*MCH1110108146500-25~
AMT*B6*32.18~
SVC*NU>0636*42.9*25.74**3~
DTM*150*20211203~
DTM*151*20211205~
CAS*CO*45*10.72~
CAS*PR*2*6.44~
REF*6R*MCH1110108146500-26~
AMT*B6*32.18~
CLP*MCH1110108146500*1*6302.5*3781.5*945.39*13*E6Y1T51950001*11*1~
NM1*QC*1*SPARROW*MARY*K***MI*W246123133~
NM1*82*2*MADISON COUNTY HOSPITAL*****XX*1982710703~
MIA*0****MA15~
REF*G1*060615935~
REF*1L*0737374-014-00001-AB~
REF*CE*Aetna Choice  POS II NET 00582~
DTM*232*20211203~
DTM*233*20211205~
DTM*050*20211216~
PER*CX**TE*8886323862~
AMT*I*13.05~
AMT*AU*6302.5~
SVC*NU>0636*52.5*31.5**3~
DTM*150*20211203~
DTM*151*20211205~
CAS*CO*45*13.12~
CAS*PR*2*7.88~
REF*6R*MCH1110108146500-27~
AMT*B6*39.38~
SVC*NU>0636*70*42**4~
DTM*150*20211203~
DTM*151*20211205~
CAS*CO*45*17.5~
CAS*PR*2*10.5~
REF*6R*MCH1110108146500-28~
AMT*B6*52.5~
SVC*NU>0636*25.9*15.54**2~
DTM*150*20211203~
DTM*151*20211205~
CAS*CO*45*6.47~
CAS*PR*2*3.89~
REF*6R*MCH1110108146500-29~
AMT*B6*19.43~
SVC*NU>0636*25*15**1~
DTM*150*20211203~
DTM*151*20211205~
CAS*CO*45*6.25~
CAS*PR*2*3.75~
REF*6R*MCH1110108146500-30~
AMT*B6*18.75~
SVC*NU>0636*25*15**1~
DTM*150*20211203~
DTM*151*20211205~
CAS*CO*45*6.25~
CAS*PR*2*3.75~
REF*6R*MCH1110108146500-31~
AMT*B6*18.75~
SVC*NU>0636*25*15**1~
DTM*150*20211203~
DTM*151*20211205~
CAS*CO*45*6.25~
CAS*PR*2*3.75~
REF*6R*MCH1110108146500-32~
AMT*B6*18.75~
SVC*NU>0636*132.5*79.5**8~
DTM*150*20211203~
DTM*151*20211205~
CAS*CO*45*33.12~
CAS*PR*2*19.88~
REF*6R*MCH1110108146500-33~
AMT*B6*99.38~
SVC*NU>0636*198.6*119.16**12~
DTM*150*20211203~
DTM*151*20211205~
CAS*CO*45*49.65~
CAS*PR*2*29.79~
REF*6R*MCH1110108146500-34~
AMT*B6*148.95~
SVC*NU>0636*5.4*3.24**4~
DTM*150*20211203~
DTM*151*20211205~
CAS*CO*45*1.35~
CAS*PR*2*.81~
REF*6R*MCH1110108146500-35~
AMT*B6*4.05~
SVC*NU>0250*366.8*220.08**42~
DTM*150*20211203~
DTM*151*20211205~
CAS*CO*45*91.7~
CAS*PR*2*55.02~
REF*6R*MCH1110108146500-2~
AMT*B6*275.1~
SVC*NU>0350*1595*957**1~
DTM*150*20211203~
DTM*151*20211205~
CAS*CO*45*398.75~
CAS*PR*2*239.25~
REF*6R*MCH1110108146500-9~
AMT*B6*1196.25~
SVC*NU>0258*102.8*61.68**19~
DTM*150*20211203~
DTM*151*20211205~
CAS*CO*45*25.7~
CAS*PR*2*15.42~
REF*6R*MCH1110108146500-3~
AMT*B6*77.1~
SVC*NU>0270*313*187.8**2~
DTM*150*20211203~
DTM*151*20211205~
CAS*CO*45*78.25~
CAS*PR*2*46.95~
REF*6R*MCH1110108146500-4~
AMT*B6*234.75~
SVC*NU>0324*830*498**2~
DTM*150*20211203~
DTM*151*20211205~
CAS*CO*45*207.5~
CAS*PR*2*124.5~
REF*6R*MCH1110108146500-8~
AMT*B6*622.5~
SVC*NU>0730*746*447.6**2~
DTM*150*20211203~
DTM*151*20211205~
CAS*CO*45*186.5~
CAS*PR*2*111.9~
REF*6R*MCH1110108146500-36~
AMT*B6*559.5~
SVC*NU>0301*790*474**10~
DTM*150*20211203~
DTM*151*20211205~
CAS*CO*45*197.5~
CAS*PR*2*118.5~
REF*6R*MCH1110108146500-5~
AMT*B6*592.5~
SVC*NU>0305*415*249**8~
DTM*150*20211203~
DTM*151*20211205~
CAS*CO*45*103.75~
CAS*PR*2*62.25~
REF*6R*MCH1110108146500-6~
AMT*B6*311.25~
SVC*NU>0306*584*350.4**4~
DTM*150*20211203~
DTM*151*20211205~
CAS*CO*45*146~
CAS*PR*2*87.6~
REF*6R*MCH1110108146500-7~
AMT*B6*438~
CLP*MCH1110107307800*1*817.2*0*817.2*13*E8Y1TT8Z90000*13*1~
NM1*QC*1*BARNHART*AUSTIN~
NM1*IL*1*BARNHART*SHAWN****MI*W162233927~
NM1*82*2*MADISON COUNTY HOSPITAL*****XX*1982710703~
REF*1L*0849834-011-00002- P~
REF*CE*Aetna Choice  POS II NET 00582~
DTM*232*20211120~
DTM*233*20211121~
DTM*050*20211130~
PER*CX**TE*8886323862~
AMT*AU*817.2~
SVC*NU>0250*64.2*0**0**1~
DTM*472*20211121~
CAS*PR*227*64.2*1~
REF*6R*MCH1110107307800-1~
AMT*B6*64.2~
LQ*HE*N179~
LQ*HE*N20~
SVC*HC>99282*753*0*0450*0**1~
DTM*472*20211120~
CAS*PR*227*753*1~
REF*6R*MCH1110107307800-2~
AMT*B6*753~
LQ*HE*MA04~
LQ*HE*N179~
PLB*1982710703*20221231*L6*-29.72~
SE*389*0444~
ST*835*0445~
BPR*I*66.72*C*ACH*CCP*01*031100209*DA*0000009108*1066033492**01*062001186*DA*6749207939*20220124~
TRN*1*822019000282811*1066033492~
REF*EV*XXXXXXXXXXXXXXXXXXXXXXXXXXXXXX~
DTM*405*20220119~
N1*PR*AETNA~
N3*151 FARMINGTON AVENUE~
N4*HARTFORD*CT*06156~
REF*2U*60054~
PER*BL*Provider Service~
N1*PE*MADISON COUNTY HOSPITAL*XX*1982710703~
N3*PO BOX 830810 MSC 616~
N4*BIRMINGHAM*AL*352830810~
REF*PQ*240712160~
REF*TJ*311657206~
LX*1~
TS3*1982710703*22*20221231*1*710~
CLP*MCH1110107870101*2*710*66.72**12*E0FCT84SJ0000*13*1~
NM1*QC*1*WESER*RONALD*K***MI*W169697179~
NM1*82*2*MADISON COUNTY HOSPITAL*****XX*1982710703~
REF*1L*0863796-011-00250-BM~
REF*CE*Aetna HealthFund  Open Choice  PPO NET 00073~
DTM*232*20211129~
DTM*233*20211129~
DTM*050*20211228~
PER*CX**TE*8886323862~
AMT*AU*710~
SVC*HC>11042*710*66.72*0490*1~
DTM*472*20211129~
CAS*OA*23*643.28~
REF*6R*MCH1110107870101-1~
AMT*B6*333.6~
SE*33*0445~
ST*835*1713~
BPR*H*0*C*NON************20220118~
TRN*1*FC9220190008738*1066033492~
REF*EV*XXXXXXXXXXXXXXXXXXXXXXXXXXXXXX~
DTM*405*20220119~
N1*PR*AETNA~
N3*151 FARMINGTON AVENUE~
N4*HARTFORD*CT*06156~
REF*2U*60054~
PER*BL*Provider Service~
N1*PE*MADISON COUNTY HOSPITAL*XX*1982710703~
N3*PO BOX 713214~
N4*CINCINNATI*OH*452713214~
REF*PQ*240712160~
REF*TJ*311657206~
LX*1~
TS3*1982710703*13*20221231*2*0~
CLP*MCH111010856480*22*-3864*0**13*220106E131380002~
NM1*QC*1*HILDEBRAND*JOYCE*B***MI*MEBD59MX~
NM1*82*2*MADISON COUNTY HOSPITAL*****XX*1982710703~
REF*1L*455716-057~
REF*CE*STRS PPO PLAN NET 02101~
DTM*232*20211210~
DTM*233*20211210~
DTM*050*20220106~
PER*CX**TE*8006240756~
SVC*HC>93306*-2365*0*0483*0**1~
DTM*472*20211210~
CAS*CO*96*-2365*1~
LQ*HE*N115~
LQ*HE*N694~
SVC*HC>93880*-1499*0*0921*0**1~
DTM*472*20211210~
CAS*CO*96*-1499*1~
LQ*HE*N115~
LQ*HE*N694~
CLP*MCH1110108564800*1*3864*0**13*220115E056730000*13*7~
NM1*QC*1*HILDEBRAND*JOYCE*B***MI*MEBD59MX~
NM1*82*2*MADISON COUNTY HOSPITAL*****XX*1982710703~
REF*1L*455716-057~
REF*CE*STRS PPO PLAN NET 03418~
DTM*232*20211210~
DTM*233*20211210~
DTM*050*20220115~
PER*CX**TE*8006240756~
SVC*HC>93306*2365*0*0483*0**1~
DTM*472*20211210~
CAS*CO*96*2365*1~
REF*6R*MCH1110108564800-1~
LQ*HE*MA67~
LQ*HE*N115~
SVC*HC>93880*1499*0*0921*0**1~
DTM*472*20211210~
CAS*CO*96*1499*1~
REF*6R*MCH1110108564800-2~
LQ*HE*MA67~
LQ*HE*N115~
SE*58*1713~
GE*4*1~
IEA*1*100358959~
