ISA*00*          *00*          *ZZ*133052274      *ZZ*XXXXXXXXXXXXXXX*220119*0250*^*00501*100358959*0*P*>~
GS*HP*133052274*XX*20220119*0250*1*X*005010X221A1~
ST*835*0586~
BPR*I*26.3*C*ACH*CCP*01*011900445*DA*0000009046*1066033492**01*011103093*DA*4323829105*20220124~
TRN*1*822019000315837*1066033492~
REF*EV*XXXXXXXXXXXXXXXXXXXXXXXXXXXXXX~
DTM*405*20220119~
N1*PR*AETNA~
N3*151 FARMINGTON AVENUE~
N4*HARTFORD*CT*06156~
REF*2U*60054~
PER*BL*Provider Service~
N1*PE*ANMED HEALTH*XX*1003841461~
N3*PO BOX 100174~
N4*COLUMBIA*SC*292023174~
REF*PQ*300335200~
REF*TJ*570359174~
LX*1~
TS3*1356361455*11*20221231*4*171~
CLP*P1035423700*22*-32*0**13*EFPCQJHR70000*11*1~
NM1*QC*1*CAMPBELL*BRANDIE*W~
NM1*IL*1*CAMPBELL*JOHN*W**JR*MI*W001489180~
NM1*82*1*CLINE*MATTHEW*K***XX*1003841461~
REF*1L*0469677-026-00001-TD~
REF*CE*Aetna Choice  POS II NET 00608~
DTM*232*20210311~
DTM*233*20210311~
DTM*050*20210312~
PER*CX**TE*8886323862~
SVC*HC>0001A*-32*0**0**1~
DTM*472*20210311~
CAS*PR*177*-32*1~
REF*6R*AMAH0010814384-1~
LQ*HE*N179~
LQ*HE*N375~
CLP*P1035423700*1*32*26.3**13*EFPCQJHR70001*11*1~
NM1*QC*1*CAMPBELL*BRANDIE*W~
NM1*IL*1*CAMPBELL*JOHN*W**JR*MI*W001489180~
NM1*82*1*CLINE*MATTHEW*K***XX*1003841461~
REF*1L*0469677-026-00001-TD~
REF*CE*Aetna Choice  POS II NET 00608~
REF*F8*EFPCQJHR70000~
DTM*232*20210311~
DTM*233*20210311~
DTM*050*20220104~
PER*CX**TE*8886323862~
AMT*AU*32~
SVC*HC>0001A*32*26.3**1~
DTM*472*20210311~
CAS*CO*45*5.7~
REF*6R*AMAH0010814384-1~
AMT*B6*26.3~
CLP*P1042328320*1*154*0*154*13*EGJMV67KR0000*11*1~
NM1*QC*1*MORRIS*NATAJAH*N~
NM1*IL*1*PHILLIPS*NATASHA*N***MI*W239581659~
NM1*82*1*CLINE*MATTHEW*K***XX*1003841461~
REF*1L*0868560-036-00001-BY~
REF*CE*Aetna Choice  POS II NET 00608~
DTM*232*20211101~
DTM*233*20211101~
DTM*050*20211129~
PER*CX**TE*8886323862~
AMT*AU*154~
SVC*HC>99213*154*0**0**1~
DTM*472*20211101~
CAS*PR*227*154*1~
REF*6R*AMAH0012922705-1~
AMT*B6*154~
LQ*HE*MA04~
LQ*HE*N179~
CLP*P1042328330*1*17*0*17*13*EGJMV67NF0000*11*1~
NM1*QC*1*MORRIS*NATAJAH*N~
NM1*IL*1*PHILLIPS*NATASHA*N***MI*W239581659~
NM1*82*1*CLINE*MATTHEW*K***XX*1003841461~
REF*1L*0868560-036-00001-BY~
REF*CE*Aetna Choice  POS II NET 00608~
DTM*232*20211101~
DTM*233*20211101~
DTM*050*20211129~
PER*CX**TE*8886323862~
AMT*AU*17~
SVC*HC>36415*17*0**0**1~
DTM*472*20211101~
CAS*PR*227*17*1~
REF*6R*AMAH0012922706-1~
AMT*B6*17~
LQ*HE*MA04~
LQ*HE*N179~
LX*2~
TS3*1013123371*11*20221231*1*154~
CLP*P1042328310*1*154*0*154*13*EGACV7DDZ0000*11*1~
NM1*QC*1*MORRIS*NATAJAH*N~
NM1*IL*1*PHILLIPS*NATASHA*N***MI*W239581659~
NM1*82*1*DAVIS*AMANDA*S***XX*1003841461~
REF*1L*0868560-036-00001-BY~
REF*CE*Aetna Choice  POS II NET 00608~
DTM*232*20211029~
DTM*233*20211029~
DTM*050*20211129~
PER*CX**TE*8886323862~
AMT*AU*154~
SVC*HC>99213*154*0**0**1~
DTM*472*20211029~
CAS*PR*227*154*1~
REF*6R*AMAH0012922704-1~
AMT*B6*154~
LQ*HE*MA04~
LQ*HE*N179~
SE*107*0586~
ST*835*0587~
BPR*H*0*C*NON************20220119~
TRN*1*922019000315826*1066033492~
REF*EV*XXXXXXXXXXXXXXXXXXXXXXXXXXXXXX~
DTM*405*20220119~
N1*PR*AETNA~
N3*151 FARMINGTON AVENUE~
N4*HARTFORD*CT*06156~
REF*2U*60054~
PER*BL*Provider Service~
N1*PE*ANMED HEALTH*XX*1003841461~
N3*PO BOX 100174~
N4*COLUMBIA*SC*292023174~
REF*PQ*300335200~
REF*TJ*570359174~
LX*1~
TS3*1770711137*11*20221231*1*154~
CLP*P1039962911*1*154*0*154*12*EPACV7PR80000*11*1~
NM1*QC*1*HICKMON*BRILEY*C~
NM1*IL*1*BURNS*BRITTNEY*C***MI*W264487492~
NM1*82*1*MULROY*BRIAN*J***XX*1003841461~
REF*1L*0171386-010-00003-AC~
REF*CE*Open Choice NET 00550~
DTM*232*20210830~
DTM*233*20210830~
DTM*050*20211130~
PER*CX**TE*8886323862~
AMT*AU*154~
SVC*HC>99213*154*0**0**1~
DTM*472*20210830~
CAS*PR*227*154*1~
REF*6R*AMAH0012947341-1~
AMT*B6*154~
LQ*HE*MA04~
LQ*HE*N179~
SE*36*0587~
ST*835*0588~
BPR*H*0*C*NON************20220119~
TRN*1*922019000315828*1066033492~
REF*EV*XXXXXXXXXXXXXXXXXXXXXXXXXXXXXX~
DTM*405*20220119~
N1*PR*AETNA~
N3*151 FARMINGTON AVENUE~
N4*HARTFORD*CT*06156~
REF*2U*60054~
PER*BL*Provider Service~
N1*PE*ANMED HEALTH*XX*1023318383~
N3*PO BOX 100174~
N4*COLUMBIA*SC*292023174~
REF*PQ*300335200~
REF*TJ*570359174~
LX*1~
TS3*1326148529*11*20221231*2*423~
CLP*P1042328240*1*154*0**15*EGTXV7MZN0000*11*1~
NM1*QC*1*THOMPSON*BARBARA*S***MI*W001272594~
NM1*82*1*SPENCER*JILL****XX*1023318383~
REF*1L*0698493-019-00006-RC~
REF*CE*Traditional Choice~
DTM*232*20211108~
DTM*233*20211108~
DTM*050*20211129~
PER*CX**TE*8886323862~
AMT*F5*77~
AMT*AU*154~
SVC*HC>99213*154*0**0**1~
DTM*472*20211108~
CAS*PI*226*154*1~
REF*6R*AMAH0012924691-1~
AMT*B6*154~
LQ*HE*N517~
CLP*P1042377490*1*269*0**15*EQACV8GFJ0000*11*1~
NM1*QC*1*THOMPSON*BARBARA*S***MI*W001272594~
NM1*82*1*SPENCER*JILL****XX*1023318383~
REF*1L*0698493-019-00006-RC~
REF*CE*Traditional Choice~
DTM*232*20211129~
DTM*233*20211129~
DTM*050*20211130~
PER*CX**TE*8886323862~
AMT*AU*269~
SVC*HC>99214>25*219*0**0**1~
DTM*472*20211129~
CAS*PI*226*219*1~
REF*6R*AMAH0012950124-1~
AMT*B6*219~
LQ*HE*N517~
SVC*HC>90686*20*0**0**1~
DTM*472*20211129~
CAS*PI*226*20*1~
REF*6R*AMAH0012950124-2~
AMT*B6*20~
LQ*HE*N517~
SVC*HC>90471*30*0**0**1~
DTM*472*20211129~
CAS*PI*226*30*1~
REF*6R*AMAH0012950124-3~
AMT*B6*30~
LQ*HE*N517~
SE*63*0588~
ST*835*0589~
BPR*H*0*C*NON************20220119~
TRN*1*922019000315835*1066033492~
REF*EV*XXXXXXXXXXXXXXXXXXXXXXXXXXXXXX~
DTM*405*20220119~
N1*PR*AETNA~
N3*151 FARMINGTON AVENUE~
N4*HARTFORD*CT*06156~
REF*2U*60054~
PER*BL*Provider Service~
N1*PE*ANMED HEALTH*XX*1164789186~
N3*PO BOX 100174~
N4*COLUMBIA*SC*292023174~
REF*PQ*300335200~
REF*TJ*570359174~
LX*1~
TS3*1851398929*22*20221231*2*0~
CLP*P1033573473*22*-3126*-453.29**13*E136M2NWC0001*22*1~
CAS*OA*23*-501.19~
NM1*QC*1*ILITZKY*KARA*L~
NM1*IL*1*ILITZKY*RICHARD****MI*W224656979~
NM1*82*1*SEREY*THOMAS*J***XX*1164789186~
REF*1L*0209871-016-00001-CA~
REF*CE*Aetna Health Network Option  8480  (Open NET 04426~
DTM*232*20201125~
DTM*233*20201128~
DTM*050*20210121~
PER*CX**TE*8886323862~
AMT*I*-23.95~
SVC*HC>99220*-414*-297.26**1~
DTM*472*20201125~
CAS*CO*45*-116.74~
REF*6R*AMAH0010384900-3~
SVC*HC>52356>50*-2460*0**1~
DTM*472*20201126~
CAS*CO*45*-1783.83~
CAS*PR*1*-676.17~
REF*6R*AMAH0010384900-4~
SVC*HC>99224*-89*-63.69**1~
DTM*472*20201127~
CAS*CO*45*-25.31~
REF*6R*AMAH0010384900-2~
SVC*HC>99217*-163*-116.29**1~
DTM*472*20201128~
CAS*CO*45*-46.71~
REF*6R*AMAH0010384900-1~
CLP*P1033573473*1*3126*477.24*676.17*13*E136M2NWC0002*22*1~
NM1*QC*1*ILITZKY*KARA*L~
NM1*IL*1*ILITZKY*RICHARD****MI*W224656979~
NM1*82*1*SEREY*THOMAS*J***XX*1164789186~
REF*1L*0209871-016-00001-CA~
REF*CE*Aetna Health Network Option  8480  (Open NET 04426~
REF*F8*E136M2NWC0001~
DTM*232*20201125~
DTM*233*20201128~
DTM*050*20210121~
PER*CX**TE*8886323862~
AMT*I*23.95~
AMT*AU*3126~
SVC*HC>99220*414*297.26**1~
DTM*472*20201125~
CAS*CO*45*116.74~
REF*6R*AMAH0010384900-3~
AMT*B6*297.26~
SVC*HC>52356>50*2460*0**1~
DTM*472*20201126~
CAS*CO*45*1783.83~
CAS*PR*1*676.17~
REF*6R*AMAH0010384900-4~
AMT*B6*676.17~
SVC*HC>99224*89*63.69**1~
DTM*472*20201127~
CAS*CO*45*25.31~
REF*6R*AMAH0010384900-2~
AMT*B6*63.69~
SVC*HC>99217*163*116.29**1~
DTM*472*20201128~
CAS*CO*45*46.71~
REF*6R*AMAH0010384900-1~
AMT*B6*116.29~
PLB*1164789186*20221231*CS>offsets missing-incorrect pymt-level adj*23.95~
SE*82*0589~
ST*835*0590~
BPR*I*99.47*C*ACH*CCP*01*011900445*DA*0000009046*1066033492**01*011103093*DA*4323829105*20220124~
TRN*1*822019000315827*1066033492~
REF*EV*XXXXXXXXXXXXXXXXXXXXXXXXXXXXXX~
DTM*405*20220119~
N1*PR*AETNA~
N3*151 FARMINGTON AVENUE~
N4*HARTFORD*CT*06156~
REF*2U*60054~
PER*BL*Provider Service~
N1*PE*ANMED HEALTH*XX*1851701866~
N3*PO BOX 100174~
N4*COLUMBIA*SC*292023174~
REF*PQ*300335200~
REF*TJ*570359174~
LX*1~
TS3*1538421029*11*20221231*1*154~
CLP*P1043323860*1*154*99.47*40*12*EZACVDF200000*11*1~
NM1*QC*1*PITTS*TERESA****MI*W269320512~
NM1*82*1*SIDDIQUI*SHAZIA****XX*1851701866~
REF*1L*0174996-011-00002-AA~
REF*CE*Open Access Aetna Select  8480 NET 00636~
DTM*232*20220103~
DTM*233*20220103~
DTM*050*20220104~
PER*CX**TE*8886323862~
AMT*F5*40~
AMT*AU*154~
SVC*HC>99213*154*99.47**1~
DTM*472*20220103~
CAS*CO*45*14.53~
CAS*PR*3*40~
REF*6R*AMAH0013231870-1~
AMT*B6*139.47~
SE*35*0590~
ST*835*0591~
BPR*H*0*C*NON************20220119~
TRN*1*922019000315829*1066033492~
REF*EV*XXXXXXXXXXXXXXXXXXXXXXXXXXXXXX~
DTM*405*20220119~
N1*PR*AETNA~
N3*151 FARMINGTON AVENUE~
N4*HARTFORD*CT*06156~
REF*2U*60054~
PER*BL*Provider Service~
N1*PE*ANMED HEALTH*XX*1871914572~
N3*PO BOX 100174~
N4*COLUMBIA*SC*292023174~
REF*PQ*300335200~
REF*TJ*570359174~
LX*1~
TS3*1205856903*11*20221231*1*219~
CLP*P1042377480*1*219*0**15*EKJMV7ZDR0000*11*1~
NM1*QC*1*THOMPSON*BARBARA*S***MI*W001272594~
NM1*82*1*WEISE*KAREN*Y***XX*1871914572~
REF*1L*0698493-019-00006-RC~
REF*CE*Traditional Choice~
DTM*232*20211016~
DTM*233*20211016~
DTM*050*20211130~
PER*CX**TE*8886323862~
AMT*AU*219~
SVC*HC>99214>25*219*0**0**1~
DTM*472*20211016~
CAS*PI*226*219*1~
REF*6R*AMAH0012947679-1~
AMT*B6*219~
LQ*HE*N517~
SE*34*0591~
ST*835*0592~
BPR*H*0*C*NON************20220119~
TRN*1*922019000315830*1066033492~
REF*EV*XXXXXXXXXXXXXXXXXXXXXXXXXXXXXX~
DTM*405*20220119~
N1*PR*AETNA~
N3*151 FARMINGTON AVENUE~
N4*HARTFORD*CT*06156~
REF*2U*60054~
PER*BL*Provider Service~
N1*PE*ANMED HEALTH*XX*1871914572~
N3*PO BOX 100174~
N4*COLUMBIA*SC*292023174~
REF*PQ*300335200~
REF*TJ*570359174~
LX*1~
TS3*1396727574*11*20221231*1*235~
CLP*P1042377530*1*235*0*235*12*EJY1V7YQT0000*11*1~
NM1*QC*1*MARTINEZ*MARIELA****MI*W265239960~
NM1*82*1*MARTIN*MICHAEL*L***XX*1871914572~
REF*1L*0141870-016-00015-MG~
REF*CE*Aetna Open Access  Elect Choice NET 00636~
DTM*232*20211008~
DTM*233*20211008~
DTM*050*20211130~
PER*CX**TE*8886323862~
AMT*AU*235~
SVC*HC>99214*219*0**0**1~
DTM*472*20211008~
CAS*PR*227*219*1~
REF*6R*AMAH0012947712-1~
AMT*B6*219~
LQ*HE*MA04~
LQ*HE*N179~
SVC*HC>J1885*16*0**0**2~
DTM*472*20211008~
CAS*PR*227*16*2~
REF*6R*AMAH0012947712-2~
AMT*B6*16~
LQ*HE*MA04~
LQ*HE*N179~
SE*42*0592~
ST*835*0593~
BPR*I*99.47*C*ACH*CCP*01*011900445*DA*0000009046*1066033492**01*011103093*DA*4323829105*20220124~
TRN*1*822019000315831*1066033492~
REF*EV*XXXXXXXXXXXXXXXXXXXXXXXXXXXXXX~
DTM*405*20220119~
N1*PR*AETNA~
N3*151 FARMINGTON AVENUE~
N4*HARTFORD*CT*06156~
REF*2U*60054~
PER*BL*Provider Service~
N1*PE*ANMED HEALTH*XX*1942515366~
N3*PO BOX 100174~
N4*COLUMBIA*SC*292023174~
REF*PQ*300335200~
REF*TJ*570359174~
LX*1~
TS3*1801178900*11*20221231*1*154~
CLP*P1043323940*1*154*99.47*40*12*E7JMVG1DZ0000*11*1~
NM1*QC*1*ROWLEY*GINAVIEVE*T~
NM1*IL*1*ROWLEY*AMY*T***MI*W269319846~
NM1*82*1*WITRICK*MEGAN*L***XX*1942515366~
REF*1L*0174996-011-00002-AA~
REF*CE*Open Access Aetna Select  8480 NET 00636~
DTM*232*20220103~
DTM*233*20220103~
DTM*050*20220104~
PER*CX**TE*8886323862~
AMT*F5*40~
AMT*AU*154~
SVC*HC>99213*154*99.47**1~
DTM*472*20220103~
CAS*CO*45*14.53~
CAS*PR*3*40~
REF*6R*AMAH0013231227-1~
AMT*B6*139.47~
SE*36*0593~
ST*835*1453~
BPR*I*35483.15*C*ACH*CCP*01*031100209*DA*0038865237*1066033492**01*011103093*DA*4323829105*20220121~
TRN*1*160118220237464*1066033492~
REF*EV*XXXXXXXXXXXXXXXXXXXXXXXXXXXXXX~
DTM*405*20220119~
N1*PR*AETNA~
N3*151 FARMINGTON AVENUE~
N4*HARTFORD*CT*06156~
REF*2U*60054~
PER*BL*Provider Service~
N1*PE*ANMED HEALTH*XX*1417919531~
N3*P.O. BOX 100174~
N4*COLUMBIA*SC*29202~
REF*PQ*300335200~
REF*TJ*570359174~
LX*1~
TS3*1417919531*11*20221231*22*238137.58~
CLP*200088972900*1*74236.89*6292.54*1460*13*211228E095300001*11*1**699*1.027~
NM1*QC*1*JONES*SHARON*Y***MI*MEBTWNHS~
NM1*82*2*ANMED HEALTH*****XX*1417919531~
REF*G1*2935485~
REF*1L*466870-062~
REF*CE*PREMIER PPO NET 05258~
DTM*232*20211211~
DTM*233*20211221~
DTM*050*20211228~
PER*CX**TE*8006240756~
AMT*AU*26460~
SVC*NU>0206*26460*6292.54**9~
DTM*150*20211211~
DTM*151*20211220~
CAS*CO*45*18707.46~
CAS*PR*3*1460~
REF*6R*AMHZ0013175810-2~
AMT*B6*7752.54~
SVC*NU>0160*1610*0**0**1~
DTM*150*20211211~
DTM*151*20211212~
CAS*CO*97*1610*1~
REF*6R*AMHZ0013175810-1~
LQ*HE*M2~
SVC*NU>0412*370*0**0**2~
DTM*150*20211211~
DTM*151*20211221~
CAS*CO*97*370*2~
REF*6R*AMHZ0013175810-12~
LQ*HE*M2~
SVC*NU>0450*2814*0**0**3~
DTM*150*20211211~
DTM*151*20211221~
CAS*CO*97*2814*3~
REF*6R*AMHZ0013175810-13~
LQ*HE*M2~
SVC*NU>0250*21600.89*0**0**524~
DTM*150*20211211~
DTM*151*20211221~
CAS*CO*97*21600.89*524~
REF*6R*AMHZ0013175810-3~
LQ*HE*M2~
SVC*NU>0258*1350*0**0**3~
DTM*150*20211211~
DTM*151*20211221~
CAS*CO*97*1350*3~
REF*6R*AMHZ0013175810-4~
LQ*HE*M2~
SVC*NU>0300*5181*0**0**21~
DTM*150*20211211~
DTM*151*20211221~
CAS*CO*97*5181*21~
REF*6R*AMHZ0013175810-5~
LQ*HE*M2~
SVC*NU>0301*2155*0**0**13~
DTM*150*20211211~
DTM*151*20211221~
CAS*CO*97*2155*13~
REF*6R*AMHZ0013175810-6~
LQ*HE*M2~
SVC*NU>0305*1730*0**0**10~
DTM*150*20211211~
DTM*151*20211221~
CAS*CO*97*1730*10~
REF*6R*AMHZ0013175810-7~
LQ*HE*M2~
SVC*NU>0306*206*0**0**2~
DTM*150*20211211~
DTM*151*20211221~
CAS*CO*97*206*2~
REF*6R*AMHZ0013175810-8~
LQ*HE*M2~
SVC*NU>0307*189*0**0**1~
DTM*150*20211211~
DTM*151*20211221~
CAS*CO*97*189*1~
REF*6R*AMHZ0013175810-9~
LQ*HE*M2~
SVC*NU>0320*1107*0**0**3~
DTM*150*20211211~
DTM*151*20211221~
CAS*CO*97*1107*3~
REF*6R*AMHZ0013175810-10~
LQ*HE*M2~
SVC*NU>0352*4331*0**0**1~
DTM*150*20211211~
DTM*151*20211221~
CAS*CO*97*4331*1~
REF*6R*AMHZ0013175810-11~
LQ*HE*M2~
SVC*NU>0483*2222*0**0**1~
DTM*150*20211211~
DTM*151*20211221~
CAS*CO*97*2222*1~
REF*6R*AMHZ0013175810-14~
LQ*HE*M2~
SVC*NU>0730*744*0**0**2~
DTM*150*20211211~
DTM*151*20211221~
CAS*CO*97*744*2~
REF*6R*AMHZ0013175810-15~
LQ*HE*M2~
SVC*NU>0921*2167*0**0**2~
DTM*150*20211211~
DTM*151*20211221~
CAS*CO*97*2167*2~
REF*6R*AMHZ0013175810-16~
LQ*HE*M2~
CLP*200089666700*1*20353*7936.41*730*13*220103E457020000*11*1**177*1.8491~
NM1*QC*1*SIMPSON*EVELYN*B***MI*MEBSCCHN~
NM1*82*2*ANMED HEALTH*****XX*1417919531~
REF*G1*3036433~
REF*1L*467613-003~
REF*CE*PREMIER PLUS PPO NET 05258~
DTM*232*20211226~
DTM*233*20211228~
DTM*050*20220103~
PER*CX**TE*8006240756~
AMT*AU*3220~
SVC*NU>0110*3220*7936.41**2~
DTM*150*20211226~
DTM*151*20211228~
CAS*CO*45*-5446.41~
CAS*PR*3*730~
REF*6R*AMHZ0013214368-1~
AMT*B6*8666.41~
SVC*NU>0410*532*0**0**2~
DTM*150*20211226~
DTM*151*20211228~
CAS*CO*97*532*2~
REF*6R*AMHZ0013214368-12~
LQ*HE*M2~
SVC*NU>0450*3245*0**0**3~
DTM*150*20211226~
DTM*151*20211228~
CAS*CO*97*3245*3~
REF*6R*AMHZ0013214368-15~
LQ*HE*M2~
SVC*NU>0250*3687*0**0**72~
DTM*150*20211226~
DTM*151*20211228~
CAS*CO*97*3687*72~
REF*6R*AMHZ0013214368-2~
LQ*HE*M2~
SVC*NU>0258*2700*0**0**6~
DTM*150*20211226~
DTM*151*20211228~
CAS*CO*97*2700*6~
REF*6R*AMHZ0013214368-3~
LQ*HE*M2~
SVC*NU>0300*2619*0**0**10~
DTM*150*20211226~
DTM*151*20211228~
CAS*CO*97*2619*10~
REF*6R*AMHZ0013214368-4~
LQ*HE*M2~
SVC*NU>0301*313*0**0**3~
DTM*150*20211226~
DTM*151*20211228~
CAS*CO*97*313*3~
REF*6R*AMHZ0013214368-5~
LQ*HE*M2~
SVC*NU>0302*178*0**0**1~
DTM*150*20211226~
DTM*151*20211228~
CAS*CO*97*178*1~
REF*6R*AMHZ0013214368-6~
LQ*HE*M2~
SVC*NU>0305*887*0**0**4~
DTM*150*20211226~
DTM*151*20211228~
CAS*CO*97*887*4~
REF*6R*AMHZ0013214368-7~
LQ*HE*M2~
SVC*NU>0306*727*0**0**3~
DTM*150*20211226~
DTM*151*20211228~
CAS*CO*97*727*3~
REF*6R*AMHZ0013214368-8~
LQ*HE*M2~
SVC*NU>0307*189*0**0**1~
DTM*150*20211226~
DTM*151*20211228~
CAS*CO*97*189*1~
REF*6R*AMHZ0013214368-9~
LQ*HE*M2~
SVC*NU>0320*369*0**0**1~
DTM*150*20211226~
DTM*151*20211228~
CAS*CO*97*369*1~
REF*6R*AMHZ0013214368-10~
LQ*HE*M2~
SVC*NU>0402*396*0**0**1~
DTM*150*20211226~
DTM*151*20211228~
CAS*CO*97*396*1~
REF*6R*AMHZ0013214368-11~
LQ*HE*M2~
SVC*NU>0420*334*0**0**2~
DTM*150*20211226~
DTM*151*20211228~
CAS*CO*97*334*2~
REF*6R*AMHZ0013214368-13~
LQ*HE*M2~
SVC*NU>0424*269*0**0**1~
DTM*150*20211226~
DTM*151*20211228~
CAS*CO*97*269*1~
REF*6R*AMHZ0013214368-14~
LQ*HE*M2~
SVC*NU>0460*316*0**0**2~
DTM*150*20211226~
DTM*151*20211228~
CAS*CO*97*316*2~
REF*6R*AMHZ0013214368-16~
LQ*HE*M2~
SVC*NU>0730*372*0**0**1~
DTM*150*20211226~
DTM*151*20211228~
CAS*CO*97*372*1~
REF*6R*AMHZ0013214368-17~
LQ*HE*M2~
CLP*200089493000*1*63835.44*9055.08*1460*13*220103E660620000*11*1**964*1.4918~
NM1*QC*1*NOVIKOV*VITALY****MI*MEBTDKPX~
NM1*82*2*ANMED HEALTH*****XX*1417919531~
REF*G1*2992920~
REF*1L*466870-062~
REF*CE*PREMIER PPO NET 05258~
DTM*232*20211221~
DTM*233*20211228~
DTM*050*20220103~
PER*CX**TE*8006240756~
AMT*AU*9660~
SVC*NU>0110*9660*9055.08**6~
DTM*150*20211221~
DTM*151*20211227~
CAS*CO*45*-855.08~
CAS*PR*3*1460~
REF*6R*AMHZ0013214089-1~
AMT*B6*10515.08~
SVC*NU>0160*1610*0**0**1~
DTM*150*20211227~
DTM*151*20211228~
CAS*CO*97*1610*1~
REF*6R*AMHZ0013214089-2~
LQ*HE*M2~
SVC*NU>0450*3824*0**0**6~
DTM*150*20211221~
DTM*151*20211228~
CAS*CO*97*3824*6~
REF*6R*AMHZ0013214089-18~
LQ*HE*M2~
SVC*NU>0250*7444.44*0**0**551~
DTM*150*20211221~
DTM*151*20211228~
CAS*CO*97*7444.44*551~
REF*6R*AMHZ0013214089-3~
LQ*HE*M2~
SVC*NU>0258*7200*0**0**16~
DTM*150*20211221~
DTM*151*20211228~
CAS*CO*97*7200*16~
REF*6R*AMHZ0013214089-4~
LQ*HE*M2~
SVC*NU>0300*2354*0**0**12~
DTM*150*20211221~
DTM*151*20211228~
CAS*CO*97*2354*12~
REF*6R*AMHZ0013214089-5~
LQ*HE*M2~
SVC*NU>0301*807*0**0**6~
DTM*150*20211221~
DTM*151*20211228~
CAS*CO*97*807*6~
REF*6R*AMHZ0013214089-6~
LQ*HE*M2~
SVC*NU>0302*615*0**0**5~
DTM*150*20211221~
DTM*151*20211228~
CAS*CO*97*615*5~
REF*6R*AMHZ0013214089-7~
LQ*HE*M2~
SVC*NU>0305*1537*0**0**8~
DTM*150*20211221~
DTM*151*20211228~
CAS*CO*97*1537*8~
REF*6R*AMHZ0013214089-8~
LQ*HE*M2~
SVC*NU>0306*412*0**0**4~
DTM*150*20211221~
DTM*151*20211228~
CAS*CO*97*412*4~
REF*6R*AMHZ0013214089-9~
LQ*HE*M2~
SVC*NU>0320*3976*0**0**10~
DTM*150*20211221~
DTM*151*20211228~
CAS*CO*97*3976*10~
REF*6R*AMHZ0013214089-10~
LQ*HE*M2~
SVC*NU>0351*2310*0**0**1~
DTM*150*20211221~
DTM*151*20211228~
CAS*CO*97*2310*1~
REF*6R*AMHZ0013214089-11~
LQ*HE*M2~
SVC*NU>0352*10120*0**0**3~
DTM*150*20211221~
DTM*151*20211228~
CAS*CO*97*10120*3~
REF*6R*AMHZ0013214089-12~
LQ*HE*M2~
SVC*NU>0402*396*0**0**1~
DTM*150*20211221~
DTM*151*20211228~
CAS*CO*97*396*1~
REF*6R*AMHZ0013214089-13~
LQ*HE*M2~
SVC*NU>0420*2492*0**0**15~
DTM*150*20211221~
DTM*151*20211228~
CAS*CO*97*2492*15~
REF*6R*AMHZ0013214089-14~
LQ*HE*M2~
SVC*NU>0424*269*0**0**1~
DTM*150*20211221~
DTM*151*20211228~
CAS*CO*97*269*1~
REF*6R*AMHZ0013214089-15~
LQ*HE*M2~
SVC*NU>0430*991*0**0**6~
DTM*150*20211221~
DTM*151*20211228~
CAS*CO*97*991*6~
REF*6R*AMHZ0013214089-16~
LQ*HE*M2~
SVC*NU>0434*269*0**0**1~
DTM*150*20211221~
DTM*151*20211228~
CAS*CO*97*269*1~
REF*6R*AMHZ0013214089-17~
LQ*HE*M2~
SVC*NU>0683*7177*0**0**1~
DTM*150*20211221~
DTM*151*20211228~
CAS*CO*97*7177*1~
REF*6R*AMHZ0013214089-19~
LQ*HE*M2~
SVC*NU>0730*372*0**0**1~
DTM*150*20211221~
DTM*151*20211228~
CAS*CO*97*372*1~
REF*6R*AMHZ0013214089-20~
LQ*HE*M2~
CLP*500093296800*22*-18929.29*-4127.61**13*220105E112600005~
NM1*QC*1*DEXTER*RUBY*A***MI*MEBT1S1W~
NM1*82*2*ANMED HEALTH*****XX*1417919531~
REF*1L*466870-062~
REF*CE*PREMIER PPO NET 00550~
DTM*232*20211227~
DTM*233*20211227~
DTM*050*20220105~
PER*CX**TE*8006240756~
SVC*HC>G0463>25*-178*-110.82*0510*1~
DTM*472*20211227~
CAS*CO*45*-67.18~
LQ*HE*N59~
LQ*HE*N694~
SVC*HC>80053*-81*0*0300*0**1~
DTM*472*20211227~
CAS*CO*97*-81*1~
LQ*HE*N130~
LQ*HE*N694~
SVC*HC>85025*-49*0*0305*0**1~
DTM*472*20211227~
CAS*CO*97*-49*1~
LQ*HE*N130~
LQ*HE*N694~
SVC*HC>J3490*-450*0*0258*0**1~
DTM*472*20211227~
CAS*CO*97*-450*1~
LQ*HE*N130~
LQ*HE*N694~
SVC*HC>J7050*-450*0*0258*0**1~
DTM*472*20211227~
CAS*CO*97*-450*1~
LQ*HE*N130~
LQ*HE*N694~
SVC*HC>96375*-163*-37.33*0260*1~
DTM*472*20211227~
CAS*CO*45*-125.67~
LQ*HE*N59~
LQ*HE*N694~
SVC*HC>36415*-19*0*0300*0**1~
DTM*472*20211227~
CAS*CO*97*-19*1~
LQ*HE*N130~
LQ*HE*N694~
SVC*HC>96413*-938*-290.04*0335*1~
DTM*472*20211227~
CAS*CO*45*-647.96~
LQ*HE*N59~
LQ*HE*N694~
SVC*HC>J1642*-205*0*0636*0**1~
DTM*472*20211227~
CAS*CO*97*-205*50~
LQ*HE*N130~
LQ*HE*N694~
SVC*HC>J2405*-125*0*0636*0**1~
DTM*472*20211227~
CAS*CO*97*-125*4~
LQ*HE*N130~
LQ*HE*N694~
SVC*HC>J9173*-13898.39*-3151.38*0636*41**1~
DTM*472*20211227~
CAS*CO*45*-10747.01~
LQ*HE*N59~
LQ*HE*N694~
SVC*HC>J9173>JW*-2372.9*-538.04*0636*7**1~
DTM*472*20211227~
CAS*CO*45*-1834.86~
LQ*HE*N59~
LQ*HE*N694~
CLP*500092486300*22*-2670.29*-399.18**13*220105E500350002~
NM1*QC*1*BROWN*EMMA*C***MI*MEBQ3TNM~
NM1*82*2*ANMED HEALTH*****XX*1417919531~
REF*1L*467613-003~
REF*CE*PREMIER PLUS PPO NET 00550~
DTM*232*20211213~
DTM*233*20211213~
DTM*050*20220105~
PER*CX**TE*8006240756~
SVC*HC>G0463>25*-178*-110.82*0510*1~
DTM*472*20211213~
CAS*CO*45*-67.18~
LQ*HE*N59~
LQ*HE*N694~
SVC*HC>80053*-81*0*0300*0**1~
DTM*472*20211213~
CAS*CO*97*-81*1~
LQ*HE*N130~
LQ*HE*N694~
SVC*HC>85025*-49*0*0305*0**1~
DTM*472*20211213~
CAS*CO*97*-49*1~
LQ*HE*N130~
LQ*HE*N694~
SVC*HC>J3490*-450*0*0258*0**1~
DTM*472*20211213~
CAS*CO*97*-450*1~
LQ*HE*N130~
LQ*HE*N694~
SVC*HC>96365*-604*-159.93*0260*1~
DTM*472*20211213~
CAS*CO*45*-414.07~
CAS*PR*3*-30~
LQ*HE*N59~
LQ*HE*N694~
SVC*HC>96375*-163*-37.33*0260*1~
DTM*472*20211213~
CAS*CO*45*-125.67~
LQ*HE*N59~
LQ*HE*N694~
SVC*HC>36415*-19*0*0300*0**1~
DTM*472*20211213~
CAS*CO*97*-19*1~
LQ*HE*N130~
LQ*HE*N694~
SVC*HC>J0894*-796.29*-91.1*0636*33**1~
DTM*472*20211213~
CAS*CO*45*-682.41~
CAS*PR*3*-22.78~
LQ*HE*N59~
LQ*HE*N694~
SVC*HC>J1642*-205*0*0636*0**1~
DTM*472*20211213~
CAS*CO*97*-205*50~
LQ*HE*N130~
LQ*HE*N694~
SVC*HC>J2405*-125*0*0636*0**1~
DTM*472*20211213~
CAS*CO*97*-125*4~
LQ*HE*N130~
LQ*HE*N694~
CLP*500092703400*22*-2175.29*-292.74**13*220105E709070001~
NM1*QC*1*BROWN*EMMA*C***MI*MEBQ3TNM~
NM1*82*2*ANMED HEALTH*****XX*1417919531~
REF*1L*467613-003~
REF*CE*PREMIER PLUS PPO NET 00550~
DTM*232*20211215~
DTM*233*20211215~
DTM*050*20220105~
PER*CX**TE*8006240756~
SVC*HC>82270*-37*-4.38*0301*1~
DTM*472*20211215~
CAS*CO*45*-32.62~
LQ*HE*N59~
LQ*HE*N694~
SVC*HC>J3490*-450*0*0258*0**1~
DTM*472*20211215~
CAS*CO*97*-450*1~
LQ*HE*N130~
LQ*HE*N694~
SVC*HC>96365*-604*-159.93*0260*1~
DTM*472*20211215~
CAS*CO*45*-414.07~
CAS*PR*3*-30~
LQ*HE*N59~
LQ*HE*N694~
SVC*HC>96375*-163*-37.33*0260*1~
DTM*472*20211215~
CAS*CO*45*-125.67~
LQ*HE*N59~
LQ*HE*N694~
SVC*HC>J0894*-796.29*-91.1*0636*33**1~
DTM*472*20211215~
CAS*CO*45*-682.41~
CAS*PR*3*-22.78~
LQ*HE*N59~
LQ*HE*N694~
SVC*HC>J2405*-125*0*0636*0**1~
DTM*472*20211215~
CAS*CO*97*-125*4~
LQ*HE*N130~
LQ*HE*N694~
CLP*500093296802*1*19553.36*4127.61**13*220113E290090000*13*7~
NM1*QC*1*DEXTER*RUBY*A***MI*101315637900~
NM1*74*1******C*MEBT1S1W~
NM1*82*2*ANMED HEALTH*****XX*1417919531~
REF*1L*466870-062~
REF*CE*PREMIER PPO NET 05258~
DTM*232*20211227~
DTM*233*20211227~
DTM*050*20220113~
PER*CX**TE*8006240756~
AMT*AU*17794.36~
SVC*HC>G0463>25*178*110.82*0510*1~
DTM*472*20211227~
CAS*CO*45*67.18~
REF*6R*AMHZ0013301170-8~
AMT*B6*110.82~
LQ*HE*N59~
SVC*HC>80053*81*0*0300*0**1~
DTM*472*20211227~
CAS*CO*97*81*1~
REF*6R*AMHZ0013301170-5~
LQ*HE*MA67~
LQ*HE*N130~
SVC*HC>85025*49*0*0305*0**1~
DTM*472*20211227~
CAS*CO*97*49*1~
REF*6R*AMHZ0013301170-6~
LQ*HE*MA67~
LQ*HE*N130~
SVC*HC>J3490*600*0*0258*0**1~
DTM*472*20211227~
CAS*CO*97*600*1~
REF*6R*AMHZ0013301170-1~
LQ*HE*MA67~
LQ*HE*N130~
SVC*HC>J7050*600*0*0258*0**1~
DTM*472*20211227~
CAS*CO*97*600*1~
REF*6R*AMHZ0013301170-2~
LQ*HE*MA67~
LQ*HE*N130~
SVC*HC>96375*163*37.33*0260*1~
DTM*472*20211227~
CAS*CO*45*125.67~
REF*6R*AMHZ0013301170-3~
AMT*B6*37.33~
LQ*HE*N59~
SVC*HC>36415*19*0*0300*0**1~
DTM*472*20211227~
CAS*CO*97*19*1~
REF*6R*AMHZ0013301170-4~
LQ*HE*MA67~
LQ*HE*N130~
SVC*HC>96413*938*290.04*0335*1~
DTM*472*20211227~
CAS*CO*45*647.96~
REF*6R*AMHZ0013301170-7~
AMT*B6*290.04~
LQ*HE*N59~
SVC*HC>J1642*205*0*0636*0**50~
DTM*472*20211227~
CAS*CO*97*205*50~
REF*6R*AMHZ0013301170-9~
LQ*HE*MA67~
LQ*HE*N130~
SVC*HC>J2405*205*0*0636*0**4~
DTM*472*20211227~
CAS*CO*97*205*4~
REF*6R*AMHZ0013301170-10~
LQ*HE*MA67~
LQ*HE*N130~
SVC*HC>J9173*14106.87*3151.38*0636*41~
DTM*472*20211227~
CAS*CO*45*10955.49~
REF*6R*AMHZ0013301170-11~
AMT*B6*3151.38~
LQ*HE*N59~
SVC*HC>J9173>JW*2408.49*538.04*0636*7~
DTM*472*20211227~
CAS*CO*45*1870.45~
REF*6R*AMHZ0013301170-12~
AMT*B6*538.04~
LQ*HE*N59~
CLP*500093547300*1*327*110.82**13*220114E157720000*13*1~
NM1*QC*1*CRAIGO*MAXIE*L***MI*MEBTDRVK~
NM1*82*2*ANMED HEALTH*****XX*1417919531~
REF*1L*466870-062~
REF*CE*PREMIER PPO NET 05258~
DTM*232*20211230~
DTM*233*20211230~
DTM*050*20220114~
PER*CX**TE*8006240756~
AMT*AU*178~
SVC*HC>G0463*178*110.82*0510*1~
DTM*472*20211230~
CAS*CO*45*67.18~
REF*6R*AMHZ0013312272-4~
AMT*B6*110.82~
LQ*HE*N59~
SVC*HC>80053*81*0*0300*0**1~
DTM*472*20211230~
CAS*CO*97*81*1~
REF*6R*AMHZ0013312272-2~
LQ*HE*N130~
SVC*HC>85025*49*0*0305*0**1~
DTM*472*20211230~
CAS*CO*97*49*1~
REF*6R*AMHZ0013312272-3~
LQ*HE*N130~
SVC*HC>36415*19*0*0300*0**1~
DTM*472*20211230~
CAS*CO*97*19*1~
REF*6R*AMHZ0013312272-1~
LQ*HE*N130~
CLP*200089684201*1*22972.58*2320.9*350*13*220114E157730000*13*1~
NM1*QC*1*JOHNSON*ARTHUR*L***MI*MEBSKK0Y~
NM1*82*2*ANMED HEALTH*****XX*1417919531~
REF*1L*466870-062~
REF*CE*PREMIER PPO NET 05258~
DTM*232*20211231~
DTM*233*20211231~
DTM*050*20220114~
PER*CX**TE*8006240756~
AMT*AU*12010~
SVC*NU>0250*450*0**0**1~
DTM*472*20211231~
CAS*CO*97*450*1~
REF*6R*AMHZ0013312581-1~
LQ*HE*N130~
SVC*NU>0250*450*0**0**1~
DTM*472*20211231~
CAS*CO*97*450*1~
REF*6R*AMHZ0013312581-2~
LQ*HE*N130~
SVC*NU>0250*205*0**0**5~
DTM*472*20211231~
CAS*CO*97*205*5~
REF*6R*AMHZ0013312581-3~
LQ*HE*N130~
SVC*HC>J7120*450*0*0258*0**1~
DTM*472*20211231~
CAS*CO*97*450*1~
REF*6R*AMHZ0013312581-4~
LQ*HE*N130~
SVC*NU>0270*761.86*0**0**8~
DTM*472*20211231~
CAS*CO*97*761.86*8~
REF*6R*AMHZ0013312581-5~
LQ*HE*N130~
SVC*HC>C1788*2722.72*0*0278*0**1~
DTM*472*20211231~
CAS*CO*97*2722.72*1~
REF*6R*AMHZ0013312581-6~
LQ*HE*M51~
LQ*HE*N130~
SVC*HC>82962*66*0*0301*0**1~
DTM*472*20211231~
CAS*CO*97*66*1~
REF*6R*AMHZ0013312581-7~
LQ*HE*N130~
SVC*HC>36561>RT*12010*2320.9*0360*1~
DTM*472*20211231~
CAS*CO*45*9339.1~
CAS*PR*3*350~
REF*6R*AMHZ0013312581-8~
AMT*B6*2670.9~
LQ*HE*N59~
LQ*HE*N783~
SVC*NU>0370*1988*0**0**1~
DTM*472*20211231~
CAS*CO*97*1988*1~
REF*6R*AMHZ0013312581-9~
LQ*HE*N130~
SVC*HC>J0690*600*0*0636*0**4~
DTM*472*20211231~
CAS*CO*97*600*4~
REF*6R*AMHZ0013312581-10~
LQ*HE*N130~
SVC*HC>J1644*205*0*0636*0**5~
DTM*472*20211231~
CAS*CO*97*205*5~
REF*6R*AMHZ0013312581-11~
LQ*HE*N130~
SVC*HC>J2704*205*0*0636*0**11~
DTM*472*20211231~
CAS*CO*97*205*11~
REF*6R*AMHZ0013312581-12~
LQ*HE*N130~
SVC*HC>J3490*205*0*0636*0**1~
DTM*472*20211231~
CAS*CO*97*205*1~
REF*6R*AMHZ0013312581-13~
LQ*HE*N130~
SVC*HC>J7999*205*0*0636*0**1~
DTM*472*20211231~
CAS*CO*97*205*1~
REF*6R*AMHZ0013312581-14~
LQ*HE*N130~
SVC*HC>J7999*205*0*0636*0**1~
DTM*472*20211231~
CAS*CO*97*205*1~
REF*6R*AMHZ0013312581-15~
LQ*HE*N130~
SVC*NU>0710*2244*0**0**2~
DTM*472*20211231~
CAS*CO*97*2244*2~
REF*6R*AMHZ0013312581-16~
LQ*HE*N130~
CLP*500091182301*1*46687*8595.67*948.87*13*220114E157740000*13*3~
NM1*QC*1*HOLLIDAYCHANDLER*JANICE****MI*MEBT73WX~
NM1*74*1*HOLLIDAY-CHANDLER~
NM1*82*2*ANMED HEALTH*****XX*1417919531~
REF*1L*467613-003~
REF*CE*PREMIER PLUS PPO NET 05258~
DTM*232*20211201~
DTM*233*20211229~
DTM*050*20220114~
PER*CX**TE*8006240756~
AMT*AU*46687~
SVC*HC>77334*1458*252.88*0333*1~
DTM*472*20211201~
CAS*CO*45*1141.9~
CAS*PR*2*63.22~
REF*6R*AMHZ0013312909-4~
AMT*B6*316.1~
LQ*HE*N59~
SVC*HC>77470*2839*405.1*0333*1~
DTM*472*20211201~
CAS*CO*45*2332.62~
CAS*PR*2*101.28~
REF*6R*AMHZ0013312909-19~
AMT*B6*506.38~
LQ*HE*N59~
SVC*HC>77300*3240*947.28*0333*10~
DTM*472*20211208~
CAS*CO*45*2055.9~
CAS*PR*2*236.82~
REF*6R*AMHZ0013312909-1~
AMT*B6*1184.1~
LQ*HE*N59~
SVC*HC>77301*7897*942.43*0333*1~
DTM*472*20211208~
CAS*CO*45*6718.96~
CAS*PR*2*235.61~
REF*6R*AMHZ0013312909-3~
AMT*B6*1178.04~
LQ*HE*N59~
SVC*HC>77338*2628*252.88*0333*1~
DTM*472*20211208~
CAS*CO*45*2311.9~
CAS*PR*2*63.22~
REF*6R*AMHZ0013312909-7~
AMT*B6*316.1~
LQ*HE*N59~
SVC*HC>77386*2465*492.38*0333*1~
DTM*472*20211214~
CAS*CO*45*1958.62~
CAS*PR*3*14~
REF*6R*AMHZ0013312909-8~
AMT*B6*506.38~
LQ*HE*N59~
SVC*HC>77300*648*189.46*0333*2~
DTM*472*20211215~
CAS*CO*45*411.18~
CAS*PR*2*47.36~
REF*6R*AMHZ0013312909-2~
AMT*B6*236.82~
LQ*HE*N59~
SVC*HC>77386*2465*492.38*0333*1~
DTM*472*20211215~
CAS*CO*45*1958.62~
CAS*PR*3*14~
REF*6R*AMHZ0013312909-9~
AMT*B6*506.38~
LQ*HE*N59~
SVC*HC>77386*2465*492.38*0333*1~
DTM*472*20211216~
CAS*CO*45*1958.62~
CAS*PR*3*14~
REF*6R*AMHZ0013312909-10~
AMT*B6*506.38~
LQ*HE*N59~
SVC*HC>77386*2465*492.38*0333*1~
DTM*472*20211217~
CAS*CO*45*1958.62~
CAS*PR*3*14~
REF*6R*AMHZ0013312909-11~
AMT*B6*506.38~
LQ*HE*N59~
SVC*HC>77336*431*94.73*0333*1~
DTM*472*20211220~
CAS*CO*45*312.59~
CAS*PR*2*23.68~
REF*6R*AMHZ0013312909-5~
AMT*B6*118.41~
LQ*HE*N59~
SVC*HC>77386*2465*492.38*0333*1~
DTM*472*20211220~
CAS*CO*45*1958.62~
CAS*PR*3*14~
REF*6R*AMHZ0013312909-12~
AMT*B6*506.38~
LQ*HE*N59~
SVC*HC>77386*2465*492.38*0333*1~
DTM*472*20211221~
CAS*CO*45*1958.62~
CAS*PR*3*14~
REF*6R*AMHZ0013312909-13~
AMT*B6*506.38~
LQ*HE*N59~
SVC*HC>77386*2465*492.38*0333*1~
DTM*472*20211222~
CAS*CO*45*1958.62~
CAS*PR*3*14~
REF*6R*AMHZ0013312909-14~
AMT*B6*506.38~
LQ*HE*N59~
SVC*HC>77386*2465*492.38*0333*1~
DTM*472*20211223~
CAS*CO*45*1958.62~
CAS*PR*3*14~
REF*6R*AMHZ0013312909-15~
AMT*B6*506.38~
LQ*HE*N59~
SVC*HC>77386*2465*492.38*0333*1~
DTM*472*20211227~
CAS*CO*45*1958.62~
CAS*PR*3*14~
REF*6R*AMHZ0013312909-16~
AMT*B6*506.38~
LQ*HE*N59~
SVC*HC>77336*431*94.73*0333*1~
DTM*472*20211228~
CAS*CO*45*312.59~
CAS*PR*2*23.68~
REF*6R*AMHZ0013312909-6~
AMT*B6*118.41~
LQ*HE*N59~
SVC*HC>77386*2465*492.38*0333*1~
DTM*472*20211228~
CAS*CO*45*1958.62~
CAS*PR*3*14~
REF*6R*AMHZ0013312909-17~
AMT*B6*506.38~
LQ*HE*N59~
SVC*HC>77386*2465*492.38*0333*1~
DTM*472*20211229~
CAS*CO*45*1958.62~
CAS*PR*3*14~
REF*6R*AMHZ0013312909-18~
AMT*B6*506.38~
LQ*HE*N59~
CLP*500093272000*1*327*110.82**13*220114E195340000*13*1~
NM1*QC*1*THOMPSON*SUSANNA*M***MI*101346605300~
NM1*74*1******C*MEBRKF6P~
NM1*82*2*ANMED HEALTH*****XX*1417919531~
REF*G1*3021022~
REF*1L*466870-062~
REF*CE*PREMIER PPO NET 05258~
DTM*232*20211227~
DTM*233*20211227~
DTM*050*20220114~
PER*CX**TE*8006240756~
AMT*AU*178~
SVC*HC>G0463*178*110.82*0510*1~
DTM*472*20211227~
CAS*CO*45*67.18~
REF*6R*AMHZ0013312617-4~
AMT*B6*110.82~
LQ*HE*N59~
SVC*HC>80053*81*0*0300*0**1~
DTM*472*20211227~
CAS*CO*97*81*1~
REF*6R*AMHZ0013312617-2~
LQ*HE*N130~
SVC*HC>85025*49*0*0305*0**1~
DTM*472*20211227~
CAS*CO*97*49*1~
REF*6R*AMHZ0013312617-3~
LQ*HE*N130~
SVC*HC>36415*19*0*0300*0**1~
DTM*472*20211227~
CAS*CO*97*19*1~
REF*6R*AMHZ0013312617-1~
LQ*HE*N130~
CLP*500092441400*1*327*110.82**13*220114E195350000*13*1~
NM1*QC*1*CLARK*TRIS*R***MI*101296073000~
NM1*74*1******C*MEBTPL9Y~
NM1*82*2*ANMED HEALTH*****XX*1417919531~
REF*1L*467430-613~
REF*CE*MEDICARE ADV ESA PPO PLAN NET 05258~
DTM*232*20211213~
DTM*233*20211213~
DTM*050*20220114~
PER*CX**TE*8006240756~
AMT*AU*178~
SVC*HC>G0463*178*110.82*0510*1~
DTM*472*20211213~
CAS*CO*45*67.18~
REF*6R*AMHZ0013313283-4~
AMT*B6*110.82~
LQ*HE*N59~
SVC*HC>80053*81*0*0300*0**1~
DTM*472*20211213~
CAS*CO*97*81*1~
REF*6R*AMHZ0013313283-2~
LQ*HE*N130~
SVC*HC>85025*49*0*0305*0**1~
DTM*472*20211213~
CAS*CO*97*49*1~
REF*6R*AMHZ0013313283-3~
LQ*HE*N130~
SVC*HC>36415*19*0*0300*0**1~
DTM*472*20211213~
CAS*CO*97*19*1~
REF*6R*AMHZ0013313283-1~
LQ*HE*N130~
CLP*500092486303*1*2883.02*446.12*64.51*13*220114E195360000*13*7~
NM1*QC*1*BROWN*EMMA*C***MI*MEBQ3TNM~
NM1*82*2*ANMED HEALTH*****XX*1417919531~
REF*1L*467613-003~
REF*CE*PREMIER PLUS PPO NET 05258~
DTM*232*20211213~
DTM*233*20211213~
DTM*050*20220114~
PER*CX**TE*8006240756~
AMT*AU*1874.02~
SVC*HC>G0463>25*178*110.82*0510*1~
DTM*472*20211213~
CAS*CO*45*67.18~
REF*6R*AMHZ0013312194-7~
AMT*B6*110.82~
LQ*HE*N59~
SVC*HC>80053*81*0*0300*0**1~
DTM*472*20211213~
CAS*CO*97*81*1~
REF*6R*AMHZ0013312194-5~
LQ*HE*MA67~
LQ*HE*N130~
SVC*HC>85025*49*0*0305*0**1~
DTM*472*20211213~
CAS*CO*97*49*1~
REF*6R*AMHZ0013312194-6~
LQ*HE*MA67~
LQ*HE*N130~
SVC*HC>J3490*450*0*0258*0**1~
DTM*472*20211213~
CAS*CO*97*450*1~
REF*6R*AMHZ0013312194-1~
LQ*HE*MA67~
LQ*HE*N130~
SVC*HC>96365*604*159.93*0260*1~
DTM*472*20211213~
CAS*CO*45*414.07~
CAS*PR*3*30~
REF*6R*AMHZ0013312194-2~
AMT*B6*189.93~
LQ*HE*N59~
SVC*HC>96375*163*37.33*0260*1~
DTM*472*20211213~
CAS*CO*45*125.67~
REF*6R*AMHZ0013312194-3~
AMT*B6*37.33~
LQ*HE*N59~
SVC*HC>36415*19*0*0300*0**1~
DTM*472*20211213~
CAS*CO*97*19*1~
REF*6R*AMHZ0013312194-4~
LQ*HE*MA67~
LQ*HE*N130~
SVC*HC>J0894*613.15*91.1*0636*33~
DTM*472*20211213~
CAS*CO*45*499.27~
CAS*PR*2*22.78~
REF*6R*AMHZ0013312194-8~
AMT*B6*113.88~
LQ*HE*N59~
SVC*HC>J0894>JW*315.87*46.94*0636*17~
DTM*472*20211213~
CAS*CO*45*257.2~
CAS*PR*2*11.73~
REF*6R*AMHZ0013312194-9~
AMT*B6*58.67~
LQ*HE*N59~
SVC*HC>J1642*205*0*0636*0**50~
DTM*472*20211213~
CAS*CO*97*205*50~
REF*6R*AMHZ0013312194-10~
LQ*HE*MA67~
LQ*HE*N130~
SVC*HC>J2405*205*0*0636*0**4~
DTM*472*20211213~
CAS*CO*97*205*4~
REF*6R*AMHZ0013312194-11~
LQ*HE*MA67~
LQ*HE*N130~
CLP*500092777100*1*584*70.82*40*13*220114E234520000*13*1~
NM1*QC*1*HOLCOMBE*CHARLES*E***MI*MEBMYMKD~
NM1*82*2*ANMED HEALTH*****XX*1417919531~
REF*1L*466153-039~
REF*CE*MEDICARE (S01) ESA PPO PLAN NET 05258~
DTM*232*20211216~
DTM*233*20211216~
DTM*050*20220114~
PER*CX**TE*8006240756~
AMT*AU*178~
SVC*HC>G0463*178*70.82*0510*1~
DTM*472*20211216~
CAS*CO*45*67.18~
CAS*PR*3*40~
REF*6R*AMHZ0013313246-7~
AMT*B6*110.82~
LQ*HE*N59~
SVC*HC>80053*81*0*0300*0**1~
DTM*472*20211216~
CAS*CO*97*81*1~
REF*6R*AMHZ0013313246-2~
LQ*HE*N130~
SVC*HC>82378*113*0*0301*0**1~
DTM*472*20211216~
CAS*CO*97*113*1~
REF*6R*AMHZ0013313246-3~
LQ*HE*N130~
SVC*HC>82728*92*0*0301*0**1~
DTM*472*20211216~
CAS*CO*97*92*1~
REF*6R*AMHZ0013313246-4~
LQ*HE*N130~
SVC*HC>83540*52*0*0301*0**1~
DTM*472*20211216~
CAS*CO*97*52*1~
REF*6R*AMHZ0013313246-5~
LQ*HE*N130~
SVC*HC>85025*49*0*0305*0**1~
DTM*472*20211216~
CAS*CO*97*49*1~
REF*6R*AMHZ0013313246-6~
LQ*HE*N130~
SVC*HC>36415*19*0*0300*0**1~
DTM*472*20211216~
CAS*CO*97*19*1~
REF*6R*AMHZ0013313246-1~
LQ*HE*N130~
CLP*500093575000*1*4381*243.58*100*13*220114E272660000*13*1~
NM1*QC*1*TRAMMELL*WILLIAM*S***MI*MEBVDQ9Q~
NM1*82*2*ANMED HEALTH*****XX*1417919531~
REF*1L*467613-003~
REF*CE*PREMIER PLUS PPO NET 05258~
DTM*232*20211230~
DTM*233*20211230~
DTM*050*20220114~
PER*CX**TE*8006240756~
AMT*AU*4186~
SVC*HC>74183*4186*243.58*0610*1~
DTM*472*20211230~
CAS*CO*45*3842.42~
CAS*PR*3*100~
REF*6R*AMHZ0013312580-1~
AMT*B6*343.58~
LQ*HE*N59~
SVC*HC>A9575*195*0*0636*0**130~
DTM*472*20211230~
CAS*CO*97*195*130~
REF*6R*AMHZ0013312580-2~
LQ*HE*N130~
CLP*500093564800*1*529*110.82**13*220114E272670000*13*1~
NM1*QC*1*EVANS*PAMELA****MI*MEBTWPXC~
NM1*82*2*ANMED HEALTH*****XX*1417919531~
REF*1L*467613-003~
REF*CE*PREMIER PLUS PPO NET 05258~
DTM*232*20211230~
DTM*233*20211230~
DTM*050*20220114~
PER*CX**TE*8006240756~
AMT*AU*178~
SVC*HC>G0463*178*110.82*0510*1~
DTM*472*20211230~
CAS*CO*45*67.18~
REF*6R*AMHZ0013313141-5~
AMT*B6*110.82~
LQ*HE*N59~
SVC*HC>80053*81*0*0300*0**1~
DTM*472*20211230~
CAS*CO*97*81*1~
REF*6R*AMHZ0013313141-2~
LQ*HE*N130~
SVC*HC>83090*202*0*0301*0**1~
DTM*472*20211230~
CAS*CO*97*202*1~
REF*6R*AMHZ0013313141-3~
LQ*HE*N130~
SVC*HC>85025*49*0*0305*0**1~
DTM*472*20211230~
CAS*CO*97*49*1~
REF*6R*AMHZ0013313141-4~
LQ*HE*N130~
SVC*HC>36415*19*0*0300*0**1~
DTM*472*20211230~
CAS*CO*97*19*1~
REF*6R*AMHZ0013313141-1~
LQ*HE*N130~
CLP*500092703403*1*2491.16*339.68*64.51*13*220114E272680000*13*7~
NM1*QC*1*BROWN*EMMA*C***MI*MEBQ3TNM~
NM1*82*2*ANMED HEALTH*****XX*1417919531~
REF*1L*467613-003~
REF*CE*PREMIER PLUS PPO NET 05258~
DTM*232*20211215~
DTM*233*20211215~
DTM*050*20220114~
PER*CX**TE*8006240756~
AMT*AU*1916.16~
SVC*HC>82270*37*4.38*0301*1~
DTM*472*20211215~
CAS*CO*45*32.62~
REF*6R*AMHZ0013312195-4~
AMT*B6*4.38~
LQ*HE*N59~
SVC*HC>J3490*450*0*0258*0**1~
DTM*472*20211215~
CAS*CO*97*450*1~
REF*6R*AMHZ0013312195-1~
LQ*HE*MA67~
LQ*HE*N130~
SVC*HC>96365*604*159.93*0260*1~
DTM*472*20211215~
CAS*CO*45*414.07~
CAS*PR*3*30~
REF*6R*AMHZ0013312195-2~
AMT*B6*189.93~
LQ*HE*N59~
SVC*HC>96375*163*37.33*0260*1~
DTM*472*20211215~
CAS*CO*45*125.67~
REF*6R*AMHZ0013312195-3~
AMT*B6*37.33~
LQ*HE*N59~
SVC*HC>J0894*796.29*91.1*0636*33~
DTM*472*20211215~
CAS*CO*45*682.41~
CAS*PR*2*22.78~
REF*6R*AMHZ0013312195-5~
AMT*B6*113.88~
LQ*HE*N59~
SVC*HC>J0894>JW*315.87*46.94*0636*17~
DTM*472*20211215~
CAS*CO*45*257.2~
CAS*PR*2*11.73~
REF*6R*AMHZ0013312195-6~
AMT*B6*58.67~
LQ*HE*N59~
SVC*HC>J2405*125*0*0636*0**4~
DTM*472*20211215~
CAS*CO*97*125*4~
REF*6R*AMHZ0013312195-7~
LQ*HE*MA67~
LQ*HE*N130~
CLP*500092643600*1*327*80.82*30*13*220114E311470000*13*1~
NM1*QC*1*FENNELL*MARGARET*R***MI*MEBTSTJX~
NM1*82*2*ANMED HEALTH*****XX*1417919531~
REF*1L*466870-062~
REF*CE*PREMIER PPO NET 05258~
DTM*232*20211215~
DTM*233*20211215~
DTM*050*20220114~
PER*CX**TE*8006240756~
AMT*AU*178~
SVC*HC>G0463*178*80.82*0510*1~
DTM*472*20211215~
CAS*CO*45*67.18~
CAS*PR*3*30~
REF*6R*AMHZ0013312161-4~
AMT*B6*110.82~
LQ*HE*N59~
SVC*HC>80053*81*0*0300*0**1~
DTM*472*20211215~
CAS*CO*97*81*1~
REF*6R*AMHZ0013312161-2~
LQ*HE*N130~
SVC*HC>85025*49*0*0305*0**1~
DTM*472*20211215~
CAS*CO*97*49*1~
REF*6R*AMHZ0013312161-3~
LQ*HE*N130~
SVC*HC>36415*19*0*0300*0**1~
DTM*472*20211215~
CAS*CO*97*19*1~
REF*6R*AMHZ0013312161-1~
LQ*HE*N130~
CLP*500093039300*1*585*110.82**13*220114E311480000*13*1~
NM1*QC*1*DAVENPORT*ROGER*L***MI*MEBSKZ4Y~
NM1*82*2*ANMED HEALTH*****XX*1417919531~
REF*1L*466870-062~
REF*CE*PREMIER PPO NET 05258~
DTM*232*20211221~
DTM*233*20211221~
DTM*050*20220114~
PER*CX**TE*8006240756~
AMT*AU*178~
SVC*HC>G0463*178*110.82*0510*1~
DTM*472*20211221~
CAS*CO*45*67.18~
REF*6R*AMHZ0013312473-7~
AMT*B6*110.82~
LQ*HE*N59~
SVC*HC>80053*81*0*0300*0**1~
DTM*472*20211221~
CAS*CO*97*81*1~
REF*6R*AMHZ0013312473-2~
LQ*HE*N130~
SVC*HC>82607*114*0*0301*0**1~
DTM*472*20211221~
CAS*CO*97*114*1~
REF*6R*AMHZ0013312473-3~
LQ*HE*N130~
SVC*HC>82728*92*0*0301*0**1~
DTM*472*20211221~
CAS*CO*97*92*1~
REF*6R*AMHZ0013312473-4~
LQ*HE*N130~
SVC*HC>83540*52*0*0301*0**1~
DTM*472*20211221~
CAS*CO*97*52*1~
REF*6R*AMHZ0013312473-5~
LQ*HE*N130~
SVC*HC>85025*49*0*0305*0**1~
DTM*472*20211221~
CAS*CO*97*49*1~
REF*6R*AMHZ0013312473-6~
LQ*HE*N130~
SVC*HC>36415*19*0*0300*0**1~
DTM*472*20211221~
CAS*CO*97*19*1~
REF*6R*AMHZ0013312473-1~
LQ*HE*N130~
CLP*500092284100*1*596*80.82*30*13*220114E311490000*13*1~
NM1*QC*1*MATTISON*SARAH*R***MI*MEBQVGBV~
NM1*82*2*ANMED HEALTH*****XX*1417919531~
REF*1L*466870-062~
REF*CE*PREMIER PPO NET 05258~
DTM*232*20211209~
DTM*233*20211209~
DTM*050*20220114~
PER*CX**TE*8006240756~
AMT*AU*178~
SVC*HC>G0463*178*80.82*0510*1~
DTM*472*20211209~
CAS*CO*45*67.18~
CAS*PR*3*30~
REF*6R*AMHZ0013312597-5~
AMT*B6*110.82~
LQ*HE*N59~
SVC*HC>80053*81*0*0300*0**1~
DTM*472*20211209~
CAS*CO*97*81*1~
REF*6R*AMHZ0013312597-2~
LQ*HE*N130~
SVC*HC>86316*269*0*0302*0**1~
DTM*472*20211209~
CAS*CO*97*269*1~
REF*6R*AMHZ0013312597-3~
LQ*HE*N130~
SVC*HC>85025*49*0*0305*0**1~
DTM*472*20211209~
CAS*CO*97*49*1~
REF*6R*AMHZ0013312597-4~
LQ*HE*N130~
SVC*HC>36415*19*0*0300*0**1~
DTM*472*20211209~
CAS*CO*97*19*1~
REF*6R*AMHZ0013312597-1~
LQ*HE*N130~
CLP*500092361100*1*443*80.82*30*13*220114E311500000*13*1~
NM1*QC*1*THOMPSON*BETTY*J***MI*MEBTX4WK~
NM1*82*2*ANMED HEALTH*****XX*1417919531~
REF*1L*466870-062~
REF*CE*PREMIER PPO NET 05258~
DTM*232*20211210~
DTM*233*20211210~
DTM*050*20220114~
PER*CX**TE*8006240756~
AMT*AU*178~
SVC*HC>G0463*178*80.82*0510*1~
DTM*472*20211210~
CAS*CO*45*67.18~
CAS*PR*3*30~
REF*6R*AMHZ0013313368-5~
AMT*B6*110.82~
LQ*HE*N59~
SVC*HC>80053*81*0*0300*0**1~
DTM*472*20211210~
CAS*CO*97*81*1~
REF*6R*AMHZ0013313368-2~
LQ*HE*N130~
SVC*HC>86300*116*0*0302*0**1~
DTM*472*20211210~
CAS*CO*97*116*1~
REF*6R*AMHZ0013313368-3~
LQ*HE*N130~
SVC*HC>85025*49*0*0305*0**1~
DTM*472*20211210~
CAS*CO*97*49*1~
REF*6R*AMHZ0013313368-4~
LQ*HE*N130~
SVC*HC>36415*19*0*0300*0**1~
DTM*472*20211210~
CAS*CO*97*19*1~
REF*6R*AMHZ0013313368-1~
LQ*HE*N130~
CLP*200089763201*1*474*77.71*4.09*13*220114E311510000*14*1~
NM1*QC*1*WOLFE*JOYCE*M***MI*MEBPNXBV~
NM1*82*2*ANMED HEALTH*****XX*1417919531~
REF*1L*467119-622~
REF*CE*GROUP MEDICARE SELECT PLAN NET 05258~
DTM*232*20211228~
DTM*233*20211228~
DTM*050*20220114~
PER*CX**TE*8006240756~
AMT*AU*474~
SVC*HC>80048*54*8.04*0300*1~
DTM*472*20211228~
CAS*CO*45*45.54~
CAS*PR*2*.42~
REF*6R*AMHZ0013313333-1~
AMT*B6*8.46~
LQ*HE*N59~
SVC*HC>80061*96*12.72*0300*1~
DTM*472*20211228~
CAS*CO*45*82.61~
CAS*PR*2*.67~
REF*6R*AMHZ0013313333-2~
AMT*B6*13.39~
LQ*HE*N59~
SVC*HC>82043*37*5.49*0300*1~
DTM*472*20211228~
CAS*CO*45*31.22~
CAS*PR*2*.29~
REF*6R*AMHZ0013313333-3~
AMT*B6*5.78~
LQ*HE*N59~
SVC*HC>82306*135*28.12*0301*1~
DTM*472*20211228~
CAS*CO*45*105.4~
CAS*PR*2*1.48~
REF*6R*AMHZ0013313333-4~
AMT*B6*29.6~
LQ*HE*N59~
SVC*HC>84443*103*15.96*0301*1~
DTM*472*20211228~
CAS*CO*45*86.2~
CAS*PR*2*.84~
REF*6R*AMHZ0013313333-5~
AMT*B6*16.8~
LQ*HE*N59~
SVC*HC>85025*49*7.38*0305*1~
DTM*472*20211228~
CAS*CO*45*41.23~
CAS*PR*2*.39~
REF*6R*AMHZ0013313333-6~
AMT*B6*7.77~
LQ*HE*N59~
SE*1403*1453~
ST*835*1454~
BPR*I*8016.61*C*ACH*CCP*01*031100209*DA*0038865237*1066033492**01*011103093*DA*4323829105*20220121~
TRN*1*160118220248709*1066033492~
REF*EV*XXXXXXXXXXXXXXXXXXXXXXXXXXXXXX~
DTM*405*20220119~
N1*PR*AETNA~
N3*151 FARMINGTON AVENUE~
N4*HARTFORD*CT*06156~
REF*2U*60054~
PER*BL*Provider Service~
N1*PE*ANMED HEALTH*XX*1376579474~
N3*PO BOX 195~
N4*ANDERSON*SC*296220195~
REF*PQ*300335200~
REF*TJ*570359174~
LX*1~
TS3*1376579474*32*20221231*5*11518.42~
CLP*700001375001*1*1951.85*1951.85**13*211229E719000001*32*9~
NM1*QC*1*ALLEN*MARLENA*M***MI*MEBTVZJD~
NM1*82*2*ANMED HEALTH*****XX*1376579474~
REF*1L*467543-063~
REF*CE*MEDICARE (C05) ESA PPO PLAN NET 05258~
DTM*232*20211121~
DTM*233*20211210~
DTM*050*20211229~
PER*CX**TE*8006240756~
SVC*HC>A9900*0*0*0270*14**1~
DTM*472*20211121~
REF*6R*AMHH0013184678-2~
LQ*HE*N19~
SVC*HC>A9900*49.69*0*0270*0**1~
DTM*472*20211121~
CAS*CO*97*49.69*13~
REF*6R*AMHH0013184678-2~
LQ*HE*N130~
SVC*HC>A9900*3.82*0*0270*0**1~
DTM*472*20211121~
CAS*CO*97*3.82*1~
REF*6R*AMHH0013184678-2~
LQ*HE*N130~
SVC*HC>A9900*0*0*0270*14**1~
DTM*472*20211123~
REF*6R*AMHH0013184678-3~
LQ*HE*N19~
SVC*HC>A9900*35.63*0*0270*0**1~
DTM*472*20211123~
CAS*CO*97*35.63*13~
REF*6R*AMHH0013184678-3~
LQ*HE*N130~
SVC*HC>A9900*2.74*0*0270*0**1~
DTM*472*20211123~
CAS*CO*97*2.74*1~
REF*6R*AMHH0013184678-3~
LQ*HE*N130~
SVC*HC>G0151*0*0*0421*6**1~
DTM*472*20211210~
REF*6R*AMHH0013184678-4~
LQ*HE*N19~
SVC*HC>G0151*222.44*0*0421*0**1~
DTM*472*20211210~
CAS*CO*97*222.44*4~
REF*6R*AMHH0013184678-4~
LQ*HE*N130~
SVC*HC>G0151*111.22*0*0421*0**1~
DTM*472*20211210~
CAS*CO*97*111.22*2~
REF*6R*AMHH0013184678-4~
LQ*HE*N130~
SVC*HP>2KC31*0*1951.85*0023*1*HP>2KC31~
DTM*472*20211121~
CAS*PI*B15*-1951.85~
REF*6R*AMHH0013184678-1~
AMT*B6*1951.85~
SVC*HC>G0299*305.26*0*0551*0**9~
DTM*472*20211121~
CAS*CO*97*305.26*9~
REF*6R*AMHH0013184678-5~
LQ*HE*N130~
SVC*HC>Q5009*.01*0*0551*0**1~
DTM*472*20211121~
CAS*CO*97*.01*1~
REF*6R*AMHH0013184678-6~
LQ*HE*N130~
SVC*HC>G0300*305.26*0*0551*0**5~
DTM*472*20211123~
CAS*CO*97*305.26*5~
REF*6R*AMHH0013184678-10~
LQ*HE*N130~
SVC*HC>G0299*305.26*0*0551*0**5~
DTM*472*20211202~
CAS*CO*97*305.26*5~
REF*6R*AMHH0013184678-7~
LQ*HE*N130~
SVC*HC>G0299*305.26*0*0551*0**2~
DTM*472*20211207~
CAS*CO*97*305.26*2~
REF*6R*AMHH0013184678-8~
LQ*HE*N130~
SVC*HC>G0299*305.26*0*0551*0**3~
DTM*472*20211210~
CAS*CO*97*305.26*3~
REF*6R*AMHH0013184678-9~
LQ*HE*N130~
CLP*700001389701*1*3857.69*2059.1**13*220111E154040000*32*9~
NM1*QC*1*GOLLER*DIANE****MI*MEBQW49T~
NM1*82*2*ANMED HEALTH*****XX*1376579474~
REF*1L*466870-062~
REF*CE*PREMIER PPO NET 05258~
DTM*232*20211207~
DTM*233*20211231~
DTM*050*20220111~
PER*CX**TE*8006240756~
SVC*HC>A9900*22.02*0*0270*0**6~
DTM*472*20211228~
CAS*CO*45*3.67*1*96*18.35*5~
REF*6R*AMHH0013277407-3~
LQ*HE*N56~
SVC*HC>A9900*0*0*0270*0~
DTM*472*20211228~
CAS*CO*97*3.67*1~
CAS*OA*94*-3.67*-1~
REF*6R*AMHH0013277407-3~
LQ*HE*N130~
SVC*HC>A9900*50.35*0*0270*0**1~
DTM*472*20211227~
CAS*CO*96*50.35*8~
REF*6R*AMHH0013277407-2~
LQ*HE*N56~
SVC*HC>A9900*6.29*0*0270*0**9~
DTM*472*20211227~
CAS*CO*97*6.29*1~
REF*6R*AMHH0013277407-2~
LQ*HE*N130~
SVC*HC>G0151*66.73*0*0421*0**1~
DTM*472*20211215~
CAS*CO*96*66.73*1~
REF*6R*AMHH0013277407-4~
LQ*HE*N56~
SVC*HC>G0151*266.93*0*0421*0**1~
DTM*472*20211215~
CAS*CO*97*266.93*4~
REF*6R*AMHH0013277407-4~
LQ*HE*N130~
SVC*HP>2KC11*0*2059.1*0023*1*HP>2KC11~
DTM*472*20211207~
CAS*PI*B15*-2059.1~
REF*6R*AMHH0013277407-1~
AMT*B6*2059.1~
SVC*HC>G0299*305.26*0*0551*0**4~
DTM*472*20211207~
CAS*CO*97*305.26*4~
REF*6R*AMHH0013277407-8~
LQ*HE*N130~
SVC*HC>Q5009*.01*0*0551*0**1~
DTM*472*20211207~
CAS*CO*97*.01*1~
REF*6R*AMHH0013277407-9~
LQ*HE*N130~
SVC*HC>G0299*305.26*0*0551*0**2~
DTM*472*20211210~
CAS*CO*97*305.26*2~
REF*6R*AMHH0013277407-10~
LQ*HE*N130~
SVC*HC>G0299*305.26*0*0551*0**3~
DTM*472*20211214~
CAS*CO*97*305.26*3~
REF*6R*AMHH0013277407-11~
LQ*HE*N130~
SVC*HC>G0300*305.26*0*0551*0**3~
DTM*472*20211217~
CAS*CO*97*305.26*3~
REF*6R*AMHH0013277407-16~
LQ*HE*N130~
SVC*HC>G0152*335.96*0*0431*0**5~
DTM*472*20211217~
CAS*CO*97*335.96*5~
REF*6R*AMHH0013277407-7~
LQ*HE*N130~
SVC*HC>G0299*305.26*0*0551*0**2~
DTM*472*20211220~
CAS*CO*97*305.26*2~
REF*6R*AMHH0013277407-12~
LQ*HE*N130~
SVC*HC>G0299*305.26*0*0551*0**3~
DTM*472*20211227~
CAS*CO*97*305.26*3~
REF*6R*AMHH0013277407-13~
LQ*HE*N130~
SVC*HC>G0299*305.26*0*0551*0**1~
DTM*472*20211228~
CAS*CO*97*305.26*1~
REF*6R*AMHH0013277407-14~
LQ*HE*N130~
SVC*HC>G0157*333.66*0*0421*0**4~
DTM*472*20211228~
CAS*CO*97*333.66*4~
REF*6R*AMHH0013277407-6~
LQ*HE*N130~
SVC*HC>G0151*333.66*0*0421*0**4~
DTM*472*20211230~
CAS*CO*97*333.66*4~
REF*6R*AMHH0013277407-5~
LQ*HE*N130~
SVC*HC>G0299*305.26*0*0551*0**3~
DTM*472*20211231~
CAS*CO*97*305.26*3~
REF*6R*AMHH0013277407-15~
LQ*HE*N130~
CLP*700001410301*1*667.33*411.07**13*220111E255260000*32*9~
NM1*QC*1*SHAW*WILLIE*C**JR*MI*MEBRK47X~
NM1*74*1*SHAW JR~
NM1*82*2*ANMED HEALTH*****XX*1376579474~
REF*1L*466870-062~
REF*CE*PREMIER PPO NET 05258~
DTM*232*20211229~
DTM*233*20211231~
DTM*050*20220111~
PER*CX**TE*8006240756~
SVC*HC>G0151*166.8*0*0421*0**8~
DTM*472*20211229~
CAS*CO*96*166.8*4~
REF*6R*AMHH0013283437-2~
LQ*HE*N56~
SVC*HC>G0151*166.86*0*0421*0**8~
DTM*472*20211229~
CAS*CO*97*166.86*4~
REF*6R*AMHH0013283437-2~
LQ*HE*N130~
SVC*HP>2EB11*0*411.07*0023*1*HP>2EB11~
DTM*472*20211229~
CAS*CO*45*-411.07~
REF*6R*AMHH0013283437-1~
AMT*B6*411.07~
LQ*HE*N59~
SVC*HC>Q5009*.01*0*0421*0**1~
DTM*472*20211229~
CAS*CO*97*.01*1~
REF*6R*AMHH0013283437-3~
LQ*HE*N130~
SVC*HC>G0157*333.66*0*0421*0**4~
DTM*472*20211231~
CAS*CO*97*333.66*4~
REF*6R*AMHH0013283437-4~
LQ*HE*N130~
CLP*700001399401*1*1227.22*899.1**13*220112E233830000*32*9~
NM1*QC*1*BISHOP*DEBRA*J***MI*MEBVYQYZ~
NM1*82*2*ANMED HEALTH*****XX*1376579474~
REF*1L*466870-062~
REF*CE*PREMIER PPO NET 05258~
DTM*232*20211217~
DTM*233*20211228~
DTM*050*20220112~
PER*CX**TE*8006240756~
SVC*HC>A9900*1.05*0*0270*0**1~
DTM*472*20211217~
CAS*CO*97*1.05*1~
REF*6R*AMHH0013291225-2~
LQ*HE*N130~
SVC*HC>A9900*1.06*0*0270*0**1~
DTM*472*20211217~
CAS*CO*96*1.06*1~
REF*6R*AMHH0013291225-2~
LQ*HE*N56~
SVC*HP>2LB11*0*899.1*0023*1*HP>2LB11~
DTM*472*20211217~
CAS*CO*45*-899.1~
REF*6R*AMHH0013291225-1~
AMT*B6*899.1~
LQ*HE*N59~
SVC*HC>G0299*305.26*0*0551*0**8~
DTM*472*20211217~
CAS*CO*97*305.26*8~
REF*6R*AMHH0013291225-5~
LQ*HE*N130~
SVC*HC>Q5009*.01*0*0551*0**1~
DTM*472*20211217~
CAS*CO*97*.01*1~
REF*6R*AMHH0013291225-6~
LQ*HE*N130~
SVC*HC>A9900*2.03*0*0270*0**1~
DTM*472*20211221~
CAS*CO*97*2.03*1~
REF*6R*AMHH0013291225-3~
LQ*HE*N130~
SVC*HC>G0299*305.26*0*0551*0**3~
DTM*472*20211221~
CAS*CO*97*305.26*3~
REF*6R*AMHH0013291225-7~
LQ*HE*N130~
SVC*HC>A9900*2.03*0*0270*0**1~
DTM*472*20211224~
CAS*CO*97*2.03*1~
REF*6R*AMHH0013291225-4~
LQ*HE*N130~
SVC*HC>G0300*305.26*0*0551*0**4~
DTM*472*20211224~
CAS*CO*97*305.26*4~
REF*6R*AMHH0013291225-8~
LQ*HE*N130~
SVC*HC>G0300*305.26*0*0551*0**5~
DTM*472*20211228~
CAS*CO*97*305.26*5~
REF*6R*AMHH0013291225-9~
LQ*HE*N130~
CLP*700001379301*1*3814.33*2695.49**13*220114E234500000*32*9~
NM1*QC*1*GRAHAM*RAY*E***MI*MEBQT51K~
NM1*82*2*ANMED HEALTH*****XX*1376579474~
REF*1L*466870-062~
REF*CE*PREMIER PPO NET 05258~
DTM*232*20211127~
DTM*233*20211221~
DTM*050*20220114~
PER*CX**TE*8006240756~
SVC*HP>2LC31*0*2695.49*0023*1~
DTM*472*20211127~
CAS*CO*45*-2695.49~
REF*6R*AMHH0013313591-1~
AMT*B6*2695.49~
LQ*HE*N59~
SVC*HC>G0299*305.26*0*0551*0**5~
DTM*472*20211127~
CAS*CO*97*305.26*5~
REF*6R*AMHH0013313591-7~
LQ*HE*N130~
SVC*HC>Q5009*.01*0*0551*0**1~
DTM*472*20211127~
CAS*CO*97*.01*1~
REF*6R*AMHH0013313591-8~
LQ*HE*N130~
SVC*HC>G0151*333.66*0*0421*0**3~
DTM*472*20211130~
CAS*CO*97*333.66*3~
REF*6R*AMHH0013313591-2~
LQ*HE*N130~
SVC*HC>G0299*305.26*0*0551*0**2~
DTM*472*20211201~
CAS*CO*97*305.26*2~
REF*6R*AMHH0013313591-9~
LQ*HE*N130~
SVC*HC>G0299*305.26*0*0551*0**3~
DTM*472*20211203~
CAS*CO*97*305.26*3~
REF*6R*AMHH0013313591-10~
LQ*HE*N130~
SVC*HC>G0299*305.26*0*0551*0**3~
DTM*472*20211207~
CAS*CO*97*305.26*3~
REF*6R*AMHH0013313591-11~
LQ*HE*N130~
SVC*HC>G0152*335.96*0*0431*0**3~
DTM*472*20211207~
CAS*CO*97*335.96*3~
REF*6R*AMHH0013313591-3~
LQ*HE*N130~
SVC*HC>G0158*335.96*0*0431*0**3~
DTM*472*20211209~
CAS*CO*97*335.96*3~
REF*6R*AMHH0013313591-5~
LQ*HE*N130~
SVC*HC>G0300*305.26*0*0551*0**2~
DTM*472*20211210~
CAS*CO*97*305.26*2~
REF*6R*AMHH0013313591-14~
LQ*HE*N130~
SVC*HC>G0299*305.26*0*0551*0**3~
DTM*472*20211214~
CAS*CO*97*305.26*3~
REF*6R*AMHH0013313591-12~
LQ*HE*N130~
SVC*HC>G0158*335.96*0*0431*0**2~
DTM*472*20211215~
CAS*CO*97*335.96*2~
REF*6R*AMHH0013313591-6~
LQ*HE*N130~
SVC*HC>G0152*335.96*0*0431*0**2~
DTM*472*20211216~
CAS*CO*97*335.96*2~
REF*6R*AMHH0013313591-4~
LQ*HE*N130~
SVC*HC>G0299*305.26*0*0551*0**2~
DTM*472*20211221~
CAS*CO*97*305.26*2~
REF*6R*AMHH0013313591-13~
LQ*HE*N130~
SE*385*1454~
ST*835*1455~
BPR*I*147.47*C*ACH*CCP*01*031100209*DA*0038865237*1066033492**01*011103093*DA*4323829105*20220121~
TRN*1*160118220249163*1066033492~
REF*EV*XXXXXXXXXXXXXXXXXXXXXXXXXXXXXX~
DTM*405*20220119~
N1*PR*AETNA~
N3*151 FARMINGTON AVENUE~
N4*HARTFORD*CT*06156~
REF*2U*60054~
PER*BL*Provider Service~
N1*PE*ANMED HEALTH*XX*1164789186~
N3*PO BOX 100174~
N4*COLUMBIA*SC*292023174~
REF*PQ*300335200~
REF*TJ*570359174~
LX*1~
TS3*1851398929*11*20221231*1*1992~
CLP*P1043304080*1*1992*147.47*30*13*220103E225620001*11*1~
NM1*QC*1*DEATON*GRADY*L***MI*MEBTVDFF~
NM1*82*2*ANMED HEALTH*****XX*1851398929~
REF*1L*466870-062~
REF*CE*PREMIER PPO NET 05258~
DTM*232*20211228~
DTM*233*20211228~
DTM*050*20220103~
PER*CX**TE*8006240756~
AMT*F5*30~
AMT*AU*442~
SVC*HC>99213>25*186*57.17**1~
DTM*472*20211228~
CAS*CO*45*98.83~
CAS*PR*3*30~
REF*6R*AMAH0013215897-1~
AMT*B6*87.17~
LQ*HE*N59~
SVC*HC>11980*256*90.3**1~
DTM*472*20211228~
CAS*CO*45*165.7~
REF*6R*AMAH0013215897-2~
AMT*B6*90.3~
LQ*HE*N59~
SVC*HC>J3490*1550*0**0**10~
DTM*472*20211228~
CAS*PI*252*1550*10~
REF*6R*AMAH0013215897-3~
LQ*HE*N729~
SE*47*1455~
ST*835*1456~
BPR*I*160.58*C*ACH*CCP*01*031100209*DA*0038865237*1066033492**01*011103093*DA*4323829105*20220121~
TRN*1*160118220253117*1066033492~
REF*EV*XXXXXXXXXXXXXXXXXXXXXXXXXXXXXX~
DTM*405*20220119~
N1*PR*AETNA~
N3*151 FARMINGTON AVENUE~
N4*HARTFORD*CT*06156~
REF*2U*60054~
PER*BL*Provider Service~
N1*PE*ANMED HEALTH*XX*1124065057~
N3*PO BOX 100174~
N4*COLUMBIA*SC*292023174~
REF*PQ*300335200~
REF*TJ*570359174~
LX*1~
TS3*1457378309*11*20221231*2*0~
CLP*P1042247940*22*-419.12*-128.94**13*211123E201220001*11*1~
NM1*QC*1*EPPS*FAY*E***MI*MEBS57BW~
NM1*74*1**EDITH~
NM1*82*2*ANMED HEALTH*****XX*1457378309~
REF*1L*466870-062~
REF*CE*PREMIER PPO NET 05258~
DTM*232*20211122~
DTM*233*20211122~
DTM*050*20211123~
PER*CX**TE*8006240756~
SVC*HC>99204>CS*-282*0**0**1~
DTM*472*20211122~
CAS*CO*97*-282*1~
REF*6R*AMAH0012901237-1~
LQ*HE*N19~
SVC*HC>90732*-113*-113**1~
DTM*472*20211122~
REF*6R*AMAH0012901237-2~
SVC*HC>G0009*-24.12*-15.94**1~
DTM*472*20211122~
CAS*CO*45*-8.18~
REF*6R*AMAH0012901237-3~
LQ*HE*N59~
CLP*P1042247940*1*419.12*289.52**13*220106C201220000*11*1~
NM1*QC*1*EPPS*FAY*E***MI*MEBS57BW~
NM1*74*1**EDITH~
NM1*82*2*ANMED HEALTH*****XX*1457378309~
REF*1L*466870-062~
REF*CE*PREMIER PPO NET 05258~
REF*F8*211123E201220001~
DTM*232*20211122~
DTM*233*20211122~
DTM*050*20220106~
PER*CX**TE*8006240756~
AMT*AU*419.12~
SVC*HC>99204>CS*282*160.58**1~
DTM*472*20211122~
CAS*CO*45*121.42~
REF*6R*AMAH0012901237-1~
AMT*B6*160.58~
LQ*HE*N59~
SVC*HC>90732*113*113**1~
DTM*472*20211122~
REF*6R*AMAH0012901237-2~
AMT*B6*113~
SVC*HC>G0009*24.12*15.94**1~
DTM*472*20211122~
CAS*CO*45*8.18~
REF*6R*AMAH0012901237-3~
AMT*B6*15.94~
LQ*HE*N59~
SE*69*1456~
ST*835*1457~
BPR*I*87.17*C*ACH*CCP*01*031100209*DA*0038865237*1066033492**01*011103093*DA*4323829105*20220121~
TRN*1*160118220257694*1066033492~
REF*EV*XXXXXXXXXXXXXXXXXXXXXXXXXXXXXX~
DTM*405*20220119~
N1*PR*AETNA~
N3*151 FARMINGTON AVENUE~
N4*HARTFORD*CT*06156~
REF*2U*60054~
PER*BL*Provider Service~
N1*PE*ANMED HEALTH*XX*1720261308~
N3*PO BOX 100174~
N4*COLUMBIA*SC*292023174~
REF*PQ*300335200~
REF*TJ*570359174~
LX*1~
TS3*1275947376*11*20221231*1*154~
CLP*P1043634090*1*154*87.17**13*220114E509090000*11*1~
NM1*QC*1*ALLEN*STEVE*R***MI*MEBT9Z0B~
NM1*82*2*ANMED HEALTH*****XX*1275947376~
REF*1L*466870-062~
REF*CE*PREMIER PPO NET 05258~
DTM*232*20211229~
DTM*233*20211229~
DTM*050*20220114~
PER*CX**TE*8006240756~
AMT*AU*154~
SVC*HC>99213>95*154*87.17**1~
DTM*472*20211229~
CAS*CO*45*66.83~
REF*6R*AMAH0013315063-1~
AMT*B6*87.17~
LQ*HE*N59~
SE*34*1457~
ST*835*2002~
BPR*I*4127.61*C*ACH*CCP*01*031100209*DA*0038865237*1066033492**01*011103093*DA*4323829105*20220121~
TRN*1*160118220262713*1066033492~
REF*EV*XXXXXXXXXXXXXXXXXXXXXXXXXXXXXX~
DTM*405*20220119~
N1*PR*AETNA~
N3*151 FARMINGTON AVENUE~
N4*HARTFORD*CT*06156~
REF*2U*60054~
PER*BL*Provider Service~
N1*PE*ANMED HEALTH*XX*1417919531~
N3*P.O. BOX 100174~
N4*COLUMBIA*SC*29202~
REF*PQ*300335200~
REF*TJ*570359174~
LX*1~
TS3*1417919531*11*20221231*2*20552.36~
CLP*500092477400*1*20390.36*4127.61**13*220117E243890000*13*1~
NM1*QC*1*DEXTER*RUBY*A***MI*101315637900~
NM1*74*1******C*MEBT1S1W~
NM1*82*2*ANMED HEALTH*****XX*1417919531~
REF*1L*466870-062~
REF*CE*PREMIER PPO NET 05258~
DTM*232*20211213~
DTM*233*20211213~
DTM*050*20220117~
PER*CX**TE*8006240756~
AMT*AU*17794.36~
SVC*HC>G0463>25*178*110.82*0510*1~
DTM*472*20211213~
CAS*CO*45*67.18~
REF*6R*AMHZ0013323644-13~
AMT*B6*110.82~
LQ*HE*N59~
SVC*HC>80053*81*0*0300*0**1~
DTM*472*20211213~
CAS*CO*97*81*1~
REF*6R*AMHZ0013323644-5~
LQ*HE*N130~
SVC*HC>82024*354*0*0301*0**1~
DTM*472*20211213~
CAS*CO*97*354*1~
REF*6R*AMHZ0013323644-6~
LQ*HE*N130~
SVC*HC>82533*114*0*0301*0**1~
DTM*472*20211213~
CAS*CO*97*114*1~
REF*6R*AMHZ0013323644-7~
LQ*HE*N130~
SVC*HC>84439*108*0*0301*0**1~
DTM*472*20211213~
CAS*CO*97*108*1~
REF*6R*AMHZ0013323644-8~
LQ*HE*N130~
SVC*HC>84443*103*0*0301*0**1~
DTM*472*20211213~
CAS*CO*97*103*1~
REF*6R*AMHZ0013323644-9~
LQ*HE*N130~
SVC*HC>84484*158*0*0301*0**1~
DTM*472*20211213~
CAS*CO*97*158*1~
REF*6R*AMHZ0013323644-10~
LQ*HE*N130~
SVC*HC>85025*49*0*0305*0**1~
DTM*472*20211213~
CAS*CO*97*49*1~
REF*6R*AMHZ0013323644-11~
LQ*HE*N130~
SVC*HC>J3490*600*0*0258*0**1~
DTM*472*20211213~
CAS*CO*97*600*1~
REF*6R*AMHZ0013323644-1~
LQ*HE*N130~
SVC*HC>J7050*600*0*0258*0**1~
DTM*472*20211213~
CAS*CO*97*600*1~
REF*6R*AMHZ0013323644-2~
LQ*HE*N130~
SVC*HC>96375*163*37.33*0260*1~
DTM*472*20211213~
CAS*CO*45*125.67~
REF*6R*AMHZ0013323644-3~
AMT*B6*37.33~
LQ*HE*N59~
SVC*HC>36415*19*0*0300*0**1~
DTM*472*20211213~
CAS*CO*97*19*1~
REF*6R*AMHZ0013323644-4~
LQ*HE*N130~
SVC*HC>96413*938*290.04*0335*1~
DTM*472*20211213~
CAS*CO*45*647.96~
REF*6R*AMHZ0013323644-12~
AMT*B6*290.04~
LQ*HE*N59~
SVC*HC>J1642*205*0*0636*0**50~
DTM*472*20211213~
CAS*CO*97*205*50~
REF*6R*AMHZ0013323644-14~
LQ*HE*N130~
SVC*HC>J2405*205*0*0636*0**4~
DTM*472*20211213~
CAS*CO*97*205*4~
REF*6R*AMHZ0013323644-15~
LQ*HE*N130~
SVC*HC>J9173*14106.87*3151.38*0636*41~
DTM*472*20211213~
CAS*CO*45*10955.49~
REF*6R*AMHZ0013323644-16~
AMT*B6*3151.38~
LQ*HE*N59~
SVC*HC>J9173>JW*2408.49*538.04*0636*7~
DTM*472*20211213~
CAS*CO*45*1870.45~
REF*6R*AMHZ0013323644-17~
AMT*B6*538.04~
LQ*HE*N59~
CLP*200089965900*1*162*0**13*220117E267050000*14*1~
NM1*QC*1*TRICKETT*WAYNE*F***MI*MEBTTMCJ~
NM1*82*2*ANMED HEALTH*****XX*1417919531~
REF*1L*466870-062~
REF*CE*PREMIER PPO NET 05258~
DTM*232*20211231~
DTM*233*20211231~
DTM*050*20220117~
PER*CX**TE*8006240756~
SVC*HC>83880*162*0*0301*0**1~
DTM*472*20211231~
CAS*CO*96*162*1~
REF*6R*AMHZ0013323089-1~
LQ*HE*N115~
SE*133*2002~
GE*14*1~
IEA*1*100358959~
