ISA*00*          *00*          *ZZ*133052274      *ZZ*XXXXXXXXXXXXXXX*220119*0250*^*00501*100358959*0*P*>~
GS*HP*133052274*XX*20220119*0250*1*X*005010X221A1~
ST*835*1622~
BPR*I*930*C*CHK************20220118~
TRN*1*CC-42495301*1066033492~
REF*EV*XXXXXXXXXXXXXXXXXXXXXXXXXXXXXX~
DTM*405*20220119~
N1*PR*AETNA~
N3*151 FARMINGTON AVENUE~
N4*HARTFORD*CT*06156~
REF*2U*60054~
PER*BL*Provider Service~
N1*PE*OLMSTEAD HEALTH CARE CENTER INC*XX*1265577845~
N3*9027 COLUMBIA RD~
N4*OLMSTED FALLS*OH*441382424~
REF*PQ*581178710~
REF*TJ*208761565~
LX*1~
TS3*1265577845*21*20221231*1*1549.75~
CLP*RV2412000385SP*1*1549.75*930**13*220104E191530000*21*4~
NM1*QC*1*FRIEDENSTAB*CARRIE*H***MI*MEBNZDTS~
NM1*82*2*OLMSTEAD HEALTH CARE CENTER INC*****XX*1265577845~
REF*G1*2659905~
REF*1L*441297-003~
REF*CE*MEDICARE (S02) PPO PLAN NET 03418~
DTM*232*20211201~
DTM*233*20211204~
DTM*050*20220104~
PER*CX**TE*8006240756~
AMT*AU*930~
SVC*NU>0120*930*930**3~
DTM*150*20211201~
DTM*151*20211204~
REF*6R*E5SQ0003453413-2~
AMT*B6*930~
SVC*HP>GAXE1*0*0*0022*3~
DTM*150*20211201~
DTM*151*20211204~
REF*6R*E5SQ0003453413-1~
LQ*HE*N19~
SVC*NU>0250*90*0**0**1~
DTM*150*20211201~
DTM*151*20211204~
CAS*CO*97*90*1~
REF*6R*E5SQ0003453413-3~
LQ*HE*N130~
SVC*NU>0300*3.75*0**0**1~
DTM*150*20211201~
DTM*151*20211204~
CAS*CO*97*3.75*1~
REF*6R*E5SQ0003453413-4~
LQ*HE*N130~
SVC*NU>0320*6*0**0**1~
DTM*150*20211201~
DTM*151*20211204~
CAS*CO*97*6*1~
REF*6R*E5SQ0003453413-5~
LQ*HE*N130~
SVC*NU>0421*280*0**0**3~
DTM*150*20211201~
DTM*151*20211204~
CAS*CO*97*280*3~
REF*6R*E5SQ0003453413-6~
LQ*HE*N130~
SVC*NU>0431*240*0**0**3~
DTM*150*20211201~
DTM*151*20211204~
CAS*CO*97*240*3~
REF*6R*E5SQ0003453413-7~
LQ*HE*N130~
SE*69*1622~
GE*1*1~
IEA*1*100358959~
