ISA*00*          *00*          *ZZ*133052274      *ZZ*XXXXXXXXXXXXXXX*220119*0250*^*00501*100358959*0*P*>~
GS*HP*133052274*XX*20220119*0250*1*X*005010X221A1~
ST*835*1102~
BPR*I*298.03*C*ACH*CCP*01*031100209*DA*0038865237*1066033492**01*044000037*DA*789782745*20220121~
TRN*1*160118220258728*1066033492~
REF*EV*XXXXXXXXXXXXXXXXXXXXXXXXXXXXXX~
DTM*405*20220119~
N1*PR*AETNA~
N3*151 FARMINGTON AVENUE~
N4*HARTFORD*CT*06156~
REF*2U*60054~
PER*BL*Provider Service~
N1*PE*NATIONWIDE CHILDREN S HOSPITAL*XX*1134152986~
N3*P.O. BOX 634323~
N4*CINCINNATI*OH*45263~
REF*PQ*766961480~
REF*TJ*314379441~
LX*1~
TS3*1588195713*11*20221231*1*333~
CLP*82614170902*1*333*298.03*5*13*220113E123410000*11*7~
NM1*QC*1*BAEZ*MARIA****MI*MEBVV9HM~
NM1*82*2*NATIONWIDE CHILDREN S HOSPITAL*****XX*1588195713~
REF*1L*467095-010~
REF*CE*VALUE PPO NET 03418~
DTM*232*20211230~
DTM*233*20211230~
DTM*050*20220113~
PER*CX**TE*8006240756~
AMT*AU*333~
SVC*HC>99214*230*204.3**1~
DTM*472*20211230~
CAS*CO*45*20.7~
CAS*PR*3*5~
REF*6R*NWCH0022578151-2~
AMT*B6*209.3~
LQ*HE*N59~
SVC*HC>87426*103*93.73**1~
DTM*472*20211230~
CAS*CO*45*9.27~
REF*6R*NWCH0022578151-1~
AMT*B6*93.73~
LQ*HE*N59~
SE*41*1102~
GE*1*1~
IEA*1*100358959~
