ISA*00*          *00*          *ZZ*133052274      *ZZ*XXXXXXXXXXXXXXX*220119*0250*^*00501*100358959*0*P*>~
GS*HP*133052274*XX*20220119*0250*1*X*005010X221A1~
ST*835*1871~
BPR*I*43742.99*C*ACH*CCP*01*031100209*DA*0038865237*1066033492**01*041215016*DA*01472690005*20220121~
TRN*1*160118220263113*1066033492~
REF*EV*XXXXXXXXXXXXXXXXXXXXXXXXXXXXXX~
DTM*405*20220119~
N1*PR*AETNA~
N3*151 FARMINGTON AVENUE~
N4*HARTFORD*CT*06156~
REF*2U*60054~
PER*BL*Provider Service~
N1*PE*FULTON CO HEALTH CENTER*XX*1548279714~
N3*L3493~
N4*COLUMBUS*OH*43260~
REF*PQ*571317110~
REF*TJ*344428214~
LX*1~
TS3*1548279714*11*20221231*10*64388.62~
CLP*VAA01510880*1*49716.72*38617.67**13*220107E525830000*11*1~
NM1*QC*1*SCHMIDT*STANLEY****MI*MEBTYJTY~
NM1*82*2*FULTON CO HEALTH CENTER*****XX*1548279714~
REF*1L*467094-012~
REF*CE*VALUE PPO NET 03418~
DTM*232*20210913~
DTM*233*20210920~
DTM*050*20220107~
PER*CX**TE*8006240756~
AMT*AU*16280.19~
SVC*NU>0200*3301.19*5516.81**1~
DTM*150*20210913~
DTM*151*20210914~
CAS*CO*45*-2215.62~
REF*6R*FRXP0003167557-3~
AMT*B6*5516.81~
LQ*HE*N59~
SVC*NU>0122*1730*5516.81**1~
DTM*150*20210914~
DTM*151*20210915~
CAS*CO*45*-3786.81~
REF*6R*FRXP0003167557-2~
AMT*B6*5516.81~
LQ*HE*N59~
SVC*NU>0121*11249*27584.05**5~
DTM*150*20210915~
DTM*151*20210920~
CAS*CO*45*-16335.05~
REF*6R*FRXP0003167557-1~
AMT*B6*27584.05~
LQ*HE*N59~
SVC*HC>47564*13341.58*0*0360*0**1~
DTM*150*20210913~
DTM*151*20210920~
CAS*CO*97*13341.58*1~
REF*6R*FRXP0003167557-14~
LQ*HE*N130~
SVC*HC>47564*432*0*0361*0**4~
DTM*150*20210913~
DTM*151*20210920~
CAS*CO*97*432*4~
REF*6R*FRXP0003167557-15~
LQ*HE*N130~
SVC*NU>0410*358.5*0**0**1~
DTM*150*20210913~
DTM*151*20210920~
CAS*CO*97*358.5*1~
REF*6R*FRXP0003167557-18~
LQ*HE*N130~
SVC*NU>0412*880*0**0**2~
DTM*150*20210913~
DTM*151*20210920~
CAS*CO*97*880*2~
REF*6R*FRXP0003167557-19~
LQ*HE*N130~
SVC*NU>0710*1259*0**0**6~
DTM*150*20210913~
DTM*151*20210920~
CAS*CO*97*1259*6~
REF*6R*FRXP0003167557-21~
LQ*HE*N130~
SVC*NU>0250*2431.5*0**0**145~
DTM*150*20210913~
DTM*151*20210920~
CAS*CO*97*2431.5*145~
REF*6R*FRXP0003167557-4~
LQ*HE*N130~
SVC*NU>0255*109.45*0**0**1~
DTM*150*20210913~
DTM*151*20210920~
CAS*CO*97*109.45*1~
REF*6R*FRXP0003167557-5~
LQ*HE*N130~
SVC*NU>0300*2290*0**0**38~
DTM*150*20210913~
DTM*151*20210920~
CAS*CO*97*2290*38~
REF*6R*FRXP0003167557-6~
LQ*HE*N130~
SVC*NU>0301*2627*0**0**15~
DTM*150*20210913~
DTM*151*20210920~
CAS*CO*97*2627*15~
REF*6R*FRXP0003167557-7~
LQ*HE*N130~
SVC*NU>0305*49*0**0**1~
DTM*150*20210913~
DTM*151*20210920~
CAS*CO*97*49*1~
REF*6R*FRXP0003167557-8~
LQ*HE*N130~
SVC*NU>0306*310.5*0**0**5~
DTM*150*20210913~
DTM*151*20210920~
CAS*CO*97*310.5*5~
REF*6R*FRXP0003167557-9~
LQ*HE*N130~
SVC*NU>0310*129.5*0**0**1~
DTM*150*20210913~
DTM*151*20210920~
CAS*CO*97*129.5*1~
REF*6R*FRXP0003167557-10~
LQ*HE*N130~
SVC*NU>0320*1189*0**0**4~
DTM*150*20210913~
DTM*151*20210920~
CAS*CO*97*1189*4~
REF*6R*FRXP0003167557-11~
LQ*HE*N130~
SVC*NU>0341*1543.5*0**0**1~
DTM*150*20210913~
DTM*151*20210920~
CAS*CO*97*1543.5*1~
REF*6R*FRXP0003167557-12~
LQ*HE*N130~
SVC*NU>0351*1578.5*0**0**1~
DTM*150*20210913~
DTM*151*20210920~
CAS*CO*97*1578.5*1~
REF*6R*FRXP0003167557-13~
LQ*HE*N130~
SVC*NU>0370*1745.5*0**0**1~
DTM*150*20210913~
DTM*151*20210920~
CAS*CO*97*1745.5*1~
REF*6R*FRXP0003167557-16~
LQ*HE*N130~
SVC*NU>0402*569.5*0**0**1~
DTM*150*20210913~
DTM*151*20210920~
CAS*CO*97*569.5*1~
REF*6R*FRXP0003167557-17~
LQ*HE*N130~
SVC*NU>0614*2414*0**0**1~
DTM*150*20210913~
DTM*151*20210920~
CAS*CO*97*2414*1~
REF*6R*FRXP0003167557-20~
LQ*HE*N130~
SVC*NU>0730*178.5*0**0**1~
DTM*150*20210913~
DTM*151*20210920~
CAS*CO*97*178.5*1~
REF*6R*FRXP0003167557-22~
LQ*HE*N130~
CLP*VAA01644575*1*227*80.36**13*220113E049880000*85*1~
NM1*QC*1*OTT*ANN****MI*MEBJ59NM~
NM1*82*2*FULTON CO HEALTH CENTER*****XX*1548279714~
REF*1L*455716-056~
REF*CE*STRS PPO PLAN NET 03418~
DTM*232*20211221~
DTM*233*20211221~
DTM*050*20220113~
PER*CX**TE*8006240756~
AMT*AU*202~
SVC*HC>80048*96*38.19*0300*1~
DTM*472*20211221~
CAS*CO*45*57.81~
REF*6R*FRXP0003181927-2~
AMT*B6*38.19~
LQ*HE*N59~
SVC*HC>83880*106*42.17*0301*1~
DTM*472*20211221~
CAS*CO*45*63.83~
REF*6R*FRXP0003181927-3~
AMT*B6*42.17~
LQ*HE*N59~
SVC*HC>36415*25*0*0300*0**1~
DTM*472*20211221~
CAS*CO*97*25*1~
REF*6R*FRXP0003181927-1~
LQ*HE*N19~
CLP*VAA01401488*1*3711.25*1345.38*121.01*13*220113E133470000*85*1~
NM1*QC*1*BECK*MARGARET****MI*MEBFBP5W~
NM1*82*2*FULTON CO HEALTH CENTER*****XX*1548279714~
REF*1L*466235-001~
REF*CE*SERS PPO PLAN NET 03418~
DTM*232*20211206~
DTM*233*20211206~
DTM*050*20220113~
PER*CX**TE*8006240756~
AMT*AU*3686.25~
SVC*NU>0250*31.25*12.43**1~
DTM*472*20211206~
CAS*CO*45*18.82~
REF*6R*FRXP0003149213-1~
AMT*B6*12.43~
LQ*HE*N59~
SVC*HC>36415*25*0*0300*0**1~
DTM*472*20211206~
CAS*CO*97*25*1~
REF*6R*FRXP0003149213-2~
LQ*HE*N19~
SVC*HC>85025*93.5*37.19*0300*1~
DTM*472*20211206~
CAS*CO*45*56.31~
REF*6R*FRXP0003149213-3~
AMT*B6*37.19~
LQ*HE*N59~
SVC*HC>82378>90*113*44.95*0301*1~
DTM*472*20211206~
CAS*CO*45*68.05~
REF*6R*FRXP0003149213-4~
AMT*B6*44.95~
LQ*HE*N59~
SVC*HC>00811*179.5*71.41*0370*1~
DTM*472*20211206~
CAS*CO*45*108.09~
REF*6R*FRXP0003149213-5~
AMT*B6*71.41~
LQ*HE*N59~
SVC*NU>0710*1241*493.67**2~
DTM*472*20211206~
CAS*CO*45*747.33~
REF*6R*FRXP0003149213-6~
AMT*B6*493.67~
LQ*HE*N59~
SVC*HC>45378*2028*685.73*0750*1~
DTM*472*20211206~
CAS*CO*45*1221.26~
CAS*PR*2*121.01~
REF*6R*FRXP0003149213-7~
AMT*B6*806.74~
LQ*HE*N59~
CLP*VAA01474078*1*4169*1558.47*90*13*220115E031630000*85*1~
NM1*QC*1*BOWERS*TERRY****MI*MEBTTL8H~
NM1*82*2*FULTON CO HEALTH CENTER*****XX*1548279714~
REF*1L*467094-012~
REF*CE*VALUE PPO NET 03418~
DTM*232*20211209~
DTM*233*20211209~
DTM*050*20220115~
PER*CX**TE*8006240756~
AMT*AU*4144~
SVC*HC>36415*25*0*0300*0**1~
DTM*472*20211209~
CAS*CO*97*25*1~
REF*6R*FRXP0003158867-1~
LQ*HE*N19~
SVC*HC>80053*129*0*0300*1~
DTM*472*20211209~
CAS*CO*45*77.68~
CAS*PR*3*51.32~
REF*6R*FRXP0003158867-2~
AMT*B6*51.32~
SVC*HC>82800*50*0*0300*1~
DTM*472*20211209~
CAS*CO*45*30.11~
CAS*PR*3*19.89~
REF*6R*FRXP0003158867-3~
AMT*B6*19.89~
SVC*HC>82962*22*0*0300*1~
DTM*472*20211209~
CAS*CO*45*13.25~
CAS*PR*3*8.75~
REF*6R*FRXP0003158867-4~
AMT*B6*8.75~
SVC*HC>85025*93.5*27.15*0300*1~
DTM*472*20211209~
CAS*CO*45*56.31~
CAS*PR*3*10.04~
REF*6R*FRXP0003158867-5~
AMT*B6*37.19~
LQ*HE*N59~
SVC*HC>80306*285*113.37*0301*1~
DTM*472*20211209~
CAS*CO*45*171.63~
REF*6R*FRXP0003158867-6~
AMT*B6*113.37~
LQ*HE*N59~
SVC*HC>82010*54*21.48*0301*1~
DTM*472*20211209~
CAS*CO*45*32.52~
REF*6R*FRXP0003158867-7~
AMT*B6*21.48~
LQ*HE*N59~
SVC*HC>83605*61.5*24.46*0301*1~
DTM*472*20211209~
CAS*CO*45*37.04~
REF*6R*FRXP0003158867-8~
AMT*B6*24.46~
LQ*HE*N59~
SVC*HC>83735*75.5*30.03*0301*1~
DTM*472*20211209~
CAS*CO*45*45.47~
REF*6R*FRXP0003158867-9~
AMT*B6*30.03~
LQ*HE*N59~
SVC*HC>84100*63.5*25.26*0301*1~
DTM*472*20211209~
CAS*CO*45*38.24~
REF*6R*FRXP0003158867-10~
AMT*B6*25.26~
LQ*HE*N59~
SVC*HC>84484*89*35.4*0301*1~
DTM*472*20211209~
CAS*CO*45*53.6~
REF*6R*FRXP0003158867-11~
AMT*B6*35.4~
LQ*HE*N59~
SVC*HC>G0480*176*70.01*0301*1~
DTM*472*20211209~
CAS*CO*45*105.99~
REF*6R*FRXP0003158867-12~
AMT*B6*70.01~
LQ*HE*N59~
SVC*HC>U0003*175*69.62*0306*1~
DTM*472*20211209~
CAS*CO*45*105.38~
REF*6R*FRXP0003158867-13~
AMT*B6*69.62~
LQ*HE*N59~
SVC*HC>70450*1147.5*456.48*0351*1~
DTM*472*20211209~
CAS*CO*45*691.02~
REF*6R*FRXP0003158867-14~
AMT*B6*456.48~
LQ*HE*N59~
SVC*HC>96361*240*95.47*0450*2~
DTM*472*20211209~
CAS*CO*45*144.53~
REF*6R*FRXP0003158867-15~
AMT*B6*95.47~
LQ*HE*N59~
SVC*HC>96374*223*88.71*0450*1~
DTM*472*20211209~
CAS*CO*45*134.29~
REF*6R*FRXP0003158867-16~
AMT*B6*88.71~
LQ*HE*N59~
SVC*HC>99284*1054*419.28*0450*1~
DTM*472*20211209~
CAS*CO*45*634.72~
REF*6R*FRXP0003158867-17~
AMT*B6*419.28~
LQ*HE*N59~
SVC*HC>J1815*27*10.74*0637*1~
DTM*472*20211209~
CAS*CO*45*16.26~
REF*6R*FRXP0003158867-18~
AMT*B6*10.74~
LQ*HE*N59~
SVC*HC>93005*178.5*71.01*0730*1~
DTM*472*20211209~
CAS*CO*45*107.49~
REF*6R*FRXP0003158867-19~
AMT*B6*71.01~
LQ*HE*N59~
CLP*VAA01516614*1*3970.65*1164*75*13*220115E057050000*85*1~
NM1*QC*1*BORTON*LINDA****MI*MEBJG1YW~
NM1*82*2*FULTON CO HEALTH CENTER*****XX*1548279714~
REF*1L*455716-056~
REF*CE*STRS PPO PLAN NET 03418~
DTM*232*20211212~
DTM*233*20211213~
DTM*050*20220115~
PER*CX**TE*8006240756~
AMT*AU*3114.65~
SVC*NU>0250*5*1.99**1~
DTM*472*20211212~
CAS*CO*45*3.01~
REF*6R*FRXP0003166073-1~
AMT*B6*1.99~
LQ*HE*N59~
SVC*NU>0250*9.1*3.62**1~
DTM*472*20211213~
CAS*CO*45*5.48~
REF*6R*FRXP0003166073-2~
AMT*B6*3.62~
LQ*HE*N59~
SVC*NU>0250*8.05*3.2**1~
DTM*472*20211213~
CAS*CO*45*4.85~
REF*6R*FRXP0003166073-3~
AMT*B6*3.2~
LQ*HE*N59~
SVC*NU>0250*5*1.99**1~
DTM*472*20211213~
CAS*CO*45*3.01~
REF*6R*FRXP0003166073-4~
AMT*B6*1.99~
LQ*HE*N59~
SVC*HC>36415*25*0*0300*0**1~
DTM*472*20211212~
CAS*CO*97*25*1~
REF*6R*FRXP0003166073-5~
LQ*HE*N19~
SVC*HC>80053*129*0*0300*1~
DTM*472*20211212~
CAS*CO*45*77.68~
CAS*PR*3*51.32~
REF*6R*FRXP0003166073-6~
AMT*B6*51.32~
SVC*HC>85025*93.5*13.51*0300*1~
DTM*472*20211212~
CAS*CO*45*56.31~
CAS*PR*3*23.68~
REF*6R*FRXP0003166073-7~
AMT*B6*37.19~
LQ*HE*N59~
SVC*HC>82962*22*8.75*0300*1~
DTM*472*20211213~
CAS*CO*45*13.25~
REF*6R*FRXP0003166073-8~
AMT*B6*8.75~
LQ*HE*N59~
SVC*HC>83880*106*0*0301*0**1~
DTM*472*20211212~
CAS*CO*96*106*1~
REF*6R*FRXP0003166073-9~
LQ*HE*N115~
SVC*HC>84484*89*35.4*0301*1~
DTM*472*20211212~
CAS*CO*45*53.6~
REF*6R*FRXP0003166073-10~
AMT*B6*35.4~
LQ*HE*N59~
SVC*HC>87633*725*0*0306*0**1~
DTM*472*20211212~
CAS*CO*96*725*1~
REF*6R*FRXP0003166073-11~
LQ*HE*N115~
SVC*HC>87086*101*40.18*0306*1~
DTM*472*20211213~
CAS*CO*45*60.82~
REF*6R*FRXP0003166073-12~
AMT*B6*40.18~
LQ*HE*N59~
SVC*HC>81001*61.5*24.46*0307*1~
DTM*472*20211213~
CAS*CO*45*37.04~
REF*6R*FRXP0003166073-13~
AMT*B6*24.46~
LQ*HE*N59~
SVC*HC>71045*220*87.52*0320*1~
DTM*472*20211212~
CAS*CO*45*132.48~
REF*6R*FRXP0003166073-14~
AMT*B6*87.52~
LQ*HE*N59~
SVC*HC>97161>GP*180.5*71.8*0424*1~
DTM*472*20211213~
CAS*CO*45*108.7~
REF*6R*FRXP0003166073-15~
AMT*B6*71.8~
LQ*HE*N59~
SVC*HC>97165>GO*180.5*71.8*0434*1~
DTM*472*20211213~
CAS*CO*45*108.7~
REF*6R*FRXP0003166073-16~
AMT*B6*71.8~
LQ*HE*N59~
SVC*HC>96374*223*88.71*0450*1~
DTM*472*20211212~
CAS*CO*45*134.29~
REF*6R*FRXP0003166073-17~
AMT*B6*88.71~
LQ*HE*N59~
SVC*HC>99285*1250*497.25*0450*1~
DTM*472*20211212~
CAS*CO*45*752.75~
REF*6R*FRXP0003166073-18~
AMT*B6*497.25~
LQ*HE*N59~
SVC*HC>96372*136*54.1*0450*2~
DTM*472*20211213~
CAS*CO*45*81.9~
REF*6R*FRXP0003166073-19~
AMT*B6*54.1~
LQ*HE*N59~
SVC*HC>96375*223*88.71*0450*1~
DTM*472*20211213~
CAS*CO*45*134.29~
REF*6R*FRXP0003166073-20~
AMT*B6*88.71~
LQ*HE*N59~
SVC*HC>93005*178.5*71.01*0730*1~
DTM*472*20211212~
CAS*CO*45*107.49~
REF*6R*FRXP0003166073-21~
AMT*B6*71.01~
LQ*HE*N59~
CLP*VAA01673510*1*74*19.49**13*220115E082120000*85*1~
NM1*QC*1*EICHNER*LARRY****MI*MEBJW48R~
NM1*82*2*FULTON CO HEALTH CENTER*****XX*1548279714~
REF*1L*467094-012~
REF*CE*VALUE PPO NET 03418~
DTM*232*20211229~
DTM*233*20211229~
DTM*050*20220115~
PER*CX**TE*8006240756~
AMT*AU*49~
SVC*HC>85610*49*19.49*0305*1~
DTM*472*20211229~
CAS*CO*45*29.51~
REF*6R*FRXP0003185435-2~
AMT*B6*19.49~
LQ*HE*N59~
SVC*HC>36415*25*0*0300*0**1~
DTM*472*20211229~
CAS*CO*97*25*1~
REF*6R*FRXP0003185435-1~
LQ*HE*N19~
CLP*VAA01673779*1*660*262.55**13*220115E082130000*85*1~
NM1*QC*1*ROYTEK*GREGORY****MI*MEBT7HQN~
NM1*82*2*FULTON CO HEALTH CENTER*****XX*1548279714~
REF*1L*467094-012~
REF*CE*VALUE PPO NET 03418~
DTM*232*20211230~
DTM*233*20211230~
DTM*050*20220115~
PER*CX**TE*8006240756~
AMT*AU*660~
SVC*HC>99283*660*262.55*0450*1~
DTM*472*20211230~
CAS*CO*45*397.45~
REF*6R*FRXP0003185441-1~
AMT*B6*262.55~
LQ*HE*N59~
CLP*VAA01570209*1*1256.5*474.89*15*13*220115E082140000*85*1~
NM1*QC*1*BOWERS*TERRY****MI*MEBTTL8H~
NM1*82*2*FULTON CO HEALTH CENTER*****XX*1548279714~
REF*1L*467094-012~
REF*CE*VALUE PPO NET 03418~
DTM*232*20211215~
DTM*233*20211215~
DTM*050*20220115~
PER*CX**TE*8006240756~
AMT*AU*1231.5~
SVC*HC>80053*129*36.32*0300*1~
DTM*472*20211215~
CAS*CO*45*77.68~
CAS*PR*3*15~
REF*6R*FRXP0003172151-2~
AMT*B6*51.32~
LQ*HE*N59~
SVC*HC>84443*141*56.09*0300*1~
DTM*472*20211215~
CAS*CO*45*84.91~
REF*6R*FRXP0003172151-3~
AMT*B6*56.09~
LQ*HE*N59~
SVC*HC>85025*93.5*37.19*0300*1~
DTM*472*20211215~
CAS*CO*45*56.31~
REF*6R*FRXP0003172151-4~
AMT*B6*37.19~
LQ*HE*N59~
SVC*HC>82306*75*29.84*0301*1~
DTM*472*20211215~
CAS*CO*45*45.16~
REF*6R*FRXP0003172151-5~
AMT*B6*29.84~
LQ*HE*N59~
SVC*HC>82728*106*42.17*0301*1~
DTM*472*20211215~
CAS*CO*45*63.83~
REF*6R*FRXP0003172151-6~
AMT*B6*42.17~
LQ*HE*N59~
SVC*HC>83036*110*43.76*0301*1~
DTM*472*20211215~
CAS*CO*45*66.24~
REF*6R*FRXP0003172151-7~
AMT*B6*43.76~
LQ*HE*N59~
SVC*HC>83540*66*26.25*0301*1~
DTM*472*20211215~
CAS*CO*45*39.75~
REF*6R*FRXP0003172151-8~
AMT*B6*26.25~
LQ*HE*N59~
SVC*HC>83550*45*17.9*0301*1~
DTM*472*20211215~
CAS*CO*45*27.1~
REF*6R*FRXP0003172151-9~
AMT*B6*17.9~
LQ*HE*N59~
SVC*HC>83735*75.5*30.03*0301*1~
DTM*472*20211215~
CAS*CO*45*45.47~
REF*6R*FRXP0003172151-10~
AMT*B6*30.03~
LQ*HE*N59~
SVC*HC>84439*90.5*36*0301*1~
DTM*472*20211215~
CAS*CO*45*54.5~
REF*6R*FRXP0003172151-11~
AMT*B6*36~
LQ*HE*N59~
SVC*HC>84481>90*135.5*53.9*0301*1~
DTM*472*20211215~
CAS*CO*45*81.6~
REF*6R*FRXP0003172151-12~
AMT*B6*53.9~
LQ*HE*N59~
SVC*HC>84550*63.5*25.26*0301*1~
DTM*472*20211215~
CAS*CO*45*38.24~
REF*6R*FRXP0003172151-13~
AMT*B6*25.26~
LQ*HE*N59~
SVC*HC>87086*101*40.18*0306*1~
DTM*472*20211215~
CAS*CO*45*60.82~
REF*6R*FRXP0003172151-14~
AMT*B6*40.18~
LQ*HE*N59~
SVC*HC>36415*25*0*0300*0**1~
DTM*472*20211215~
CAS*CO*97*25*1~
REF*6R*FRXP0003172151-1~
LQ*HE*N19~
CLP*VAA01673505*1*529.5*200.69**13*220115E106920000*85*1~
NM1*QC*1*VILLARREAL*JUAN****MI*MEBN1XXC~
NM1*82*2*FULTON CO HEALTH CENTER*****XX*1548279714~
REF*1L*441297-006~
REF*CE*MEDICARE (S02) PPO PLAN NET 03418~
DTM*232*20211228~
DTM*233*20211228~
DTM*050*20220115~
PER*CX**TE*8006240756~
AMT*AU*504.5~
SVC*HC>80048*96*38.19*0300*1~
DTM*472*20211228~
CAS*CO*45*57.81~
REF*6R*FRXP0003185414-2~
AMT*B6*38.19~
LQ*HE*N59~
SVC*HC>85027*73*29.04*0300*1~
DTM*472*20211228~
CAS*CO*45*43.96~
REF*6R*FRXP0003185414-3~
AMT*B6*29.04~
LQ*HE*N59~
SVC*HC>82040*63.5*25.26*0301*1~
DTM*472*20211228~
CAS*CO*45*38.24~
REF*6R*FRXP0003185414-4~
AMT*B6*25.26~
LQ*HE*N59~
SVC*HC>82570*69.5*27.65*0301*1~
DTM*472*20211228~
CAS*CO*45*41.85~
REF*6R*FRXP0003185414-5~
AMT*B6*27.65~
LQ*HE*N59~
SVC*HC>83735*75.5*30.03*0301*1~
DTM*472*20211228~
CAS*CO*45*45.47~
REF*6R*FRXP0003185414-6~
AMT*B6*30.03~
LQ*HE*N59~
SVC*HC>84100*63.5*25.26*0301*1~
DTM*472*20211228~
CAS*CO*45*38.24~
REF*6R*FRXP0003185414-7~
AMT*B6*25.26~
LQ*HE*N59~
SVC*HC>84156*63.5*25.26*0301*1~
DTM*472*20211228~
CAS*CO*45*38.24~
REF*6R*FRXP0003185414-8~
AMT*B6*25.26~
LQ*HE*N59~
SVC*HC>36415*25*0*0300*0**1~
DTM*472*20211228~
CAS*CO*97*25*1~
REF*6R*FRXP0003185414-1~
LQ*HE*N19~
CLP*VAA01673336*1*74*19.49**13*220115E106930000*85*1~
NM1*QC*1*EICHNER*LARRY****MI*MEBJW48R~
NM1*82*2*FULTON CO HEALTH CENTER*****XX*1548279714~
REF*1L*467094-012~
REF*CE*VALUE PPO NET 03418~
DTM*232*20211223~
DTM*233*20211223~
DTM*050*20220115~
PER*CX**TE*8006240756~
AMT*AU*49~
SVC*HC>85610*49*19.49*0305*1~
DTM*472*20211223~
CAS*CO*45*29.51~
REF*6R*FRXP0003185434-2~
AMT*B6*19.49~
LQ*HE*N59~
SVC*HC>36415*25*0*0300*0**1~
DTM*472*20211223~
CAS*CO*97*25*1~
REF*6R*FRXP0003185434-1~
LQ*HE*N19~
SE*709*1871~
GE*1*1~
IEA*1*100358959~
