ISA*00*          *00*          *ZZ*133052274      *ZZ*XXXXXXXXXXXXXXX*220119*0250*^*00501*100358959*0*P*>~GS*HP*133052274*XX*20220119*0250*1*X*005010X221A1~ST*835*0581~BPR*H*0*C*NON************20220119~TRN*1*922019000312404*1066033492~REF*EV*XXXXXXXXXXXXXXXXXXXXXXXXXXXXXX~DTM*405*20220119~N1*PR*AETNA~N3*151 FARMINGTON AVENUE~N4*HARTFORD*CT*06156~REF*2U*60054~PER*BL*Provider Service~N1*PE*BCH ACQUISITION LLC*XX*1104914274~N3*PO BOX 637234~N4*CINCINNATI*OH*452637234~REF*PQ*033282210~REF*TJ*274283931~LX*1~TS3*1104914274*22*20221231*10*3261.15~CLP*WW47012*1*297*0**13*ETJMTX8J70000*13*1~NM1*QC*1*DILLER*ROBERT*O***MI*W180724476~NM1*74*1**SONDRA*K~NM1*82*2*BUCYRUS COMMUNITY HOSPITAL*****XX*1104914274~REF*1L*0141974-010-00004- D~REF*CE*Aetna HealthFund  Aetna Choice  POS II NET 00414~DTM*232*20210628~DTM*233*20210628~DTM*050*20211130~PER*CX**TE*8886323862~AMT*AU*297~SVC*HC>97530>GP*84*0*0420*0**1~DTM*472*20210628~CAS*CO*226*84*1~REF*6R*BUXP0017142979-2~AMT*B6*84~LQ*HE*N517~SVC*HC>97161>GP*213*0*0424*0**1~DTM*472*20210628~CAS*CO*226*213*1~REF*6R*BUXP0017142979-1~AMT*B6*213~LQ*HE*N517~CLP*WW47058*1*331.8*0**13*ETTXTXZBP0000*13*1~NM1*QC*1*DILLER*ROBERT*O***MI*W180724476~NM1*74*1**SONDRA*K~NM1*82*2*BUCYRUS COMMUNITY HOSPITAL*****XX*1104914274~REF*1L*0141974-010-00004- D~REF*CE*Aetna HealthFund  Aetna Choice  POS II NET 00414~DTM*232*20210630~DTM*233*20210630~DTM*050*20211130~PER*CX**TE*8886323862~AMT*AU*331.8~SVC*HC>97110>GP*91.35*0*0421*0**1~DTM*472*20210630~CAS*CO*226*91.35*1~REF*6R*BUXP0017142980-1~AMT*B6*91.35~LQ*HE*N123~LQ*HE*N517~SVC*HC>97110>GP*182.7*0*0421*0**2~DTM*472*20210630~CAS*CO*226*182.7*2~REF*6R*BUXP0017142980-1~AMT*B6*182.7~LQ*HE*N123~LQ*HE*N517~SVC*HC>97014>GP*57.75*0*0420*0**1~DTM*472*20210630~CAS*CO*226*57.75*1~REF*6R*BUXP0017142980-2~AMT*B6*57.75~LQ*HE*N517~CLP*WW47279*1*350.7*0**13*EVACTSYFN0000*13*1~NM1*QC*1*DILLER*ROBERT*O***MI*W180724476~NM1*74*1**SONDRA*K~NM1*82*2*BUCYRUS COMMUNITY HOSPITAL*****XX*1104914274~REF*1L*0141974-010-00004- D~REF*CE*Aetna HealthFund  Aetna Choice  POS II NET 00414~DTM*232*20210708~DTM*233*20210708~DTM*050*20211130~PER*CX**TE*8886323862~AMT*AU*350.7~SVC*HC>97530>GP*84*0*0420*0**1~DTM*472*20210708~CAS*CO*226*84*1~REF*6R*BUXP0017142982-1~AMT*B6*84~LQ*HE*N123~LQ*HE*N517~SVC*HC>97530>GP*84*0*0420*0**1~DTM*472*20210708~CAS*CO*226*84*1~REF*6R*BUXP0017142982-1~AMT*B6*84~LQ*HE*N123~LQ*HE*N517~SVC*HC>97110>GP*182.7*0*0421*0**2~DTM*472*20210708~CAS*CO*226*182.7*2~REF*6R*BUXP0017142982-2~AMT*B6*182.7~LQ*HE*N517~CLP*WW47300*1*317.1*0**13*EVJMTVTJQ0000*13*1~NM1*QC*1*DILLER*ROBERT*O***MI*W180724476~NM1*74*1**SONDRA*K~NM1*82*2*BUCYRUS COMMUNITY HOSPITAL*****XX*1104914274~REF*1L*0141974-010-00004- D~REF*CE*Aetna HealthFund  Aetna Choice  POS II NET 00414~DTM*232*20210706~DTM*233*20210706~DTM*050*20211130~PER*CX**TE*8886323862~AMT*AU*317.1~SVC*HC>97530>GP*84*0*0420*0**1~DTM*472*20210706~CAS*CO*226*84*1~REF*6R*BUXP0017142984-1~AMT*B6*84~LQ*HE*N123~LQ*HE*N517~SVC*HC>97530>GP*84*0*0420*0**1~DTM*472*20210706~CAS*CO*226*84*1~REF*6R*BUXP0017142984-1~AMT*B6*84~LQ*HE*N123~LQ*HE*N517~SVC*HC>97014>GP*57.75*0*0420*0**1~DTM*472*20210706~CAS*CO*226*57.75*1~REF*6R*BUXP0017142984-3~AMT*B6*57.75~LQ*HE*N517~SVC*HC>97110>GP*91.35*0*0421*0**1~DTM*472*20210706~CAS*CO*226*91.35*1~REF*6R*BUXP0017142984-2~AMT*B6*91.35~LQ*HE*N517~CLP*WW47311*1*324.45*0**13*EVTXTVNXV0000*13*1~NM1*QC*1*DILLER*ROBERT*O***MI*W180724476~NM1*74*1**SONDRA*K~NM1*82*2*BUCYRUS COMMUNITY HOSPITAL*****XX*1104914274~REF*1L*0141974-010-00004- D~REF*CE*Aetna HealthFund  Aetna Choice  POS II NET 00414~DTM*232*20210702~DTM*233*20210702~DTM*050*20211130~PER*CX**TE*8886323862~AMT*AU*324.45~SVC*HC>97014>GP*57.75*0*0420*0**1~DTM*472*20210702~CAS*CO*226*57.75*1~REF*6R*BUXP0017142985-3~AMT*B6*57.75~LQ*HE*N517~SVC*HC>97530>GP*84*0*0420*0**1~DTM*472*20210702~CAS*CO*226*84*1~REF*6R*BUXP0017142985-1~AMT*B6*84~LQ*HE*N517~SVC*HC>97110>GP*182.7*0*0421*0**2~DTM*472*20210702~CAS*CO*226*182.7*2~REF*6R*BUXP0017142985-2~AMT*B6*182.7~LQ*HE*N517~CLP*WW47268*1*350.7*0**13*EV36TWN4X0000*13*1~NM1*QC*1*DILLER*ROBERT*O***MI*W180724476~NM1*74*1**SONDRA*K~NM1*82*2*BUCYRUS COMMUNITY HOSPITAL*****XX*1104914274~REF*1L*0141974-010-00004- D~REF*CE*Aetna HealthFund  Aetna Choice  POS II NET 00414~DTM*232*20210709~DTM*233*20210709~DTM*050*20211130~PER*CX**TE*8886323862~AMT*AU*350.7~SVC*HC>97530>GP*84*0*0420*0**1~DTM*472*20210709~CAS*CO*226*84*1~REF*6R*BUXP0017142981-1~AMT*B6*84~LQ*HE*N123~LQ*HE*N517~SVC*HC>97530>GP*84*0*0420*0**1~DTM*472*20210709~CAS*CO*226*84*1~REF*6R*BUXP0017142981-1~AMT*B6*84~LQ*HE*N123~LQ*HE*N517~SVC*HC>97110>GP*182.7*0*0421*0**2~DTM*472*20210709~CAS*CO*226*182.7*2~REF*6R*BUXP0017142981-2~AMT*B6*182.7~LQ*HE*N517~CLP*WW47439*1*336*0**13*EWFCTWQ3Y0000*13*1~NM1*QC*1*DILLER*ROBERT*O***MI*W180724476~NM1*74*1**SONDRA*K~NM1*82*2*BUCYRUS COMMUNITY HOSPITAL*****XX*1104914274~REF*1L*0141974-010-00004- D~REF*CE*Aetna HealthFund  Aetna Choice  POS II NET 00414~DTM*232*20210712~DTM*233*20210712~DTM*050*20211130~PER*CX**TE*8886323862~AMT*AU*336~SVC*HC>97530>GP*84*0*0420*0**1~DTM*472*20210712~CAS*CO*226*84*1~REF*6R*BUXP0017142986-1~AMT*B6*84~LQ*HE*N123~LQ*HE*N517~SVC*HC>97530>GP*252*0*0420*0**3~DTM*472*20210712~CAS*CO*226*252*3~REF*6R*BUXP0017142986-1~AMT*B6*252~LQ*HE*N123~LQ*HE*N517~CLP*WW47641*1*343.35*0**13*EWPCTWWGC0000*13*1~NM1*QC*1*DILLER*ROBERT*O***MI*W180724476~NM1*74*1**SONDRA*K~NM1*82*2*BUCYRUS COMMUNITY HOSPITAL*****XX*1104914274~REF*1L*0141974-010-00004- D~REF*CE*Aetna HealthFund  Aetna Choice  POS II NET 00414~DTM*232*20210720~DTM*233*20210720~DTM*050*20211130~PER*CX**TE*8886323862~AMT*AU*343.35~SVC*HC>97530>GP*84*0*0420*0**1~DTM*472*20210720~CAS*CO*226*84*1~REF*6R*BUXP0017142987-1~AMT*B6*84~LQ*HE*N123~LQ*HE*N517~SVC*HC>97530>GP*168*0*0420*0**2~DTM*472*20210720~CAS*CO*226*168*2~REF*6R*BUXP0017142987-1~AMT*B6*168~LQ*HE*N123~LQ*HE*N517~SVC*HC>97110>GP*91.35*0*0421*0**1~DTM*472*20210720~CAS*CO*226*91.35*1~REF*6R*BUXP0017142987-2~AMT*B6*91.35~LQ*HE*N517~CLP*WW47652*1*259.35*0**13*EWY1TVMNB0000*13*1~NM1*QC*1*DILLER*ROBERT*O***MI*W180724476~NM1*74*1**SONDRA*K~NM1*82*2*BUCYRUS COMMUNITY HOSPITAL*****XX*1104914274~REF*1L*0141974-010-00004- D~REF*CE*Aetna HealthFund  Aetna Choice  POS II NET 00414~DTM*232*20210719~DTM*233*20210719~DTM*050*20211130~PER*CX**TE*8886323862~AMT*AU*259.35~SVC*HC>97530>GP*84*0*0420*0**1~DTM*472*20210719~CAS*CO*226*84*1~REF*6R*BUXP0017142988-1~AMT*B6*84~LQ*HE*N123~LQ*HE*N517~SVC*HC>97530>GP*84*0*0420*0**1~DTM*472*20210719~CAS*CO*226*84*1~REF*6R*BUXP0017142988-1~AMT*B6*84~LQ*HE*N123~LQ*HE*N517~SVC*HC>97110>GP*91.35*0*0421*0**1~DTM*472*20210719~CAS*CO*226*91.35*1~REF*6R*BUXP0017142988-2~AMT*B6*91.35~LQ*HE*N517~CLP*WW47654*1*350.7*0**13*E0FCTSZC20000*13*1~NM1*QC*1*DILLER*ROBERT*O***MI*W180724476~NM1*74*1**SONDRA*K~NM1*82*2*BUCYRUS COMMUNITY HOSPITAL*****XX*1104914274~REF*1L*0141974-010-00004- D~REF*CE*Aetna HealthFund  Aetna Choice  POS II NET 00414~DTM*232*20210716~DTM*233*20210716~DTM*050*20211130~PER*CX**TE*8886323862~AMT*AU*350.7~SVC*HC>97530>GP*84*0*0420*0**1~DTM*472*20210716~CAS*CO*226*84*1~REF*6R*BUXP0017142989-1~AMT*B6*84~LQ*HE*N123~LQ*HE*N517~SVC*HC>97530>GP*84*0*0420*0**1~DTM*472*20210716~CAS*CO*226*84*1~REF*6R*BUXP0017142989-1~AMT*B6*84~LQ*HE*N123~LQ*HE*N517~SVC*HC>97110>GP*182.7*0*0421*0**2~DTM*472*20210716~CAS*CO*226*182.7*2~REF*6R*BUXP0017142989-2~AMT*B6*182.7~LQ*HE*N517~SE*318*0581~ST*835*0816~BPR*H*0*C*NON************20220119~TRN*1*922019000348668*1066033492~REF*EV*XXXXXXXXXXXXXXXXXXXXXXXXXXXXXX~DTM*405*20220119~N1*PR*AETNA~N3*151 FARMINGTON AVENUE~N4*HARTFORD*CT*06156~REF*2U*60054~PER*BL*Provider Service~N1*PE*NORTH CENTRAL OHIO FAMILY CARE CENTER*XX*1689822827~N3*PO BOX 637235~N4*CINCINNATI*OH*452637235~REF*PQ*537827070~REF*TJ*341807906~LX*1~TS3*1598060337*22*20221231*2*0~CLP*6015740990*22*-757.5*-49.77**12*E136S23ZZ0000*22*1~CAS*OA*23*-199.07~CAS*PR*2*49.77~NM1*QC*1*HAMILTON*DAVID*A***MI*280426066A~NM1*74*1******C*W248456599~NM1*82*1*LUU*NHAN*T***XX*1689822827~REF*1L*0392710-019-00001-HL~REF*CE*Open Choice NET 00097~DTM*232*20211005~DTM*233*20211006~DTM*050*20211023~PER*CX**TE*8886323862~SVC*HC>99220*-546*-142.69**1~DTM*472*20211005~CAS*OA*23*-367.64~CAS*PR*2*-35.67~REF*6R*NOXP0016843466-2~SVC*HC>99225*-211.5*-56.38**1~DTM*472*20211006~CAS*OA*23*-141.02~CAS*PR*2*-14.1~REF*6R*NOXP0016843466-1~CLP*6015740990*2*757.5*49.77*49.77*12*E136S23ZZ0001*22*1~CAS*OA*23*149.3~CAS*PR*2*14.1~NM1*QC*1*HAMILTON*DAVID*A***MI*280426066A~NM1*74*1******C*W248456599~NM1*82*1*LUU*NHAN*T***XX*1689822827~REF*1L*0392710-019-00001-HL~REF*CE*Open Choice NET 00097~REF*F8*E136S23ZZ0000~DTM*232*20211005~DTM*233*20211006~DTM*050*20211027~PER*CX**TE*8886323862~AMT*AU*757.5~SVC*HC>99220*546*142.69**1~DTM*472*20211005~CAS*OA*23*367.64~CAS*PR*2*35.67~REF*6R*NOXP0016843466-2~AMT*B6*178.36~SVC*HC>99225*211.5*70.48**1~DTM*472*20211006~CAS*OA*23*141.02~REF*6R*NOXP0016843466-1~AMT*B6*70.48~SE*65*0816~ST*835*0817~BPR*I*133.66*C*ACH*CCP*01*011900445*DA*0000009046*1066033492**01*044002161*DA*7283002314*20220124~TRN*1*822019000348670*1066033492~REF*EV*XXXXXXXXXXXXXXXXXXXXXXXXXXXXXX~DTM*405*20220119~N1*PR*AETNA~N3*151 FARMINGTON AVENUE~N4*HARTFORD*CT*06156~REF*2U*60054~PER*BL*Provider Service~N1*PE*NORTH CENTRAL OHIO FAMILY CARE CENTER*XX*1689822827~N3*PO BOX 637260~N4*CINCINNATI*OH*452637260~REF*PQ*537827070~REF*TJ*341807906~LX*1~TS3*1659438562*11*20221231*1*324~CLP*6017027040*1*324*133.66*15*13*E8PCVKYK30000*11*1~NM1*QC*1*WILL*CARA*C***MI*W267087352~NM1*82*1*STAINBROOK*DAVID*G***XX*1689822827~REF*1L*0863859-010-00002- A~REF*CE*Aetna Choice  POS II NET 00242~DTM*232*20220112~DTM*233*20220112~DTM*050*20220114~PER*CX**TE*8886323862~AMT*AU*324~SVC*HC>99215*324*133.66**1~DTM*472*20220112~CAS*CO*45*175.34~CAS*PR*3*15~REF*6R*NOXP0017402120-1~AMT*B6*148.66~SE*34*0817~ST*835*0845~BPR*I*51.31*C*CHK************20220119~TRN*1*09822-041906697*1066033492~REF*EV*XXXXXXXXXXXXXXXXXXXXXXXXXXXXXX~DTM*405*20220119~N1*PR*AETNA~N3*151 FARMINGTON AVENUE~N4*HARTFORD*CT*06156~REF*2U*60054~PER*BL*Provider Service~N1*PE*GALION COMMUNITY HOSPITAL*XX*1215907522~N3*PO BOX 637235~N4*CINCINNATI*OH*452637235~REF*PQ*000413258~REF*TJ*344451872~LX*1~TS3*1215907522*22*20221231*1*150~CLP*AVI4110512453000*1*150*51.31**13*E3ACVP6XH0000*13*1~NM1*QC*1*BRETZ*AUBREY~NM1*IL*1*BRETZ*HAROLD****MI*W193636867~NM1*82*2*GALION COMMUNITY HOSPITAL*****XX*1215907522~REF*1L*0699000-010-00353-IS~REF*CE*Aetna Choice  POS II NET 00414~DTM*232*20220113~DTM*233*20220113~DTM*050*20220118~PER*CX**TE*8886323862~AMT*AU*150~SVC*HC>87635*150*51.31*0306*1~DTM*472*20220113~CAS*CO*45*98.69~REF*6R*G4XP0017423866-1~AMT*B6*51.31~SE*34*0845~ST*835*0846~BPR*I*1484*C*CHK************20220119~TRN*1*08384-018645811*1066033492~REF*EV*XXXXXXXXXXXXXXXXXXXXXXXXXXXXXX~DTM*405*20220119~N1*PR*AETNA~N3*151 FARMINGTON AVENUE~N4*HARTFORD*CT*06156~REF*2U*60054~PER*BL*Provider Service~N1*PE*GALION COMMUNITY HOSPITAL*XX*1215907522~N3*PO BOX 637235~N4*CINCINNATI*OH*452637235~REF*PQ*000413258~REF*TJ*344451872~LX*1~TS3*1215907522*21*20221231*2*66146.67~CLP*AVI4110474830401*2*61921.67*1484**12*EHY1WH6GR0000*11*1~CAS*OA*23*12282.04~NM1*QC*1*SMITH*GLORINE****MI*W249492754~NM1*82*2*GALION COMMUNITY HOSPITAL*****XX*1215907522~MIA*0****MA15~REF*1L*0392710-019-00001-HL~REF*CE*Open Choice NET 00061~DTM*232*20211110~DTM*233*20211114~DTM*050*20211216~PER*CX**TE*8886323862~AMT*AU*3096~SVC*NU>0120*3096*13766.04**4~DTM*150*20211110~DTM*151*20211113~CAS*OA*23*48155.63**94*-58825.67~REF*6R*G4XP0017238718-1~AMT*B6*13766.04~SVC*NU>0360*30571*0**2~DTM*150*20211110~DTM*151*20211114~CAS*CO*97*30571~REF*6R*G4XP0017238718-11~LQ*HE*N20~SVC*NU>0278*3681.4*0**2~DTM*150*20211110~DTM*151*20211114~CAS*CO*97*3681.4~REF*6R*G4XP0017238718-6~LQ*HE*N20~SVC*NU>0250*2038.48*0**379~DTM*150*20211110~DTM*151*20211114~CAS*CO*97*2038.48~REF*6R*G4XP0017238718-2~LQ*HE*N20~SVC*NU>0424*336*0**1~DTM*150*20211110~DTM*151*20211114~CAS*CO*97*336~REF*6R*G4XP0017238718-14~LQ*HE*N20~SVC*NU>0420*458*0**4~DTM*150*20211110~DTM*151*20211114~CAS*CO*97*458~REF*6R*G4XP0017238718-13~LQ*HE*N20~SVC*NU>0258*868*0**14~DTM*150*20211110~DTM*151*20211114~CAS*CO*97*868~REF*6R*G4XP0017238718-3~LQ*HE*N20~SVC*NU>0761*286*0**1~DTM*150*20211110~DTM*151*20211114~CAS*CO*97*286~REF*6R*G4XP0017238718-21~LQ*HE*N20~SVC*NU>0444*501*0**1~DTM*150*20211110~DTM*151*20211114~CAS*CO*97*501~REF*6R*G4XP0017238718-17~LQ*HE*N20~SVC*NU>0434*336*0**1~DTM*150*20211110~DTM*151*20211114~CAS*CO*97*336~REF*6R*G4XP0017238718-16~LQ*HE*N20~SVC*NU>0272*8378.79*0**20~DTM*150*20211110~DTM*151*20211114~CAS*CO*97*8378.79~REF*6R*G4XP0017238718-5~LQ*HE*N20~SVC*NU>0270*929*0**5~DTM*150*20211110~DTM*151*20211114~CAS*CO*97*929~REF*6R*G4XP0017238718-4~LQ*HE*N20~SVC*NU>0370*732*0**4~DTM*150*20211110~DTM*151*20211114~CAS*CO*97*732~REF*6R*G4XP0017238718-12~LQ*HE*N20~SVC*NU>0710*8399*0**18~DTM*150*20211110~DTM*151*20211114~CAS*CO*97*8399~REF*6R*G4XP0017238718-19~LQ*HE*N20~SVC*NU>0430*112*0**1~DTM*150*20211110~DTM*151*20211114~CAS*CO*97*112~REF*6R*G4XP0017238718-15~LQ*HE*N20~SVC*NU>0460*238*0**7~DTM*150*20211110~DTM*151*20211114~CAS*CO*97*238~REF*6R*G4XP0017238718-18~LQ*HE*N20~SVC*NU>0300*639*0**14~DTM*150*20211110~DTM*151*20211114~CAS*CO*97*639~REF*6R*G4XP0017238718-7~LQ*HE*N20~SVC*NU>0730*322*0**2~DTM*150*20211110~DTM*151*20211114~CAS*CO*97*322~REF*6R*G4XP0017238718-20~LQ*HE*N20~CLP*AVI4110474830401*1*4225*0**12*EHY1WH6GR0001*11*1~NM1*QC*1*SMITH*GLORINE****MI*W249492754~NM1*82*2*GALION COMMUNITY HOSPITAL*****XX*1215907522~MIA*0****MA15~REF*1L*0392710-019-00001-HL~REF*CE*Open Choice NET 00061~DTM*232*20211110~DTM*233*20211114~DTM*050*20211216~PER*CX**TE*8886323862~AMT*AU*4225~SVC*NU>0320*534*0**0**1~DTM*150*20211110~DTM*151*20211114~CAS*OA*23*534*1~REF*6R*G4XP0017238718-10~AMT*B6*534~SVC*NU>0301*2967*0**0**26~DTM*150*20211110~DTM*151*20211114~CAS*OA*23*2967*26~REF*6R*G4XP0017238718-8~AMT*B6*2967~SVC*NU>0305*724*0**0**8~DTM*150*20211110~DTM*151*20211114~CAS*OA*23*724*8~REF*6R*G4XP0017238718-9~AMT*B6*724~SE*167*0846~ST*835*0847~BPR*H*0*C*NON************20220119~TRN*1*922019000348927*1066033492~REF*EV*XXXXXXXXXXXXXXXXXXXXXXXXXXXXXX~DTM*405*20220119~N1*PR*AETNA~N3*151 FARMINGTON AVENUE~N4*HARTFORD*CT*06156~REF*2U*60054~PER*BL*Provider Service~N1*PE*GALION COMMUNITY HOSPITAL*XX*1215907522~N3*PO BOX 637235~N4*CINCINNATI*OH*452637235~REF*PQ*000413258~REF*TJ*344451872~LX*1~TS3*1215907522*22*20221231*2*230~CLP*AVI4110509847100*1*127*0*107.95*13*ETTXVQQK40000*13*1~NM1*QC*1*WOZNIAK*ROBERT*A~NM1*IL*1*WOZNIAK*SHARON*L***MI*W198529526~NM1*82*2*GALION COMMUNITY HOSPITAL*****XX*1215907522~REF*1L*0863859-010-00003- A~REF*CE*Aetna Choice  POS II NET 00414~DTM*232*20220110~DTM*233*20220110~DTM*050*20220115~PER*CX**TE*8886323862~AMT*AU*127~SVC*HC>99213*127*0*0510*1~DTM*472*20220110~CAS*CO*45*19.05~CAS*PR*1*107.95~REF*6R*G4XP0017413742-1~AMT*B6*107.95~CLP*AVI4110509028200*1*103*0*87.55*13*EV36VPFGK0000*13*1~NM1*QC*1*SELVAGE*ELIANA*G~NM1*IL*1*SELVAGE*THOMAS****MI*W198440355~NM1*82*2*GALION COMMUNITY HOSPITAL*****XX*1215907522~REF*1L*0863854-010-00001- A~REF*CE*Aetna Choice  POS II NET 00414~DTM*232*20220110~DTM*233*20220110~DTM*050*20220115~PER*CX**TE*8886323862~AMT*AU*103~SVC*HC>36415*7*0*0300*1~DTM*472*20220110~CAS*CO*45*1.05~CAS*PR*1*5.95~REF*6R*G4XP0017413752-1~AMT*B6*5.95~SVC*HC>80051*15*0*0301*1~DTM*472*20220110~CAS*CO*45*2.25~CAS*PR*1*12.75~REF*6R*G4XP0017413752-2~AMT*B6*12.75~SVC*HC>82565*17*0*0301*1~DTM*472*20220110~CAS*CO*45*2.55~CAS*PR*1*14.45~REF*6R*G4XP0017413752-3~AMT*B6*14.45~SVC*HC>82947*13*0*0301*1~DTM*472*20220110~CAS*CO*45*1.95~CAS*PR*1*11.05~REF*6R*G4XP0017413752-4~AMT*B6*11.05~SVC*HC>84520*13*0*0301*1~DTM*472*20220110~CAS*CO*45*1.95~CAS*PR*1*11.05~REF*6R*G4XP0017413752-5~AMT*B6*11.05~SVC*HC>85025*25*0*0305*1~DTM*472*20220110~CAS*CO*45*3.75~CAS*PR*1*21.25~REF*6R*G4XP0017413752-6~AMT*B6*21.25~SVC*HC>85610*13*0*0305*1~DTM*472*20220110~CAS*CO*45*1.95~CAS*PR*1*11.05~REF*6R*G4XP0017413752-7~AMT*B6*11.05~SE*88*0847~ST*835*1066~BPR*I*2385.43*C*ACH*CCP*01*031100209*DA*0038865237*1066033492**01*044002161*DA*7283195753*20220121~TRN*1*160118220239744*1066033492~REF*EV*XXXXXXXXXXXXXXXXXXXXXXXXXXXXXX~DTM*405*20220119~N1*PR*AETNA~N3*151 FARMINGTON AVENUE~N4*HARTFORD*CT*06156~REF*2U*60054~PER*BL*Provider Service~N1*PE*BCH ACQUISITION LLC*XX*1104914274~N3*P.O. BOX 637234~N4*CINCINNATI*OH*45263~REF*PQ*033282210~REF*TJ*274283931~LX*1~TS3*1104914274*85*20221231*3*3607~CLP*AVI411050190410*22*-6858.93*-928.71**13*220104E105200004~NM1*QC*1*DESCHNER*DALE*E***MI*MEBVT5ZG~NM1*82*2*BCH ACQUISITION LLC*****XX*1104914274~REF*1L*455716-062~REF*CE*STRS PPO PLAN NET 02101~DTM*232*20211229~DTM*233*20211229~DTM*050*20220104~PER*CX**TE*8006240756~SVC*HC>00142*-294*-97.88*0370*1~DTM*472*20211229~CAS*CO*45*-192.04~CAS*PR*3*-4.08~LQ*HE*N59~LQ*HE*N694~SVC*HC>82948*-29*-10.06*0301*1~DTM*472*20211229~CAS*CO*45*-18.94~LQ*HE*N59~LQ*HE*N694~SVC*NU>0270*-61*-20.3**1~DTM*472*20211229~CAS*CO*45*-39.85~CAS*PR*3*-.85~LQ*HE*N59~LQ*HE*N694~SVC*NU>0272*-1866.6*-621.45**1~DTM*472*20211229~CAS*CO*45*-1219.26~CAS*PR*3*-25.89~LQ*HE*N59~LQ*HE*N694~SVC*HC>V2630*-4072.8*0*0276*0**1~DTM*472*20211229~CAS*CO*55*-4072.8*1~LQ*HE*N623~LQ*HE*N694~SVC*HC>J2250*-18.6*-6.45*0636*2**1~DTM*472*20211229~CAS*CO*45*-12.15~LQ*HE*N59~LQ*HE*N694~SVC*HC>J3010*-18.6*-6.45*0636*1~DTM*472*20211229~CAS*CO*45*-12.15~LQ*HE*N59~LQ*HE*N694~SVC*HC>J0171*-15.12*-5.24*0636*5**1~DTM*472*20211229~CAS*CO*45*-9.88~LQ*HE*N59~LQ*HE*N694~SVC*NU>0710*-278*-92.55**1~DTM*472*20211229~CAS*CO*45*-181.59~CAS*PR*3*-3.86~LQ*HE*N59~LQ*HE*N694~SVC*NU>0250*-86.01*-28.64**1~DTM*472*20211229~CAS*CO*45*-56.18~CAS*PR*3*-1.19~LQ*HE*N59~LQ*HE*N694~SVC*NU>0250*-29.7*-9.89**1~DTM*472*20211229~CAS*CO*45*-19.4~CAS*PR*3*-.41~LQ*HE*N59~LQ*HE*N694~SVC*NU>0250*-27.5*-9.16**1~DTM*472*20211229~CAS*CO*45*-17.96~CAS*PR*3*-.38~LQ*HE*N59~LQ*HE*N694~SVC*NU>0258*-62*-20.64**1~DTM*472*20211229~CAS*CO*45*-40.5~CAS*PR*3*-.86~LQ*HE*N59~LQ*HE*N694~CLP*AVI4110501904100*1*6858.93*2283.98*94.41*13*220112E133810000*85*7~NM1*QC*1*DESCHNER*DALE*E***MI*MEBVT5ZG~NM1*82*2*BCH ACQUISITION LLC*****XX*1104914274~REF*1L*455716-062~REF*CE*STRS PPO PLAN NET 03418~DTM*232*20211229~DTM*233*20211229~DTM*050*20220112~PER*CX**TE*8006240756~AMT*AU*6858.93~SVC*NU>0250*86.01*28.64**1~DTM*472*20211229~CAS*CO*45*56.18~CAS*PR*2*1.19~REF*6R*BUXP0017395777-1~AMT*B6*29.83~LQ*HE*N59~SVC*NU>0250*29.7*9.89**1~DTM*472*20211229~CAS*CO*45*19.4~CAS*PR*2*.41~REF*6R*BUXP0017395777-3~AMT*B6*10.3~LQ*HE*N59~SVC*NU>0250*27.5*9.16**1~DTM*472*20211229~CAS*CO*45*17.96~CAS*PR*2*.38~REF*6R*BUXP0017395777-2~AMT*B6*9.54~LQ*HE*N59~SVC*NU>0258*62*20.64**1~DTM*472*20211229~CAS*CO*45*40.5~CAS*PR*2*.86~REF*6R*BUXP0017395777-5~AMT*B6*21.5~LQ*HE*N59~SVC*NU>0270*61*20.3**1~DTM*472*20211229~CAS*CO*45*39.85~CAS*PR*2*.85~REF*6R*BUXP0017395777-6~AMT*B6*21.15~LQ*HE*N59~SVC*NU>0272*1866.6*621.45**1~DTM*472*20211229~CAS*CO*45*1219.26~CAS*PR*2*25.89~REF*6R*BUXP0017395777-7~AMT*B6*647.34~LQ*HE*N59~SVC*HC>82948*29*9.66*0301*1~DTM*472*20211229~CAS*CO*45*18.94~CAS*PR*2*.4~REF*6R*BUXP0017395777-9~AMT*B6*10.06~LQ*HE*N59~SVC*HC>66984>RT*4072.8*1355.67*0360*1~DTM*472*20211229~CAS*CO*45*2660.64~CAS*PR*2*56.49~REF*6R*BUXP0017395777-8~AMT*B6*1412.16~SVC*HC>00142*294*97.88*0370*1~DTM*472*20211229~CAS*CO*45*192.04~CAS*PR*2*4.08~REF*6R*BUXP0017395777-10~AMT*B6*101.96~LQ*HE*N59~SVC*HC>J2250*18.6*6.45*0636*2~DTM*472*20211229~CAS*CO*45*12.15~REF*6R*BUXP0017395777-11~AMT*B6*6.45~LQ*HE*N59~SVC*HC>J3010*18.6*6.45*0636*1~DTM*472*20211229~CAS*CO*45*12.15~REF*6R*BUXP0017395777-12~AMT*B6*6.45~LQ*HE*N59~SVC*HC>J0171*15.12*5.24*0636*5~DTM*472*20211229~CAS*CO*45*9.88~REF*6R*BUXP0017395777-4~AMT*B6*5.24~LQ*HE*N59~SVC*NU>0710*278*92.55**1~DTM*472*20211229~CAS*CO*45*181.59~CAS*PR*2*3.86~REF*6R*BUXP0017395777-13~AMT*B6*96.41~LQ*HE*N59~CLP*AVI4110503075800*1*3607*1030.16*90*13*220114E058010000*85*1~NM1*QC*1*PITT*EDWIN****MI*MEBT2YKY~NM1*82*2*BCH ACQUISITION LLC*****XX*1104914274~REF*1L*467094-012~REF*CE*VALUE PPO NET 03418~DTM*232*20211228~DTM*233*20211228~DTM*050*20220114~PER*CX**TE*8006240756~AMT*AU*3230~SVC*NU>0258*62*21.5**1~DTM*472*20211228~CAS*CO*45*40.5~REF*6R*BUXP0017405984-1~AMT*B6*21.5~LQ*HE*N59~SVC*HC>80051*78*0*0301*1~DTM*472*20211228~CAS*CO*45*50.95~CAS*PR*3*27.05~REF*6R*BUXP0017405984-2~AMT*B6*27.05~SVC*HC>80076*259*26.87*0301*1~DTM*472*20211228~CAS*CO*45*169.18~CAS*PR*3*62.95~REF*6R*BUXP0017405984-3~AMT*B6*89.82~LQ*HE*N59~SVC*HC>82550*61*21.15*0301*1~DTM*472*20211228~CAS*CO*45*39.85~REF*6R*BUXP0017405984-4~AMT*B6*21.15~LQ*HE*N59~SVC*HC>82565*42*14.57*0301*1~DTM*472*20211228~CAS*CO*45*27.43~REF*6R*BUXP0017405984-5~AMT*B6*14.57~LQ*HE*N59~SVC*HC>82803*277*96.06*0301*1~DTM*472*20211228~CAS*CO*45*180.94~REF*6R*BUXP0017405984-6~AMT*B6*96.06~LQ*HE*N59~SVC*HC>82947*46*15.95*0301*1~DTM*472*20211228~CAS*CO*45*30.05~REF*6R*BUXP0017405984-7~AMT*B6*15.95~LQ*HE*N59~SVC*HC>82948>59*29*10.06*0301*1~DTM*472*20211228~CAS*CO*45*18.94~REF*6R*BUXP0017405984-8~AMT*B6*10.06~LQ*HE*N59~SVC*HC>83735*67*23.24*0301*1~DTM*472*20211228~CAS*CO*45*43.76~REF*6R*BUXP0017405984-9~AMT*B6*23.24~LQ*HE*N59~SVC*HC>83880*377*0*0301*0**1~DTM*472*20211228~CAS*CO*96*377*1~REF*6R*BUXP0017405984-10~LQ*HE*N115~SVC*HC>84443*201*69.71*0301*1~DTM*472*20211228~CAS*CO*45*131.29~REF*6R*BUXP0017405984-11~AMT*B6*69.71~LQ*HE*N59~SVC*HC>84484*138*47.86*0301*1~DTM*472*20211228~CAS*CO*45*90.14~REF*6R*BUXP0017405984-12~AMT*B6*47.86~LQ*HE*N59~SVC*HC>84520*34*11.79*0301*1~DTM*472*20211228~CAS*CO*45*22.21~REF*6R*BUXP0017405984-13~AMT*B6*11.79~LQ*HE*N59~SVC*HC>85025*102*35.37*0305*1~DTM*472*20211228~CAS*CO*45*66.63~REF*6R*BUXP0017405984-14~AMT*B6*35.37~LQ*HE*N59~SVC*HC>87635*150*52.02*0306*1~DTM*472*20211228~CAS*CO*45*97.98~REF*6R*BUXP0017405984-15~AMT*B6*52.02~LQ*HE*N59~SVC*HC>71045>FY*267*92.6*0324*1~DTM*472*20211228~CAS*CO*45*174.4~REF*6R*BUXP0017405984-16~AMT*B6*92.6~LQ*HE*N59~SVC*HC>99285>25*1256*435.58*0450*1~DTM*472*20211228~CAS*CO*45*820.42~REF*6R*BUXP0017405984-17~AMT*B6*435.58~LQ*HE*N59~SVC*HC>93005*161*55.83*0730*1~DTM*472*20211228~CAS*CO*45*105.17~REF*6R*BUXP0017405984-18~AMT*B6*55.83~LQ*HE*N59~SE*315*1066~ST*835*1226~BPR*I*239.96*C*ACH*CCP*01*031100209*DA*0038865237*1066033492**01*044002161*DA*7283002314*20220121~TRN*1*160118220257664*1066033492~REF*EV*XXXXXXXXXXXXXXXXXXXXXXXXXXXXXX~DTM*405*20220119~N1*PR*AETNA~N3*151 FARMINGTON AVENUE~N4*HARTFORD*CT*06156~REF*2U*60054~PER*BL*Provider Service~N1*PE*NORTH CENTRAL OHIO FAMILY CARE*XX*1689822827~N3*PO BOX 637235~N4*CINCINNATI*OH*452637235~REF*PQ*537827070~REF*TJ*341807906~LX*1~TS3*1508132580*22*20221231*4*544.5~CLP*6017020730*1*57.5*23.5**13*220114E011800000*22*1~NM1*QC*1*HUVLER*CAROL*J***MI*MEBVHF9B~NM1*82*2*NORTH CENTRAL OHIO FAMILY CARE*****XX*1508132580~REF*1L*467094-012~REF*CE*VALUE PPO NET 03418~DTM*232*20211216~DTM*233*20211216~DTM*050*20220114~PER*CX**TE*8006240756~AMT*AU*57.5~SVC*HC>88311>26*23.5*12.26**1~DTM*472*20211216~CAS*CO*45*11.24~REF*6R*NOXP0017402094-1~AMT*B6*12.26~LQ*HE*N59~SVC*HC>88304>26*34*11.24**1~DTM*472*20211216~CAS*CO*45*22.76~REF*6R*NOXP0017402094-2~AMT*B6*11.24~LQ*HE*N59~CLP*6017021190*1*110*36.75**13*220114E011810000*22*1~NM1*QC*1*SMITH*GEORGIA*S***MI*MEBPN54V~NM1*82*2*NORTH CENTRAL OHIO FAMILY CARE*****XX*1508132580~REF*1L*467119-543~REF*CE*GROUP MEDICARE SELECT PLAN NET 03418~DTM*232*20211221~DTM*233*20211221~DTM*050*20220114~PER*CX**TE*8006240756~AMT*AU*110~SVC*HC>88305>26*110*36.75**1~DTM*472*20211221~CAS*CO*45*73.25~REF*6R*NOXP0017401943-1~AMT*B6*36.75~LQ*HE*N59~CLP*6017020650*1*267*98.02**13*220114E036670000*22*1~NM1*QC*1*CALDWELL*CHARLES*R***MI*MEBHLZDK~NM1*82*2*NORTH CENTRAL OHIO FAMILY CARE*****XX*1508132580~REF*1L*466235-001~REF*CE*SERS PPO PLAN NET 03418~DTM*232*20211229~DTM*233*20211229~DTM*050*20220114~PER*CX**TE*8006240756~AMT*AU*267~SVC*HC>88311>26*47*24.52**2~DTM*472*20211229~CAS*CO*45*22.48~REF*6R*NOXP0017401933-1~AMT*B6*24.52~LQ*HE*N59~SVC*HC>88305>26*220*73.5**2~DTM*472*20211229~CAS*CO*45*146.5~REF*6R*NOXP0017401933-2~AMT*B6*73.5~LQ*HE*N59~CLP*6017020680*1*110*36.75**13*220114E087320000*22*1~NM1*QC*1*THOMAS*EVELYN*C***MI*MEBD42XX~NM1*82*2*NORTH CENTRAL OHIO FAMILY CARE*****XX*1508132580~REF*1L*455716-062~REF*CE*STRS PPO PLAN NET 03418~DTM*232*20211221~DTM*233*20211221~DTM*050*20220114~PER*CX**TE*8006240756~AMT*AU*110~SVC*HC>88305>26*110*36.75**1~DTM*472*20211221~CAS*CO*45*73.25~REF*6R*NOXP0017402319-1~AMT*B6*36.75~LQ*HE*N59~LX*2~TS3*1710906219*22*20221231*1*970.5~CLP*6016987030*1*970.5*44.94**13*220112E424020000*22*1~NM1*QC*1*ADKINS*PATRICIA*A***MI*MEBH720N~NM1*82*2*NORTH CENTRAL OHIO FAMILY CARE*****XX*1710906219~REF*1L*466235-001~REF*CE*SERS PPO PLAN NET 03418~DTM*232*20211028~DTM*233*20211028~DTM*050*20220112~PER*CX**TE*8006240756~AMT*AU*970.5~SVC*HC>66821>55>LT*970.5*44.94**1~DTM*472*20211028~CAS*CO*45*925.56~REF*6R*NOXP0017390812-1~AMT*B6*44.94~LQ*HE*N59~SE*112*1226~ST*835*1227~BPR*I*66.7*C*ACH*CCP*01*031100209*DA*0038865237*1066033492**01*044002161*DA*7283002314*20220121~TRN*1*160118220258770*1066033492~REF*EV*XXXXXXXXXXXXXXXXXXXXXXXXXXXXXX~DTM*405*20220119~N1*PR*AETNA~N3*151 FARMINGTON AVENUE~N4*HARTFORD*CT*06156~REF*2U*60054~PER*BL*Provider Service~N1*PE*NORTH CENTRAL OHIO FAMILY CARE*XX*1689822827~N3*PO BOX 637235~N4*CINCINNATI*OH*452637235~REF*PQ*537827070~REF*TJ*341807906~LX*1~TS3*1104897990*22*20221231*2*0~CLP*6016756240*22*-94*0**13*211222E257770000*22*1~NM1*QC*1*DECHERT*JANICE*L***MI*MEBJB93J~NM1*82*2*NORTH CENTRAL OHIO FAMILY CARE*****XX*1104897990~REF*1L*466235-006~REF*CE*SERS PPO PLAN NET 03418~DTM*232*20211216~DTM*233*20211216~DTM*050*20211222~PER*CX**TE*8006240756~SVC*HC>99213*-94*0**0**1~DTM*472*20211216~CAS*PR*B20*-94*1~REF*6R*NOXP0017272997-1~CLP*6016756240*1*94*66.7**13*220106C257770000*22*1~NM1*QC*1*DECHERT*JANICE*L***MI*MEBJB93J~NM1*82*2*NORTH CENTRAL OHIO FAMILY CARE*****XX*1104897990~REF*1L*466235-006~REF*CE*SERS PPO PLAN NET 03418~REF*F8*211222E257770000~DTM*232*20211216~DTM*233*20211216~DTM*050*20220106~PER*CX**TE*8006240756~AMT*AU*94~SVC*HC>99213*94*66.7**1~DTM*472*20211216~CAS*CO*45*27.3~REF*6R*NOXP0017272997-1~AMT*B6*66.7~LQ*HE*N59~SE*48*1227~ST*835*1288~BPR*I*18656.32*C*CHK************20220117~TRN*1*CC-42490670*1066033492~REF*EV*XXXXXXXXXXXXXXXXXXXXXXXXXXXXXX~DTM*405*20220119~N1*PR*AETNA~N3*151 FARMINGTON AVENUE~N4*HARTFORD*CT*06156~REF*2U*60054~PER*BL*Provider Service~N1*PE*GALION COMMUNITY HOSPITAL*XX*1215907522~N3*PO BOX 637235~N4*CINCINNATI*OH*452637235~REF*PQ*000413258~REF*TJ*344451872~LX*1~TS3*1215907522*11*20221231*13*67157.27~CLP*AVI4110502761700*1*150*53.55**13*220104E017290000*85*1~NM1*QC*1*LANE*SANDRA*F***MI*MEBJ117L~NM1*82*2*GALION COMMUNITY HOSPITAL*****XX*1215907522~REF*1L*441297-006~REF*CE*MEDICARE (S02) PPO PLAN NET 03418~DTM*232*20211228~DTM*233*20211228~DTM*050*20220104~PER*CX**TE*8006240756~AMT*AU*150~SVC*HC>87635*150*53.55*0306*1~DTM*472*20211228~CAS*CO*45*96.45~REF*6R*G4XP0017341179-1~AMT*B6*53.55~LQ*HE*N59~CLP*AVI4110500679600*1*62255.31*17551.7**13*220108E062790000*11*1~NM1*QC*1*STEVENSON*RICHARD*A**SR*MI*MEBNTRYY~NM1*74*1*STEVENSON SR~NM1*82*2*GALION COMMUNITY HOSPITAL*****XX*1215907522~REF*G1*3040531~REF*1L*467484-038~REF*CE*MEDICARE (S02) PPO PLAN NET 03418~DTM*232*20211223~DTM*233*20211228~DTM*050*20220108~PER*CX**TE*8006240756~AMT*AU*6390~SVC*NU>0200*4842*10531.02**3~DTM*150*20211223~DTM*151*20211226~CAS*CO*45*-5689.02~REF*6R*G4XP0017375400-2~AMT*B6*10531.02~LQ*HE*N59~SVC*HC>37215*13587*0*0490*0**1~DTM*150*20211223~DTM*151*20211228~CAS*CO*97*13587*1~REF*6R*G4XP0017375400-28~LQ*HE*M2~SVC*NU>0120*1548*7020.68**2~DTM*150*20211226~DTM*151*20211228~CAS*CO*45*-5472.68~REF*6R*G4XP0017375400-1~AMT*B6*7020.68~LQ*HE*N59~SVC*NU>0270*712*0**0**4~DTM*150*20211223~DTM*151*20211228~CAS*CO*97*712*4~REF*6R*G4XP0017375400-5~LQ*HE*M2~SVC*NU>0272*7965.45*0**0**22~DTM*150*20211223~DTM*151*20211228~CAS*CO*97*7965.45*22~REF*6R*G4XP0017375400-6~LQ*HE*M2~SVC*NU>0390*1040*0**0**2~DTM*150*20211223~DTM*151*20211228~CAS*CO*97*1040*2~REF*6R*G4XP0017375400-20~LQ*HE*M2~SVC*NU>0391*757*0**0**1~DTM*150*20211223~DTM*151*20211228~CAS*CO*97*757*1~REF*6R*G4XP0017375400-21~LQ*HE*M2~SVC*NU>0710*970*0**0**1~DTM*150*20211223~DTM*151*20211228~CAS*CO*97*970*1~REF*6R*G4XP0017375400-30~LQ*HE*M2~SVC*NU>0278*3681.4*0**0**2~DTM*150*20211223~DTM*151*20211228~CAS*CO*97*3681.4*2~REF*6R*G4XP0017375400-7~LQ*HE*M2~SVC*NU>0250*9416.41*0**0**442~DTM*150*20211223~DTM*151*20211228~CAS*CO*97*9416.41*442~REF*6R*G4XP0017375400-3~LQ*HE*M2~SVC*NU>0258*806*0**0**13~DTM*150*20211223~DTM*151*20211228~CAS*CO*97*806*13~REF*6R*G4XP0017375400-4~LQ*HE*M2~SVC*NU>0300*1004*0**0**24~DTM*150*20211223~DTM*151*20211228~CAS*CO*97*1004*24~REF*6R*G4XP0017375400-8~LQ*HE*M2~SVC*NU>0301*4606.05*0**0**44~DTM*150*20211223~DTM*151*20211228~CAS*CO*97*4606.05*44~REF*6R*G4XP0017375400-9~LQ*HE*M2~SVC*NU>0302*464*0**0**4~DTM*150*20211223~DTM*151*20211228~CAS*CO*97*464*4~REF*6R*G4XP0017375400-10~LQ*HE*M2~SVC*NU>0305*1907*0**0**31~DTM*150*20211223~DTM*151*20211228~CAS*CO*97*1907*31~REF*6R*G4XP0017375400-11~LQ*HE*M2~SVC*NU>0306*464*0**0**3~DTM*150*20211223~DTM*151*20211228~CAS*CO*97*464*3~REF*6R*G4XP0017375400-12~LQ*HE*M2~SVC*NU>0307*29*0**0**1~DTM*150*20211223~DTM*151*20211228~CAS*CO*97*29*1~REF*6R*G4XP0017375400-13~LQ*HE*M2~SVC*NU>0309*80*0**0**1~DTM*150*20211223~DTM*151*20211228~CAS*CO*97*80*1~REF*6R*G4XP0017375400-14~LQ*HE*M2~SVC*NU>0320*1068*0**0**2~DTM*150*20211223~DTM*151*20211228~CAS*CO*97*1068*2~REF*6R*G4XP0017375400-15~LQ*HE*M2~SVC*NU>0324*534*0**0**2~DTM*150*20211223~DTM*151*20211228~CAS*CO*97*534*2~REF*6R*G4XP0017375400-16~LQ*HE*M2~SVC*NU>0351*1628*0**0**1~DTM*150*20211223~DTM*151*20211228~CAS*CO*97*1628*1~REF*6R*G4XP0017375400-17~LQ*HE*M2~SVC*NU>0352*2053*0**0**1~DTM*150*20211223~DTM*151*20211228~CAS*CO*97*2053*1~REF*6R*G4XP0017375400-18~LQ*HE*M2~SVC*NU>0370*586*0**0**3~DTM*150*20211223~DTM*151*20211228~CAS*CO*97*586*3~REF*6R*G4XP0017375400-19~LQ*HE*M2~SVC*NU>0402*762*0**0**1~DTM*150*20211223~DTM*151*20211228~CAS*CO*97*762*1~REF*6R*G4XP0017375400-22~LQ*HE*M2~SVC*NU>0420*105*0**0**1~DTM*150*20211223~DTM*151*20211228~CAS*CO*97*105*1~REF*6R*G4XP0017375400-23~LQ*HE*M2~SVC*NU>0424*336*0**0**1~DTM*150*20211223~DTM*151*20211228~CAS*CO*97*336*1~REF*6R*G4XP0017375400-24~LQ*HE*M2~SVC*NU>0430*85*0**0**1~DTM*150*20211223~DTM*151*20211228~CAS*CO*97*85*1~REF*6R*G4XP0017375400-25~LQ*HE*M2~SVC*NU>0434*336*0**0**1~DTM*150*20211223~DTM*151*20211228~CAS*CO*97*336*1~REF*6R*G4XP0017375400-26~LQ*HE*M2~SVC*NU>0460*436*0**0**3~DTM*150*20211223~DTM*151*20211228~CAS*CO*97*436*3~REF*6R*G4XP0017375400-27~LQ*HE*M2~SVC*NU>0510*286*0**0**1~DTM*150*20211223~DTM*151*20211228~CAS*CO*97*286*1~REF*6R*G4XP0017375400-29~LQ*HE*M2~SVC*NU>0730*161*0**0**1~DTM*150*20211223~DTM*151*20211228~CAS*CO*97*161*1~REF*6R*G4XP0017375400-31~LQ*HE*M2~CLP*AVI4110472667500*1*128*44.06*1.64*13*220114E008510000*85*1~NM1*QC*1*MCCOMBS*JENNIFER*R***MI*MEBVPKVQ~NM1*82*2*GALION COMMUNITY HOSPITAL*****XX*1215907522~REF*1L*455716-057~REF*CE*STRS PPO PLAN NET 03418~DTM*232*20211108~DTM*233*20211108~DTM*050*20220114~PER*CX**TE*8006240756~AMT*AU*128~SVC*HC>G0463*115*39.42*0510*1~DTM*472*20211108~CAS*CO*45*73.94~CAS*PR*2*1.64~REF*6R*G4XP0017405489-2~AMT*B6*41.06~LQ*HE*N59~SVC*HC>85610*13*4.64*0305*1~DTM*472*20211108~CAS*CO*45*8.36~REF*6R*G4XP0017405489-1~AMT*B6*4.64~LQ*HE*N59~CLP*AVI4110422264400*1*116*0**13*220114E033340000*85*1~NM1*QC*1*MCCOMBS*JENNIFER*R***MI*MEBVPKVQ~NM1*82*2*GALION COMMUNITY HOSPITAL*****XX*1215907522~REF*1L*455716-057~REF*CE*STRS PPO PLAN NET 03418~DTM*232*20210628~DTM*233*20210628~DTM*050*20220114~PER*CX**TE*8006240756~SVC*HC>G0463*104*0*0510*0**1~DTM*472*20210628~CAS*CO*29*104*1~REF*6R*G4XP0017405484-2~SVC*HC>85610*12*0*0305*0**1~DTM*472*20210628~CAS*CO*29*12*1~REF*6R*G4XP0017405484-1~CLP*AVI4110450401300*1*128*40.28*1.5*13*220114E033350000*85*1~NM1*QC*1*MCCOMBS*JENNIFER*R***MI*MEBVPKVQ~NM1*82*2*GALION COMMUNITY HOSPITAL*****XX*1215907522~REF*1L*455716-057~REF*CE*STRS PPO PLAN NET 03418~DTM*232*20210913~DTM*233*20210913~DTM*050*20220114~PER*CX**TE*8006240756~AMT*AU*128~SVC*HC>G0463*115*36.04*0510*1~DTM*472*20210913~CAS*CO*45*77.46~CAS*PR*2*1.5~REF*6R*G4XP0017405487-2~AMT*B6*37.54~LQ*HE*N59~SVC*HC>85610*13*4.24*0305*1~DTM*472*20210913~CAS*CO*45*8.76~REF*6R*G4XP0017405487-1~AMT*B6*4.24~LQ*HE*N59~CLP*AVI4110481587600*1*128*44.06*1.64*13*220114E033360000*85*1~NM1*QC*1*MCCOMBS*JENNIFER*R***MI*MEBVPKVQ~NM1*82*2*GALION COMMUNITY HOSPITAL*****XX*1215907522~REF*1L*455716-057~REF*CE*STRS PPO PLAN NET 03418~DTM*232*20211122~DTM*233*20211122~DTM*050*20220114~PER*CX**TE*8006240756~AMT*AU*128~SVC*HC>G0463*115*39.42*0510*1~DTM*472*20211122~CAS*CO*45*73.94~CAS*PR*2*1.64~REF*6R*G4XP0017405490-2~AMT*B6*41.06~LQ*HE*N59~SVC*HC>85610*13*4.64*0305*1~DTM*472*20211122~CAS*CO*45*8.36~REF*6R*G4XP0017405490-1~AMT*B6*4.64~LQ*HE*N59~CLP*AVI4110429374900*1*128*40.28*1.5*13*220114E058690000*85*1~NM1*QC*1*MCCOMBS*JENNIFER*R***MI*MEBVPKVQ~NM1*82*2*GALION COMMUNITY HOSPITAL*****XX*1215907522~REF*1L*455716-057~REF*CE*STRS PPO PLAN NET 03418~DTM*232*20210719~DTM*233*20210719~DTM*050*20220114~PER*CX**TE*8006240756~AMT*AU*128~SVC*HC>G0463*115*36.04*0510*1~DTM*472*20210719~CAS*CO*45*77.46~CAS*PR*2*1.5~REF*6R*G4XP0017405485-2~AMT*B6*37.54~LQ*HE*N59~SVC*HC>85610*13*4.24*0305*1~DTM*472*20210719~CAS*CO*45*8.76~REF*6R*G4XP0017405485-1~AMT*B6*4.24~LQ*HE*N59~CLP*AVI4110407381800*1*116*0**13*220114E058700000*85*1~NM1*QC*1*MCCOMBS*JENNIFER*R***MI*MEBVPKVQ~NM1*82*2*GALION COMMUNITY HOSPITAL*****XX*1215907522~REF*1L*455716-057~REF*CE*STRS PPO PLAN NET 03418~DTM*232*20210517~DTM*233*20210517~DTM*050*20220114~PER*CX**TE*8006240756~SVC*HC>G0463*104*0*0510*0**1~DTM*472*20210517~CAS*CO*29*104*1~REF*6R*G4XP0017405483-2~SVC*HC>85610*12*0*0305*0**1~DTM*472*20210517~CAS*CO*29*12*1~REF*6R*G4XP0017405483-1~CLP*AVI4110436980800*1*128*40.28*1.5*13*220114E058710000*85*1~NM1*QC*1*MCCOMBS*JENNIFER*R***MI*MEBVPKVQ~NM1*82*2*GALION COMMUNITY HOSPITAL*****XX*1215907522~REF*1L*455716-057~REF*CE*STRS PPO PLAN NET 03418~DTM*232*20210809~DTM*233*20210809~DTM*050*20220114~PER*CX**TE*8006240756~AMT*AU*128~SVC*HC>G0463*115*36.04*0510*1~DTM*472*20210809~CAS*CO*45*77.46~CAS*PR*2*1.5~REF*6R*G4XP0017405486-2~AMT*B6*37.54~LQ*HE*N59~SVC*HC>85610*13*4.24*0305*1~DTM*472*20210809~CAS*CO*45*8.76~REF*6R*G4XP0017405486-1~AMT*B6*4.24~LQ*HE*N59~CLP*AVI4110459297800*1*128*40.28*1.5*13*220114E058720000*85*1~NM1*QC*1*MCCOMBS*JENNIFER*R***MI*MEBVPKVQ~NM1*82*2*GALION COMMUNITY HOSPITAL*****XX*1215907522~REF*1L*455716-057~REF*CE*STRS PPO PLAN NET 03418~DTM*232*20211004~DTM*233*20211004~DTM*050*20220114~PER*CX**TE*8006240756~AMT*AU*128~SVC*HC>G0463*115*36.04*0510*1~DTM*472*20211004~CAS*CO*45*77.46~CAS*PR*2*1.5~REF*6R*G4XP0017405488-2~AMT*B6*37.54~LQ*HE*N59~SVC*HC>85610*13*4.24*0305*1~DTM*472*20211004~CAS*CO*45*8.76~REF*6R*G4XP0017405488-1~AMT*B6*4.24~LQ*HE*N59~CLP*AVI4110499786500*1*128*44.06*1.64*13*220114E058730000*85*1~NM1*QC*1*MCCOMBS*JENNIFER*R***MI*MEBVPKVQ~NM1*82*2*GALION COMMUNITY HOSPITAL*****XX*1215907522~REF*1L*455716-057~REF*CE*STRS PPO PLAN NET 03418~DTM*232*20211222~DTM*233*20211222~DTM*050*20220114~PER*CX**TE*8006240756~AMT*AU*128~SVC*HC>G0463*115*39.42*0510*1~DTM*472*20211222~CAS*CO*45*73.94~CAS*PR*2*1.64~REF*6R*G4XP0017405491-2~AMT*B6*41.06~LQ*HE*N59~SVC*HC>85610*13*4.64*0305*1~DTM*472*20211222~CAS*CO*45*8.36~REF*6R*G4XP0017405491-1~AMT*B6*4.64~LQ*HE*N59~CLP*AVI4110486321203*1*1353.96*0**13*220114E083910000*85*1~NM1*QC*1*ERLSTEN*KATHRYN*A***MI*MEBD6RRW~NM1*82*2*GALION COMMUNITY HOSPITAL*****XX*1215907522~REF*1L*455716-056~REF*CE*STRS PPO PLAN NET 03418~DTM*232*20211227~DTM*233*20211227~DTM*050*20220114~PER*CX**TE*8006240756~SVC*HC>G0463*115*0*0510*0**1~DTM*472*20211227~CAS*OA*18*115*1~REF*6R*G4XP0017405424-3~LQ*HE*N522~SVC*HC>J7324*1141.96*0*0636*0**2~DTM*472*20211227~CAS*OA*18*1141.96*2~REF*6R*G4XP0017405424-1~LQ*HE*N522~SVC*HC>20610>50*97*0*0510*0**1~DTM*472*20211227~CAS*OA*18*97*1~REF*6R*G4XP0017405424-2~LQ*HE*N522~CLP*AVI4110489382101*1*2270*757.77*52.61*13*220114E083920000*85*1~NM1*QC*1*ERLSTEN*KATHRYN*A***MI*MEBD6RRW~NM1*82*2*GALION COMMUNITY HOSPITAL*****XX*1215907522~REF*1L*455716-056~REF*CE*STRS PPO PLAN NET 03418~DTM*232*20211210~DTM*233*20211217~DTM*050*20220114~PER*CX**TE*8006240756~AMT*AU*2270~SVC*HC>97162>GP*336*94.95*0424*1~DTM*472*20211210~CAS*CO*45*216.05~CAS*PR*3*25~REF*6R*G4XP0017405425-8~AMT*B6*119.95~LQ*HE*N59~SVC*HC>97110>GP>59*122*41.81*0420*1~DTM*472*20211210~CAS*CO*45*78.45~CAS*PR*2*1.74~REF*6R*G4XP0017405425-2~AMT*B6*43.55~LQ*HE*N59~SVC*HC>97112>GP>59*119*40.78*0420*1~DTM*472*20211210~CAS*CO*45*76.52~CAS*PR*2*1.7~REF*6R*G4XP0017405425-5~AMT*B6*42.48~LQ*HE*N59~SVC*HC>76770*762*261.15*0402*1~DTM*472*20211210~CAS*CO*45*489.97~CAS*PR*2*10.88~REF*6R*G4XP0017405425-1~AMT*B6*272.03~LQ*HE*N59~SVC*HC>97110>GP>59*122*41.81*0420*1~DTM*472*20211215~CAS*CO*45*78.45~CAS*PR*2*1.74~REF*6R*G4XP0017405425-3~AMT*B6*43.55~LQ*HE*N59~SVC*HC>97112>GP>59*238*81.57*0420*2~DTM*472*20211215~CAS*CO*45*153.03~CAS*PR*2*3.4~REF*6R*G4XP0017405425-6~AMT*B6*84.97~LQ*HE*N59~SVC*HC>92507>GN*211*72.32*0440*1~DTM*472*20211215~CAS*CO*45*135.67~CAS*PR*2*3.01~REF*6R*G4XP0017405425-9~AMT*B6*75.33~LQ*HE*N59~SVC*HC>97110>GP>59*122*41.81*0420*1~DTM*472*20211217~CAS*CO*45*78.45~CAS*PR*2*1.74~REF*6R*G4XP0017405425-4~AMT*B6*43.55~LQ*HE*N59~SVC*HC>97112>GP>59*238*81.57*0420*2~DTM*472*20211217~CAS*CO*45*153.03~CAS*PR*2*3.4~REF*6R*G4XP0017405425-7~AMT*B6*84.97~LQ*HE*N59~SE*526*1288~ST*835*1289~BPR*I*207.33*C*CHK************20220117~TRN*1*CC-42495004*1066033492~REF*EV*XXXXXXXXXXXXXXXXXXXXXXXXXXXXXX~DTM*405*20220119~N1*PR*AETNA~N3*151 FARMINGTON AVENUE~N4*HARTFORD*CT*06156~REF*2U*60054~PER*BL*Provider Service~N1*PE*GALION COMMUNITY HOSPITAL*XX*1275765653~N3*PO BOX 637235~N4*CINCINNATI*OH*452637235~REF*PQ*000413258~REF*TJ*344451872~LX*1~TS3*1275765653*71*20221231*1*495.5~CLP*6016843550*1*495.5*207.33*25*13*220113E133690000*71*1~NM1*QC*1*FRALEY*BETTY****MI*MEBNWWPK~NM1*82*2*GALION COMMUNITY HOSPITAL*****XX*1275765653~REF*1L*441297-003~REF*CE*MEDICARE (S02) PPO PLAN NET 03418~DTM*232*20211215~DTM*233*20211215~DTM*050*20220113~PER*CX**TE*8006240756~AMT*AU*495.5~SVC*HC>99306>CG*495.5*207.33*0524*1~DTM*472*20211215~CAS*CO*45*263.17~CAS*PR*3*25~REF*6R*GEXP0017307123-1~AMT*B6*232.33~LQ*HE*N59~SE*35*1289~ST*835*1290~BPR*I*266.22*C*CHK************20220117~TRN*1*CC-42495202*1066033492~REF*EV*XXXXXXXXXXXXXXXXXXXXXXXXXXXXXX~DTM*405*20220119~N1*PR*AETNA~N3*151 FARMINGTON AVENUE~N4*HARTFORD*CT*06156~REF*2U*60054~PER*BL*Provider Service~N1*PE*GALION COMMUNITY HOSPITAL*XX*1275765653~N3*PO BOX 637235~N4*CINCINNATI*OH*452637235~REF*PQ*000413258~REF*TJ*344451872~LX*1~TS3*1275765653*71*20221231*1*50.44~CLP*6016843540*1*50.44*266.22*11.09*13*220113E050050000*71*1~NM1*QC*1*GEORGE*CATHERINE*L***MI*MEBP6TVD~NM1*82*2*GALION COMMUNITY HOSPITAL*****XX*1275765653~REF*1L*455716-056~REF*CE*STRS PPO PLAN NET 03418~DTM*232*20211223~DTM*233*20211223~DTM*050*20220113~PER*CX**TE*8006240756~AMT*AU*50.44~SVC*HC>51798>CG*50.44*266.22*0521*1~DTM*472*20211223~CAS*CO*45*-226.87~CAS*PR*2*11.09~REF*6R*GEXP0017307083-1~AMT*B6*277.31~LQ*HE*N59~SE*35*1290~ST*835*1689~BPR*I*156.15*C*ACH*CCP*01*031100209*DA*0038865237*1066033492**01*044002161*DA*7283195753*20220121~TRN*1*160118220263877*1066033492~REF*EV*XXXXXXXXXXXXXXXXXXXXXXXXXXXXXX~DTM*405*20220119~N1*PR*AETNA~N3*151 FARMINGTON AVENUE~N4*HARTFORD*CT*06156~REF*2U*60054~PER*BL*Provider Service~N1*PE*BCH ACQUISITION LLC*XX*1104914274~N3*P.O. BOX 637234~N4*CINCINNATI*OH*45263~REF*PQ*033282210~REF*TJ*274283931~LX*1~TS3*1104914274*85*20221231*1*762.04~CLP*AVI4110491724100*1*762.04*156.15*108.13*13*220115E056510000*85*1~NM1*QC*1*MCKEAN*REBECCA*A***MI*MEBKM8ZT~NM1*82*2*BCH ACQUISITION LLC*****XX*1104914274~REF*1L*455716-056~REF*CE*STRS PPO PLAN NET 03418~DTM*232*20211209~DTM*233*20211209~DTM*050*20220115~PER*CX**TE*8006240756~AMT*AU*762.04~SVC*HC>G0463>25*115*38.28*0510*1~DTM*472*20211209~CAS*CO*45*75.12~CAS*PR*2*1.6~REF*6R*BUXP0017414644-5~AMT*B6*39.88~LQ*HE*N59~SVC*HC>J3301*156.88*54.41*0636*8~DTM*472*20211209~CAS*CO*45*102.47~REF*6R*BUXP0017414644-3~AMT*B6*54.41~LQ*HE*N59~SVC*HC>J1100*14.16*4.91*0636*4~DTM*472*20211209~CAS*CO*45*9.25~REF*6R*BUXP0017414644-2~AMT*B6*4.91~LQ*HE*N59~SVC*HC>20610>RT*97*0*0510*1~DTM*472*20211209~CAS*CO*45*63.36~CAS*PR*1*33.64~REF*6R*BUXP0017414644-4~AMT*B6*33.64~SVC*HC>73030>RT>FY*379*58.55*0320*1~DTM*472*20211209~CAS*CO*45*247.56~CAS*PR*1*70.45**2*2.44~REF*6R*BUXP0017414644-1~AMT*B6*131.44~LQ*HE*N59~SE*60*1689~ST*835*1837~BPR*I*123.47*C*ACH*CCP*01*031100209*DA*0038865237*1066033492**01*044002161*DA*7283002314*20220121~TRN*1*160118220271877*1066033492~REF*EV*XXXXXXXXXXXXXXXXXXXXXXXXXXXXXX~DTM*405*20220119~N1*PR*AETNA~N3*151 FARMINGTON AVENUE~N4*HARTFORD*CT*06156~REF*2U*60054~PER*BL*Provider Service~N1*PE*NORTH CENTRAL OHIO FAMILY CARE*XX*1689822827~N3*PO BOX 637235~N4*CINCINNATI*OH*452637235~REF*PQ*537827070~REF*TJ*341807906~LX*1~TS3*1699771527*22*20221231*1*270.5~CLP*6017035470*1*270.5*123.47**13*220117E246250000*22*1~NM1*QC*1*KING*DORIS*A***MI*MEBSXX5P~NM1*82*2*NORTH CENTRAL OHIO FAMILY CARE*****XX*1699771527~REF*1L*466235-001~REF*CE*SERS PPO PLAN NET 03418~DTM*232*20211216~DTM*233*20211216~DTM*050*20220117~PER*CX**TE*8006240756~AMT*AU*270.5~SVC*HC>95811>26*270.5*123.47**1~DTM*472*20211216~CAS*CO*45*147.03~REF*6R*NOXP0017411363-1~AMT*B6*123.47~LQ*HE*N59~SE*34*1837~ST*835*1838~BPR*I*98.46*C*ACH*CCP*01*031100209*DA*0038865237*1066033492**01*044002161*DA*7283002314*20220121~TRN*1*160118220272377*1066033492~REF*EV*XXXXXXXXXXXXXXXXXXXXXXXXXXXXXX~DTM*405*20220119~N1*PR*AETNA~N3*151 FARMINGTON AVENUE~N4*HARTFORD*CT*06156~REF*2U*60054~PER*BL*Provider Service~N1*PE*NORTH CENTRAL OHIO FAMILY CARE*XX*1689822827~N3*PO BOX 637235~N4*CINCINNATI*OH*452637235~REF*PQ*537827070~REF*TJ*341807906~LX*1~TS3*1659377497*22*20221231*1*101~CLP*6017035640*1*101*98.46**13*220117E224710000*22*1~NM1*QC*1*KEEFER*EDDIE****MI*MEBT60DH~NM1*82*2*NORTH CENTRAL OHIO FAMILY CARE*****XX*1659377497~REF*1L*467098-026~REF*CE*VALUE PPO NET 03418~DTM*232*20211117~DTM*233*20211117~DTM*050*20220117~PER*CX**TE*8006240756~AMT*AU*101~SVC*HC>99214*101*98.46**1~DTM*472*20211117~CAS*CO*45*2.54~REF*6R*NOXP0017411851-1~AMT*B6*98.46~LQ*HE*N59~SE*34*1838~ST*835*1839~BPR*I*49.01*C*ACH*CCP*01*031100209*DA*0038865237*1066033492**01*044002161*DA*7283002314*20220121~TRN*1*160118220273284*1066033492~REF*EV*XXXXXXXXXXXXXXXXXXXXXXXXXXXXXX~DTM*405*20220119~N1*PR*AETNA~N3*151 FARMINGTON AVENUE~N4*HARTFORD*CT*06156~REF*2U*60054~PER*BL*Provider Service~N1*PE*NORTH CENTRAL OHIO FAMILY CARE*XX*1689822827~N3*PO BOX 637235~N4*CINCINNATI*OH*452637235~REF*PQ*537827070~REF*TJ*341807906~LX*1~TS3*1508132580*22*20221231*1*133.5~CLP*6017021080*1*133.5*49.01**13*220114E062040000*22*1~NM1*QC*1*LINK*TAMARA*L***MI*MEBNZNYJ~NM1*82*2*NORTH CENTRAL OHIO FAMILY CARE*****XX*1508132580~REF*1L*441297-003~REF*CE*MEDICARE (S02) PPO PLAN NET 03418~DTM*232*20211228~DTM*233*20211228~DTM*050*20220114~PER*CX**TE*8006240756~AMT*AU*133.5~SVC*HC>88311>26*23.5*12.26**1~DTM*472*20211228~CAS*CO*45*11.24~REF*6R*NOXP0017401788-1~AMT*B6*12.26~LQ*HE*N59~SVC*HC>88305>26*110*36.75**1~DTM*472*20211228~CAS*CO*45*73.25~REF*6R*NOXP0017401788-2~AMT*B6*36.75~LQ*HE*N59~SE*40*1839~ST*835*1883~BPR*I*368.18*C*CHK************20220118~TRN*1*CC-42497437*1066033492~REF*EV*XXXXXXXXXXXXXXXXXXXXXXXXXXXXXX~DTM*405*20220119~N1*PR*AETNA~N3*151 FARMINGTON AVENUE~N4*HARTFORD*CT*06156~REF*2U*60054~PER*BL*Provider Service~N1*PE*ONTARIO PHYSICIAN PRACTICES*XX*1194154294~N3*P. O. BOX 637235~N4*CINCINNATI*OH*45263~REF*PQ*000413258~REF*TJ*344451872~LX*1~TS3*1194154294*71*20221231*2*462~CLP*6017032970*1*241*196.59**13*220114E008520000*71*1~NM1*QC*1*FORD*MARY****MI*MEBNZ0GC~NM1*82*2*ONTARIO PHYSICIAN PRACTICES*****XX*1194154294~REF*1L*467486-039~REF*CE*MEDICARE (S02) PPO PLAN NET 03418~DTM*232*20211221~DTM*233*20211221~DTM*050*20220114~PER*CX**TE*8006240756~AMT*AU*241~SVC*HC>99214>CG*241*196.59*0521*1~DTM*472*20211221~CAS*CO*45*44.41~REF*6R*GEXP0017403423-1~AMT*B6*196.59~LQ*HE*N59~CLP*6017046590*1*221*171.59*25*13*220115E057140000*71*1~NM1*QC*1*PALMER*ROBYN*S***MI*MEBP84CV~NM1*82*2*ONTARIO PHYSICIAN PRACTICES*****XX*1194154294~REF*1L*441297-003~REF*CE*MEDICARE (S02) PPO PLAN NET 03418~DTM*232*20211221~DTM*233*20211221~DTM*050*20220115~PER*CX**TE*8006240756~AMT*AU*221~SVC*HC>99213>CG*221*171.59*0521*1~DTM*472*20211221~CAS*CO*45*24.41~CAS*PR*3*25~REF*6R*GEXP0017412407-1~AMT*B6*196.59~LQ*HE*N59~SE*51*1883~ST*835*0189~BPR*I*855.97*C*ACH*CCP*01*011900445*DA*0000009046*1066033492**01*044002161*DA*7283957582*20220124~TRN*1*822019000246386*1066033492~REF*EV*XXXXXXXXXXXXXXXXXXXXXXXXXXXXXX~DTM*405*20220119~N1*PR*AETNA~N3*151 FARMINGTON AVENUE~N4*HARTFORD*CT*06156~REF*2U*60054~PER*BL*Provider Service~N1*PE*AVITA ONTARIO HOSPITAL*XX*1790131050~N3*PO BOX 639175~N4*CINCINNATI*OH*452639175~REF*PQ*834160400~REF*TJ*474992388~LX*1~TS3*1790131050*11*20221231*4*4782.81~CLP*AVI4110511012100*1*477*0**12*EA36W03FM0000*13*1~NM1*QC*1*SHAFER*DEBRA*L***MI*CLI6710998~NM1*74*1**RICHARD****C*W253590385~NM1*82*2*AVITA ONTARIO HOSPITAL*****XX*1790131050~REF*1L*0863970-010-00100-PP~REF*CE*Open Choice~DTM*232*20220112~DTM*233*20220112~DTM*050*20220118~PER*CX**TE*8004140596~AMT*AU*477~SVC*HC>77080*477*0*0320*0**1~DTM*472*20220112~CAS*PI*242*477*1~REF*6R*HBON0017421303-1~AMT*B6*477~LQ*HE*N130~CLP*AVI4110511107900*1*115*0**12*E2FCVP6290000*13*1~NM1*QC*1*SHAFER*DEBRA*L***MI*CLI6710998~NM1*74*1**RICHARD****C*W253590385~NM1*82*2*AVITA ONTARIO HOSPITAL*****XX*1790131050~REF*1L*0863970-010-00100-PP~REF*CE*Open Choice~DTM*232*20220111~DTM*233*20220111~DTM*050*20220118~PER*CX**TE*8004140596~AMT*AU*115~SVC*HC>G0463*115*0*0510*0**1~DTM*472*20220111~CAS*PI*242*115*1~REF*6R*HBON0017420195-1~AMT*B6*115~LQ*HE*N130~CLP*AVI4110482170801*1*4040.81*728.47*25*12*E2Y1T353D0000*13*1~NM1*QC*1*PERKINS*ROSA****MI*9W65AF2EJ52~NM1*74*1******C*W262942767~NM1*82*2*AVITA ONTARIO HOSPITAL*****XX*1790131050~MOA***MA15~REF*1L*0392710-019-00001-HL~REF*CE*Open Choice NET 00097~DTM*232*20211122~DTM*233*20211122~DTM*050*20211217~PER*CX**TE*8886323862~AMT*AU*1256~SVC*HC>99285>25*1256*728.47*0450*1~DTM*472*20211122~CAS*OA*23*3276.34**94*-2773.81~CAS*PR*3*25~REF*6R*HBON0017172555-16~AMT*B6*4029.81~SVC*HC>J2270*28.93*0*0636*1~DTM*472*20211122~CAS*CO*97*28.93~REF*6R*HBON0017172555-17~LQ*HE*N20~SVC*HC>J2405*14.88*0*0636*4~DTM*472*20211122~CAS*CO*97*14.88~REF*6R*HBON0017172555-18~LQ*HE*N20~SVC*HC>96374*95*0*0260*1~DTM*472*20211122~CAS*CO*97*95~REF*6R*HBON0017172555-1~LQ*HE*N20~SVC*HC>96375*116*0*0260*1~DTM*472*20211122~CAS*CO*97*116~REF*6R*HBON0017172555-2~LQ*HE*N20~SVC*HC>93005*161*0*0730*1~DTM*472*20211122~CAS*CO*97*161~REF*6R*HBON0017172555-19~LQ*HE*N20~SVC*HC>74022*534*0*0320*1~DTM*472*20211122~CAS*CO*97*534~REF*6R*HBON0017172555-15~LQ*HE*N20~SVC*HC>36415*26*0*0301*1~DTM*472*20211122~CAS*CO*97*26~REF*6R*HBON0017172555-3~LQ*HE*N20~SVC*HC>36415>91*26*0*0301*1~DTM*472*20211122~CAS*CO*97*26~REF*6R*HBON0017172555-4~LQ*HE*N20~SVC*HC>80053*364*0*0301*1~DTM*472*20211122~CAS*CO*97*364~REF*6R*HBON0017172555-5~LQ*HE*N20~SVC*HC>83690*76*0*0301*1~DTM*472*20211122~CAS*CO*97*76~REF*6R*HBON0017172555-6~LQ*HE*N20~SVC*HC>83880>GZ*377*0*0301*1~DTM*472*20211122~CAS*CO*97*377~REF*6R*HBON0017172555-7~LQ*HE*N20~SVC*HC>84484*138*0*0301*1~DTM*472*20211122~CAS*CO*97*138~REF*6R*HBON0017172555-8~LQ*HE*N20~SVC*HC>84484>91*138*0*0301*1~DTM*472*20211122~CAS*CO*97*138~REF*6R*HBON0017172555-9~LQ*HE*N20~SVC*HC>86140*116*0*0302*1~DTM*472*20211122~CAS*CO*97*116~REF*6R*HBON0017172555-10~LQ*HE*N20~SVC*HC>85025*102*0*0305*1~DTM*472*20211122~CAS*CO*97*102~REF*6R*HBON0017172555-11~LQ*HE*N20~SVC*HC>85652*44*0*0305*1~DTM*472*20211122~CAS*CO*97*44~REF*6R*HBON0017172555-12~LQ*HE*N20~SVC*HC>87502*428*0*0306*1~DTM*472*20211122~CAS*CO*97*428~REF*6R*HBON0017172555-13~LQ*HE*N20~CLP*AVI4110482170801*1*150*127.5**12*E2Y1T353D0001*13*1~NM1*QC*1*PERKINS*ROSA****MI*9W65AF2EJ52~NM1*74*1******C*W262942767~NM1*82*2*AVITA ONTARIO HOSPITAL*****XX*1790131050~MOA***MA15~REF*1L*0392710-019-00001-HL~REF*CE*Open Choice NET 00097~DTM*232*20211122~DTM*233*20211122~DTM*050*20211217~PER*CX**TE*8886323862~AMT*AU*150~SVC*HC>87635*150*127.5*0306*1~DTM*472*20211122~CAS*CO*45*22.5~REF*6R*HBON0017172555-14~AMT*B6*127.5~SE*172*0189~ST*835*1390~BPR*I*481.95*C*ACH*CCP*01*031100209*DA*0038865237*1066033492**01*044002161*DA*7283957582*20220121~TRN*1*160118220239858*1066033492~REF*EV*XXXXXXXXXXXXXXXXXXXXXXXXXXXXXX~DTM*405*20220119~N1*PR*AETNA~N3*151 FARMINGTON AVENUE~N4*HARTFORD*CT*06156~REF*2U*60054~PER*BL*Provider Service~N1*PE*AVITA ONTARIO HOSPITAL*XX*1790131050~N3*P.O. BOX 639175~N4*CINCINNATI*OH*45263~REF*PQ*834160400~REF*TJ*474992388~LX*1~TS3*1790131050*13*20221231*5*5423.65~CLP*AVI411046989470*22*-267.02*-77.19**13*211109E026420004~NM1*QC*1*SANDERS*CATHY*M***MI*MEBNC2CM~NM1*82*2*AVITA ONTARIO HOSPITAL*****XX*1790131050~REF*1L*466235-007~REF*CE*SERS PPO PLAN NET 02101~DTM*232*20211102~DTM*233*20211102~DTM*050*20211109~PER*CX**TE*8006240756~SVC*HC>G0463*-115*-77.19*0510*1~DTM*472*20211102~CAS*CO*45*-7.81~CAS*PR*3*-30~LQ*HE*N59~LQ*HE*N694~SVC*HC>81003*-17.02*0*0307*0**1~DTM*472*20211102~CAS*CO*97*-17.02*1~LQ*HE*N130~LQ*HE*N694~SVC*HC>88112*-135*0*0311*0**1~DTM*472*20211102~CAS*CO*97*-135*1~LQ*HE*N130~LQ*HE*N694~CLP*AVI4110502069900*1*4328.65*486.11*57.65*13*220104E198470000*13*1~NM1*QC*1*REARDON*CATHERINE*F***MI*MEBG9YGC~NM1*82*2*AVITA ONTARIO HOSPITAL*****XX*1790131050~REF*1L*467486-039~REF*CE*MEDICARE (S02) PPO PLAN NET 03418~DTM*232*20211227~DTM*233*20211227~DTM*050*20220104~PER*CX**TE*8006240756~AMT*AU*3455~SVC*HC>71100>RT*378*0*0320*0**1~DTM*472*20211227~CAS*CO*97*378*1~REF*6R*HBON0017338497-1~LQ*HE*N130~SVC*HC>72100*488*0*0320*0**1~DTM*472*20211227~CAS*CO*97*488*1~REF*6R*HBON0017338497-2~LQ*HE*N130~SVC*HC>74176*2613*157.75*0352*1~DTM*472*20211227~CAS*CO*45*2405.25~CAS*PR*3*50~REF*6R*HBON0017338497-3~AMT*B6*207.75~LQ*HE*N59~SVC*HC>99284>25*842*328.36*0450*1~DTM*472*20211227~CAS*CO*45*513.64~REF*6R*HBON0017338497-4~AMT*B6*328.36~LQ*HE*N59~SVC*HC>A9270>GY*7.65*0*0637*0**1~DTM*472*20211227~CAS*PR*96*7.65*1~REF*6R*HBON0017338497-5~LQ*HE*N130~CLP*AVI4110500022100*1*383*73.03**13*220104E378260000*13*1~NM1*QC*1*PARTIN*CLARA*M***MI*MEBNZR9M~NM1*82*2*AVITA ONTARIO HOSPITAL*****XX*1790131050~REF*1L*467486-039~REF*CE*MEDICARE (S02) PPO PLAN NET 03418~DTM*232*20211222~DTM*233*20211222~DTM*050*20220104~PER*CX**TE*8006240756~AMT*AU*383~SVC*HC>73562>RT*383*73.03*0320*1~DTM*472*20211222~CAS*CO*45*309.97~REF*6R*HBON0017341844-1~AMT*B6*73.03~LQ*HE*N59~CLP*AVI4110496475202*1*127*0**13*220111E017220000*13*1~NM1*QC*1*BARNETT*GENEVA****MI*MEBT0WRY~NM1*82*2*AVITA ONTARIO HOSPITAL*****XX*1790131050~REF*1L*467094-012~REF*CE*VALUE PPO NET 03418~DTM*232*20211216~DTM*233*20211216~DTM*050*20220111~PER*CX**TE*8006240756~SVC*HC>G0463*127*0*0510*0**1~DTM*472*20211216~CAS*OA*18*127*1~REF*6R*HBON0017380995-1~LQ*HE*N522~CLP*AVI4110469894702*1*852.02*0**13*220111E017250000*13*7~NM1*QC*1*SANDERS*CATHY*M***MI*MEBNC2CM~NM1*82*2*AVITA ONTARIO HOSPITAL*****XX*1790131050~REF*1L*466235-007~REF*CE*SERS PPO PLAN NET 03418~DTM*232*20211102~DTM*233*20211102~DTM*050*20220111~PER*CX**TE*8006240756~SVC*HC>G0463*115*0*0510*0**1~DTM*472*20211102~CAS*PI*4*115*1~REF*6R*HBON0017380766-4~LQ*HE*MA67~LQ*HE*N657~SVC*HC>81003*17.02*0*0307*0**1~DTM*472*20211102~CAS*PI*4*17.02*1~REF*6R*HBON0017380766-1~LQ*HE*MA67~LQ*HE*N657~SVC*HC>88120*585*0*0310*0**1~DTM*472*20211102~CAS*PI*4*585*1~REF*6R*HBON0017380766-2~LQ*HE*MA67~LQ*HE*N115~LQ*HE*N657~SVC*HC>88112*135*0*0311*0**1~DTM*472*20211102~CAS*PI*4*135*1~REF*6R*HBON0017380766-3~LQ*HE*MA67~LQ*HE*N657~SE*145*1390~GE*19*1~IEA*1*100358959~