ISA*00*          *00*          *ZZ*133052274      *ZZ*XXXXXXXXXXXXXXX*220118*2337*^*00501*100332268*0*P*>~
GS*HP*133052274*XX*20220118*2337*1*X*005010X221A1~
ST*835*0002~
BPR*H*0*C*NON************20220121~
TRN*1*C000000570*1471817274~
REF*EV*XXXXXXXXXXXXXXXXXXXXXXXXXXXXXX~
DTM*405*20220118~
N1*PR*HIGHMARK HEALTH OPTIONS~
N3*800 DELAWARE AVENUE~
N4*WILMINGTON*DE*19801~
REF*NF*47181~
REF*2U*47181~
PER*CX**TE*8443256251~
PER*BL*HIGHMARK HEALTH OPTIONS 47181*TE*8009920246~
N1*PE*EDGEPARK MEDICAL SUPPLIES*XX*1609858729~
N3*1810 SUMMIT COMMERCE PARK~
N4*TWINSBURG*OH*440872300~
REF*TJ*341650951~
LX*1~
CLP*01000583162620211223*1*141.55*6.19**HM*21574386472*12~
NM1*QC*1*ROQUE*DAIMIEN*A***MI*XHD127132187001~
NM1*IL*1*ROQUE*DAIMIEN****MI*XHD127132187001~
REF*CE*XE DELAWARE MEDICAID~
REF*1L*100886062~
DTM*050*20211228~
AMT*AU*141.55~
SVC*HC>A4421*95.4*0**0**10~
DTM*472*20211221~
CAS*CO*252*95.4~
REF*6R*CRGH0042524506-1~
LQ*HE*M23~
SVC*HC>A4927*46.15*6.19~
DTM*472*20211221~
CAS*CO*45*39.96~
REF*6R*CRGH0042524506-2~
AMT*B6*6.19~
PLB*1609858729*20221231*WO>21131059844*106.26*FB>C000000570*-100.07~
SE*36*0002~
GE*1*1~
IEA*1*100332268~
