ISA*00*          *00*          *ZZ*133052274      *ZZ*XXXXXXXXXXXXXXX*220119*0250*^*00501*100358959*0*P*>~
GS*HP*133052274*XX*20220119*0250*1*X*005010X221A1~
ST*835*0973~
BPR*I*188.76*C*ACH*CCP*01*031100209*DA*0038865237*1066033492**01*031308302*DA*1013358*20220121~
TRN*1*160118220237468*1066033492~
REF*EV*XXXXXXXXXXXXXXXXXXXXXXXXXXXXXX~
DTM*405*20220119~
N1*PR*AETNA~
N3*151 FARMINGTON AVENUE~
N4*HARTFORD*CT*06156~
REF*2U*60054~
PER*BL*Provider Service~
N1*PE*CHARLES COLE MEMORIAL HOSPITAL*XX*1003988502~
N3*1001 EAST 2ND STREET~
N4*COUDERSPORT*PA*16915~
REF*PQ*588471300~
REF*TJ*240802108~
LX*1~
TS3*1003988502*71*20221231*1*103.03~
CLP*2220120333L0*1*103.03*188.76*10*13*220114E157250000*71*1~
NM1*QC*1*HUJSA*DANIEL*A***MI*MEBGJLRN~
NM1*82*2*CHARLES COLE MEMORIAL HOSPITAL*****XX*1003988502~
REF*1L*443433-090~
REF*CE*UAW MACK TRUCK RETIREE PLAN NET 03400~
DTM*232*20211122~
DTM*233*20211122~
DTM*050*20220114~
PER*CX**TE*8006240756~
AMT*AU*103~
SVC*HC>99212>CG*103*188.76*0521*1~
DTM*472*20211122~
CAS*CO*45*-95.76~
CAS*PR*3*10~
REF*6R*H7XP0008106963-3~
AMT*B6*198.76~
LQ*HE*N59~
SVC*HC>3074F*.01*0*0521*0**1~
DTM*472*20211122~
CAS*CO*97*.01*1~
REF*6R*H7XP0008106963-1~
LQ*HE*N19~
SVC*HC>3078F*.01*0*0521*0**1~
DTM*472*20211122~
CAS*CO*97*.01*1~
REF*6R*H7XP0008106963-2~
LQ*HE*N19~
SVC*HC>G8510*.01*0*0521*0**1~
DTM*472*20211122~
CAS*CO*97*.01*1~
REF*6R*H7XP0008106963-4~
LQ*HE*N19~
SE*50*0973~
ST*835*0974~
BPR*I*3154.01*C*ACH*CCP*01*031100209*DA*0038865237*1066033492**01*031308302*DA*1013358*20220121~
TRN*1*160118220237469*1066033492~
REF*EV*XXXXXXXXXXXXXXXXXXXXXXXXXXXXXX~
DTM*405*20220119~
N1*PR*AETNA~
N3*151 FARMINGTON AVENUE~
N4*HARTFORD*CT*06156~
REF*2U*60054~
PER*BL*Provider Service~
N1*PE*CHARLES COLE MEMORIAL HOSPITAL*XX*1326161662~
N3*1001 EAST 2ND STREET~
N4*COUDERSPORT*PA*16915~
REF*PQ*588471300~
REF*TJ*240802108~
LX*1~
TS3*1326161662*85*20221231*2*9396.78~
CLP*VAX27529*1*4971*1670.26**13*220108E010810000*85*1~
NM1*QC*1*CALDWELL*WILLIAM*C***MI*MEBF8D0K~
NM1*82*2*CHARLES COLE MEMORIAL HOSPITAL*****XX*1326161662~
REF*1L*467428-141~
REF*CE*MEDICARE OPEN ACCESS PPO PLAN NET 03400~
DTM*232*20211213~
DTM*233*20211213~
DTM*050*20220108~
PER*CX**TE*8006240756~
AMT*AU*4971~
SVC*NU>0259*8.75*2.94**1~
DTM*472*20211213~
CAS*CO*45*5.81~
REF*6R*H7XP0008096333-1~
AMT*B6*2.94~
LQ*HE*N59~
SVC*HC>88305*976*327.94*0310*4~
DTM*472*20211213~
CAS*CO*45*648.06~
REF*6R*H7XP0008096333-2~
AMT*B6*327.94~
LQ*HE*N59~
SVC*HC>88342*317*106.51*0310*1~
DTM*472*20211213~
CAS*CO*45*210.49~
REF*6R*H7XP0008096333-3~
AMT*B6*106.51~
LQ*HE*N59~
SVC*NU>0370*319*107.18**29~
DTM*472*20211213~
CAS*CO*45*211.82~
REF*6R*H7XP0008096333-4~
AMT*B6*107.18~
LQ*HE*N59~
SVC*HC>J7120*11.25*3.78*0636*1~
DTM*472*20211213~
CAS*CO*45*7.47~
REF*6R*H7XP0008096333-5~
AMT*B6*3.78~
LQ*HE*N59~
SVC*HC>J2704*61*20.5*0636*40~
DTM*472*20211213~
CAS*CO*45*40.5~
REF*6R*H7XP0008096333-6~
AMT*B6*20.5~
LQ*HE*N59~
SVC*NU>0710*507*170.35**1~
DTM*472*20211213~
CAS*CO*45*336.65~
REF*6R*H7XP0008096333-7~
AMT*B6*170.35~
LQ*HE*N59~
SVC*HC>43239*2771*931.06*0750*1~
DTM*472*20211213~
CAS*CO*45*1839.94~
REF*6R*H7XP0008096333-8~
AMT*B6*931.06~
LQ*HE*N59~
CLP*VAX30287*1*4425.78*1483.75**13*220114E032450000*85*1~
NM1*QC*1*SUCHOCKI*MICHAEL*R***MI*MEBFDS2Q~
NM1*82*2*CHARLES COLE MEMORIAL HOSPITAL*****XX*1326161662~
REF*1L*467428-141~
REF*CE*MEDICARE OPEN ACCESS PPO PLAN NET 03400~
DTM*232*20211216~
DTM*233*20211216~
DTM*050*20220114~
PER*CX**TE*8006240756~
AMT*AU*4415.92~
SVC*HC>96365*670*225.12*0260*1~
DTM*472*20211216~
CAS*CO*45*444.88~
REF*6R*H7XP0008106755-1~
AMT*B6*225.12~
LQ*HE*N59~
SVC*HC>96401*423*142.13*0331*1~
DTM*472*20211216~
CAS*CO*45*280.87~
REF*6R*H7XP0008106755-2~
AMT*B6*142.13~
LQ*HE*N59~
SVC*HC>J1100*1.84*.62*0636*60~
DTM*472*20211216~
CAS*CO*45*1.22~
REF*6R*H7XP0008106755-3~
AMT*B6*.62~
LQ*HE*N59~
SVC*HC>J1626*49.08*16.49*0636*10~
DTM*472*20211216~
CAS*CO*45*32.59~
REF*6R*H7XP0008106755-4~
AMT*B6*16.49~
LQ*HE*N59~
SVC*HC>J7050*9.86*0*0636*0**1~
DTM*472*20211216~
CAS*CO*97*9.86*1~
REF*6R*H7XP0008106755-5~
LQ*HE*N19~
SVC*HC>J9025*2568.52*863.02*0636*157~
DTM*472*20211216~
CAS*CO*45*1705.5~
REF*6R*H7XP0008106755-6~
AMT*B6*863.02~
LQ*HE*N59~
SVC*HC>J9025>JW*703.48*236.37*0636*43~
DTM*472*20211216~
CAS*CO*45*467.11~
REF*6R*H7XP0008106755-7~
AMT*B6*236.37~
LQ*HE*N59~
SE*127*0974~
ST*835*0975~
BPR*I*106.55*C*ACH*CCP*01*031100209*DA*0038865237*1066033492**01*031308302*DA*1013358*20220121~
TRN*1*160118220240677*1066033492~
REF*EV*XXXXXXXXXXXXXXXXXXXXXXXXXXXXXX~
DTM*405*20220119~
N1*PR*AETNA~
N3*151 FARMINGTON AVENUE~
N4*HARTFORD*CT*06156~
REF*2U*60054~
PER*BL*Provider Service~
N1*PE*CHARLES COLE MEMORIAL HOSPITAL*XX*1306875042~
N3*1001 E 2ND ST~
N4*COUDERSPORT*PA*169158161~
REF*PQ*588471300~
REF*TJ*240802108~
LX*1~
TS3*1518913763*22*20221231*3*321~
CLP*2220120123L0*1*83*18.51**13*220114E060840000*22*1~
NM1*QC*1*ROSSETTE*VESTA****MI*MEBPHD5C~
NM1*82*2*CHARLES COLE MEMORIAL HOSPITAL*****XX*1518913763~
REF*1L*467171-021~
REF*CE*MEDICARE (P02) ESA PPO PLAN~
DTM*232*20211228~
DTM*233*20211228~
DTM*050*20220114~
PER*CX**TE*8006240756~
AMT*AU*83~
SVC*HC>93227>Q6*83*18.51**1~
DTM*472*20211228~
CAS*CO*45*64.49~
REF*6R*H7XP0008105952-1~
AMT*B6*18.51~
LQ*HE*N6~
CLP*2220120577L0*1*155*69.53**13*220114E086150000*22*1~
NM1*QC*1*SPIEGEL*CHARLES****MI*MEBNCBRH~
NM1*82*2*CHARLES COLE MEMORIAL HOSPITAL*****XX*1518913763~
REF*1L*467428-141~
REF*CE*MEDICARE OPEN ACCESS PPO PLAN~
DTM*232*20211220~
DTM*233*20211220~
DTM*050*20220114~
PER*CX**TE*8006240756~
AMT*AU*155~
SVC*HC>93306>26*155*69.53**1~
DTM*472*20211220~
CAS*CO*45*85.47~
REF*6R*H7XP0008105954-1~
AMT*B6*69.53~
LQ*HE*N6~
CLP*2220120578L0*1*83*18.51**13*220114E111150000*22*1~
NM1*QC*1*SPIEGEL*CHARLES****MI*MEBNCBRH~
NM1*82*2*CHARLES COLE MEMORIAL HOSPITAL*****XX*1518913763~
REF*1L*467428-141~
REF*CE*MEDICARE OPEN ACCESS PPO PLAN~
DTM*232*20211228~
DTM*233*20211228~
DTM*050*20220114~
PER*CX**TE*8006240756~
AMT*AU*83~
SVC*HC>93227*83*18.51**1~
DTM*472*20211228~
CAS*CO*45*64.49~
REF*6R*H7XP0008105955-1~
AMT*B6*18.51~
LQ*HE*N6~
SE*66*0975~
ST*835*0976~
BPR*I*558.24*C*ACH*CCP*01*031100209*DA*0038865237*1066033492**01*031308302*DA*1013358*20220121~
TRN*1*160118220246847*1066033492~
REF*EV*XXXXXXXXXXXXXXXXXXXXXXXXXXXXXX~
DTM*405*20220119~
N1*PR*AETNA~
N3*151 FARMINGTON AVENUE~
N4*HARTFORD*CT*06156~
REF*2U*60054~
PER*BL*Provider Service~
N1*PE*CHARLES COLE MEMORIAL HOSPITAL*XX*1578637989~
N3*1001 E 2ND ST~
N4*COUDERSPORT*PA*169158161~
REF*PQ*588471300~
REF*TJ*240802108~
LX*1~
TS3*1205195054*22*20221231*4*858~
CLP*2220120414L0*1*248*166.19**13*220114E010660000*22*1~
NM1*QC*1*MILLER*LAVERTA****MI*MEBFCK7R~
NM1*82*2*CHARLES COLE MEMORIAL HOSPITAL*****XX*1205195054~
REF*1L*467428-141~
REF*CE*MEDICARE OPEN ACCESS PPO PLAN NET 03399~
DTM*232*20211214~
DTM*233*20211214~
DTM*050*20220114~
PER*CX**TE*8006240756~
AMT*AU*248~
SVC*HC>99215>CG*248*166.19**1~
DTM*472*20211214~
CAS*CO*45*81.81~
REF*6R*H7XP0008105947-1~
AMT*B6*166.19~
LQ*HE*N59~
CLP*2220120417L0*1*181*112.93**13*220114E035590000*22*1~
NM1*QC*1*MILLER*LAVERTA****MI*MEBFCK7R~
NM1*82*2*CHARLES COLE MEMORIAL HOSPITAL*****XX*1205195054~
REF*1L*467428-141~
REF*CE*MEDICARE OPEN ACCESS PPO PLAN NET 03399~
DTM*232*20211217~
DTM*233*20211217~
DTM*050*20220114~
PER*CX**TE*8006240756~
AMT*AU*181~
SVC*HC>99214>CG*181*112.93**1~
DTM*472*20211217~
CAS*CO*45*68.07~
REF*6R*H7XP0008105950-1~
AMT*B6*112.93~
LQ*HE*N59~
CLP*2220120416L0*1*248*166.19**13*220114E060850000*22*1~
NM1*QC*1*MILLER*LAVERTA****MI*MEBFCK7R~
NM1*82*2*CHARLES COLE MEMORIAL HOSPITAL*****XX*1205195054~
REF*1L*467428-141~
REF*CE*MEDICARE OPEN ACCESS PPO PLAN NET 03399~
DTM*232*20211216~
DTM*233*20211216~
DTM*050*20220114~
PER*CX**TE*8006240756~
AMT*AU*248~
SVC*HC>99215>CG*248*166.19**1~
DTM*472*20211216~
CAS*CO*45*81.81~
REF*6R*H7XP0008105949-1~
AMT*B6*166.19~
LQ*HE*N59~
CLP*2220120415L0*1*181*112.93**13*220114E111160000*22*1~
NM1*QC*1*MILLER*LAVERTA****MI*MEBFCK7R~
NM1*82*2*CHARLES COLE MEMORIAL HOSPITAL*****XX*1205195054~
REF*1L*467428-141~
REF*CE*MEDICARE OPEN ACCESS PPO PLAN NET 03399~
DTM*232*20211215~
DTM*233*20211215~
DTM*050*20220114~
PER*CX**TE*8006240756~
AMT*AU*181~
SVC*HC>99214>CG*181*112.93**1~
DTM*472*20211215~
CAS*CO*45*68.07~
REF*6R*H7XP0008105948-1~
AMT*B6*112.93~
LQ*HE*N59~
SE*82*0976~
ST*835*0977~
BPR*I*84.15*C*ACH*CCP*01*031100209*DA*0038865237*1066033492**01*031308302*DA*1013358*20220121~
TRN*1*160118220246849*1066033492~
REF*EV*XXXXXXXXXXXXXXXXXXXXXXXXXXXXXX~
DTM*405*20220119~
N1*PR*AETNA~
N3*151 FARMINGTON AVENUE~
N4*HARTFORD*CT*06156~
REF*2U*60054~
PER*BL*Provider Service~
N1*PE*CHARLES COLE MEMORIAL HOSPITAL*XX*1306875042~
N3*1001 E 2ND ST~
N4*COUDERSPORT*PA*169158161~
REF*PQ*588471300~
REF*TJ*240802108~
LX*1~
TS3*1811988595*22*20221231*1*525~
CLP*2220070123L0*1*525*84.15**13*220111E147050001*22*1~
NM1*QC*1*CALDWELL*WILLIAM****MI*MEBF8D0K~
NM1*82*2*CHARLES COLE MEMORIAL HOSPITAL*****XX*1811988595~
REF*1L*467428-141~
REF*CE*MEDICARE OPEN ACCESS PPO PLAN NET 03400~
DTM*232*20211213~
DTM*233*20211213~
DTM*050*20220111~
PER*CX**TE*8006240756~
AMT*AU*525~
SVC*HC>00731>QY>QS*525*84.15**29~
DTM*472*20211213~
CAS*CO*45*440.85~
REF*6R*H7XP0008099512-1~
AMT*B6*84.15~
LQ*HE*N59~
SE*34*0977~
ST*835*0978~
BPR*I*110*C*ACH*CCP*01*031100209*DA*0038865237*1066033492**01*031308302*DA*1013358*20220121~
TRN*1*160118220254364*1066033492~
REF*EV*XXXXXXXXXXXXXXXXXXXXXXXXXXXXXX~
DTM*405*20220119~
N1*PR*AETNA~
N3*151 FARMINGTON AVENUE~
N4*HARTFORD*CT*06156~
REF*2U*60054~
PER*BL*Provider Service~
N1*PE*CHARLES COLE MEMORIAL HOSPITAL*XX*1407928757~
N3*PO BOX 606~
N4*COUDERSPORT*PA*169150606~
REF*PQ*588471300~
REF*TJ*240802108~
LX*1~
TS3*1407928757*71*20221231*1*130.02~
CLP*2220040095L0*1*130.02*110*20*13*220108E161110001*71*1~
NM1*QC*1*HOWARD*MELINDA****MI*MEBVXQXZ~
NM1*82*2*CHARLES COLE MEMORIAL HOSPITAL*****XX*1407928757~
REF*1L*467428-141~
REF*CE*MEDICARE OPEN ACCESS PPO PLAN NET 03399~
DTM*232*20211206~
DTM*233*20211206~
DTM*050*20220108~
PER*CX**TE*8006240756~
AMT*AU*130~
SVC*HC>99213>25>CG*130*110*0521*1~
DTM*472*20211206~
CAS*PR*3*20~
REF*6R*H7XP0008093283-3~
AMT*B6*130~
SVC*HC>3074F*.01*0*0521*0**1~
DTM*472*20211206~
CAS*CO*97*.01*1~
REF*6R*H7XP0008093283-1~
LQ*HE*N19~
SVC*HC>3078F*.01*0*0521*0**1~
DTM*472*20211206~
CAS*CO*97*.01*1~
REF*6R*H7XP0008093283-2~
LQ*HE*N19~
SE*43*0978~
ST*835*0979~
BPR*I*473*C*ACH*CCP*01*031100209*DA*0038865237*1066033492**01*031308302*DA*1013358*20220121~
TRN*1*160118220254365*1066033492~
REF*EV*XXXXXXXXXXXXXXXXXXXXXXXXXXXXXX~
DTM*405*20220119~
N1*PR*AETNA~
N3*151 FARMINGTON AVENUE~
N4*HARTFORD*CT*06156~
REF*2U*60054~
PER*BL*Provider Service~
N1*PE*CHARLES COLE MEMORIAL HOSPITAL*XX*1578637989~
N3*PO BOX 606~
N4*COUDERSPORT*PA*169150606~
REF*PQ*588471300~
REF*TJ*240802108~
LX*1~
TS3*1578637989*71*20221231*3*533.04~
CLP*2220050305L0*1*205.01*185*20*13*220107E302380001*71*1~
NM1*QC*1*SCHENCK*CHARLES*B***MI*MEBF0ZLN~
NM1*82*2*CHARLES COLE MEMORIAL HOSPITAL*****XX*1578637989~
REF*1L*467428-141~
REF*CE*MEDICARE OPEN ACCESS PPO PLAN NET 03399~
DTM*232*20211109~
DTM*233*20211109~
DTM*050*20220107~
PER*CX**TE*8006240756~
AMT*AU*205~
SVC*HC>99203>CG*205*185*0521*1~
DTM*472*20211109~
CAS*PR*3*20~
REF*6R*H7XP0008094553-1~
AMT*B6*205~
SVC*HC>G8510*.01*0*0521*0**1~
DTM*472*20211109~
CAS*CO*97*.01*1~
REF*6R*H7XP0008094553-2~
LQ*HE*N19~
CLP*2220060153L0*1*225.03*205*20*13*220108E110950001*71*1~
NM1*QC*1*BROWN*CORNELIUS****MI*MEBFDC9Q~
NM1*82*2*CHARLES COLE MEMORIAL HOSPITAL*****XX*1578637989~
REF*1L*467428-141~
REF*CE*MEDICARE OPEN ACCESS PPO PLAN NET 03399~
DTM*232*20211110~
DTM*233*20211110~
DTM*050*20220108~
PER*CX**TE*8006240756~
AMT*AU*225~
SVC*HC>G0439>CG*225*205*0521*1~
DTM*472*20211110~
CAS*PR*3*20~
REF*6R*H7XP0008096692-3~
AMT*B6*225~
SVC*HC>3077F*.01*0*0521*0**1~
DTM*472*20211110~
CAS*CO*97*.01*1~
REF*6R*H7XP0008096692-1~
LQ*HE*N19~
SVC*HC>3078F*.01*0*0521*0**1~
DTM*472*20211110~
CAS*CO*97*.01*1~
REF*6R*H7XP0008096692-2~
LQ*HE*N19~
SVC*HC>G8510*.01*0*0521*0**1~
DTM*472*20211110~
CAS*CO*97*.01*1~
REF*6R*H7XP0008096692-4~
LQ*HE*N19~
CLP*2220060394L0*1*103*83*20*13*220108E161120001*71*1~
NM1*QC*1*BUCHSEN*PAUL*A***MI*MEBFZ9YQ~
NM1*82*2*CHARLES COLE MEMORIAL HOSPITAL*****XX*1578637989~
REF*1L*467428-141~
REF*CE*MEDICARE OPEN ACCESS PPO PLAN NET 03399~
DTM*232*20211221~
DTM*233*20211221~
DTM*050*20220108~
PER*CX**TE*8006240756~
AMT*AU*103~
SVC*HC>99212>CG*103*83*0521*1~
DTM*472*20211221~
CAS*PR*3*20~
REF*6R*H7XP0008096693-1~
AMT*B6*103~
SE*83*0979~
ST*835*0980~
BPR*I*387.22*C*ACH*CCP*01*031100209*DA*0038865237*1066033492**01*031308302*DA*1013358*20220121~
TRN*1*160118220243454*1066033492~
REF*EV*XXXXXXXXXXXXXXXXXXXXXXXXXXXXXX~
DTM*405*20220119~
N1*PR*AETNA~
N3*151 FARMINGTON AVENUE~
N4*HARTFORD*CT*06156~
REF*2U*60054~
PER*BL*Provider Service~
N1*PE*CHARLES COLE MEMORIAL HOSPITAL*XX*1306875042~
N3*1001 EAST 2ND STREET~
N4*COUDERSPORT*PA*16915~
REF*PQ*588471300~
REF*TJ*240802108~
LX*1~
TS3*1275523052*22*20221231*3*677~
CLP*2220080152L0*1*248*144.51**13*220111E010780000*22*1~
NM1*QC*1*RUSSELL*RICHARD****MI*101245165100~
NM1*74*1*RUSSELL SR*****C*MEBFBJMQ~
NM1*82*2*CHARLES COLE MEMORIAL HOSPITAL*****XX*1275523052~
REF*1L*467428-141~
REF*CE*MEDICARE OPEN ACCESS PPO PLAN~
DTM*232*20211228~
DTM*233*20211228~
DTM*050*20220111~
PER*CX**TE*8006240756~
AMT*AU*248~
SVC*HC>99215*248*144.51**1~
DTM*472*20211228~
CAS*CO*45*103.49~
REF*6R*H7XP0008099585-1~
AMT*B6*144.51~
LQ*HE*N6~
CLP*2220120061L0*1*181*98.2**13*220114E010650000*22*1~
NM1*QC*1*RITTER*ALFRED****MI*MEBHHQWL~
NM1*82*2*CHARLES COLE MEMORIAL HOSPITAL*****XX*1275523052~
REF*1L*443433-090~
REF*CE*UAW MACK TRUCK RETIREE PLAN~
DTM*232*20211229~
DTM*233*20211229~
DTM*050*20220114~
PER*CX**TE*8006240756~
AMT*AU*181~
SVC*HC>99214*181*98.2**1~
DTM*472*20211229~
CAS*CO*45*82.8~
REF*6R*H7XP0008105951-1~
AMT*B6*98.2~
LQ*HE*N6~
CLP*2220120548L0*1*248*144.51**13*220114E035580000*22*1~
NM1*QC*1*WOODS*ROBIN****MI*MEBSVM4W~
NM1*82*2*CHARLES COLE MEMORIAL HOSPITAL*****XX*1275523052~
REF*1L*467428-141~
REF*CE*MEDICARE OPEN ACCESS PPO PLAN~
DTM*232*20211229~
DTM*233*20211229~
DTM*050*20220114~
PER*CX**TE*8006240756~
AMT*AU*248~
SVC*HC>99215*248*144.51**1~
DTM*472*20211229~
CAS*CO*45*103.49~
REF*6R*H7XP0008105956-1~
AMT*B6*144.51~
LQ*HE*N6~
SE*67*0980~
ST*835*0981~
BPR*I*315*C*ACH*CCP*01*031100209*DA*0038865237*1066033492**01*031308302*DA*1013358*20220121~
TRN*1*160118220255584*1066033492~
REF*EV*XXXXXXXXXXXXXXXXXXXXXXXXXXXXXX~
DTM*405*20220119~
N1*PR*AETNA~
N3*151 FARMINGTON AVENUE~
N4*HARTFORD*CT*06156~
REF*2U*60054~
PER*BL*Provider Service~
N1*PE*CHARLES COLE MEMORIAL HOSPITAL*XX*1578637989~
N3*1001 EAST 2ND STREET~
N4*COUDERSPORT*PA*169158161~
REF*PQ*588471300~
REF*TJ*240802108~
LX*1~
TS3*1578637989*71*20221231*2*355.05~
CLP*2220060263L0*1*225.03*205*20*13*220108E010820001*71*1~
NM1*QC*1*BRETZ*LINDA****MI*MEBGR5SD~
NM1*82*2*CHARLES COLE MEMORIAL HOSPITAL*****XX*1578637989~
REF*1L*467428-141~
REF*CE*MEDICARE OPEN ACCESS PPO PLAN NET 03400~
DTM*232*20211111~
DTM*233*20211111~
DTM*050*20220108~
PER*CX**TE*8006240756~
AMT*AU*225~
SVC*HC>G0439>CG*225*205*0521*1~
DTM*472*20211111~
CAS*PR*3*20~
REF*6R*H7XP0008096691-3~
AMT*B6*225~
SVC*HC>3077F*.01*0*0521*0**1~
DTM*472*20211111~
CAS*CO*97*.01*1~
REF*6R*H7XP0008096691-1~
LQ*HE*N19~
SVC*HC>3078F*.01*0*0521*0**1~
DTM*472*20211111~
CAS*CO*97*.01*1~
REF*6R*H7XP0008096691-2~
LQ*HE*N19~
SVC*HC>G8510*.01*0*0521*0**1~
DTM*472*20211111~
CAS*CO*97*.01*1~
REF*6R*H7XP0008096691-4~
LQ*HE*N19~
CLP*2220060116L0*1*130.02*110*20*13*220108E061070002*71*1~
NM1*QC*1*COSTELLO*JOHN*H***MI*MEBHFEHN~
NM1*74*1******C*MEBHF3HN~
NM1*82*2*CHARLES COLE MEMORIAL HOSPITAL*****XX*1578637989~
REF*1L*467428-141~
REF*CE*MEDICARE OPEN ACCESS PPO PLAN NET 03400~
DTM*232*20211110~
DTM*233*20211110~
DTM*050*20220108~
PER*CX**TE*8006240756~
AMT*AU*130~
SVC*HC>99213>CG*130*110*0521*1~
DTM*472*20211110~
CAS*PR*3*20~
REF*6R*H7XP0008096694-3~
AMT*B6*130~
SVC*HC>3077F*.01*0*0521*0**1~
DTM*472*20211110~
CAS*CO*97*.01*1~
REF*6R*H7XP0008096694-1~
LQ*HE*N19~
SVC*HC>3079F*.01*0*0521*0**1~
DTM*472*20211110~
CAS*CO*97*.01*1~
REF*6R*H7XP0008096694-2~
LQ*HE*N19~
SE*74*0981~
ST*835*0982~
BPR*I*110*C*ACH*CCP*01*031100209*DA*0038865237*1066033492**01*031308302*DA*1013358*20220121~
TRN*1*160118220255585*1066033492~
REF*EV*XXXXXXXXXXXXXXXXXXXXXXXXXXXXXX~
DTM*405*20220119~
N1*PR*AETNA~
N3*151 FARMINGTON AVENUE~
N4*HARTFORD*CT*06156~
REF*2U*60054~
PER*BL*Provider Service~
N1*PE*CHARLES COLE MEMORIAL HOSPITAL*XX*1760554265~
N3*1001 EAST 2ND STREET~
N4*COUDERSPORT*PA*169158161~
REF*PQ*588471300~
REF*TJ*240802108~
LX*1~
TS3*1760554265*71*20221231*1*130.02~
CLP*2220060402L0*1*130.02*110*20*13*220108E211570001*71*1~
NM1*QC*1*SHEFFER*HARRY*E***MI*MEBFCFQR~
NM1*82*2*CHARLES COLE MEMORIAL HOSPITAL*****XX*1760554265~
REF*1L*467428-141~
REF*CE*MEDICARE OPEN ACCESS PPO PLAN NET 03400~
DTM*232*20211210~
DTM*233*20211210~
DTM*050*20220108~
PER*CX**TE*8006240756~
AMT*AU*130~
SVC*HC>3075F*.01*0*0521*0**1~
DTM*472*20211210~
CAS*CO*97*.01*1~
REF*6R*H7XP0008096702-1~
LQ*HE*N19~
SVC*HC>3078F*.01*0*0521*0**1~
DTM*472*20211210~
CAS*CO*97*.01*1~
REF*6R*H7XP0008096702-2~
LQ*HE*N19~
SVC*HC>99213>CG*130*110*0521*1~
DTM*472*20211210~
CAS*PR*3*20~
REF*6R*H7XP0008096702-3~
AMT*B6*130~
SE*43*0982~
ST*835*0983~
BPR*I*225*C*ACH*CCP*01*031100209*DA*0038865237*1066033492**01*031308302*DA*1013358*20220121~
TRN*1*160118220255586*1066033492~
REF*EV*XXXXXXXXXXXXXXXXXXXXXXXXXXXXXX~
DTM*405*20220119~
N1*PR*AETNA~
N3*151 FARMINGTON AVENUE~
N4*HARTFORD*CT*06156~
REF*2U*60054~
PER*BL*Provider Service~
N1*PE*CHARLES COLE MEMORIAL HOSPITAL*XX*1922243393~
N3*1001 EAST 2ND STREET~
N4*COUDERSPORT*PA*169158161~
REF*PQ*588471300~
REF*TJ*240802108~
LX*1~
TS3*1922243393*71*20221231*1*225.03~
CLP*2213530114L0*1*225.03*225**13*211221E309100003*71*1~
NM1*QC*1*SCHNELLER*LARRY*B***MI*MEBTD4FM~
NM1*82*2*CHARLES COLE MEMORIAL HOSPITAL*****XX*1922243393~
REF*1L*467470-406~
REF*CE*ADV PLAN 250 NET 03400~
DTM*232*20211215~
DTM*233*20211215~
DTM*050*20211221~
PER*CX**TE*8006240756~
AMT*AU*225~
SVC*HC>G0439>CG*225*225*0521*1~
DTM*472*20211215~
REF*6R*H7XP0008072102-3~
AMT*B6*225~
SVC*HC>3074F*.01*0*0521*0**1~
DTM*472*20211215~
CAS*CO*97*.01*1~
REF*6R*H7XP0008072102-1~
LQ*HE*N19~
SVC*HC>3078F*.01*0*0521*0**1~
DTM*472*20211215~
CAS*CO*97*.01*1~
REF*6R*H7XP0008072102-2~
LQ*HE*N19~
SVC*HC>G8510*.01*0*0521*0**1~
DTM*472*20211215~
CAS*CO*97*.01*1~
REF*6R*H7XP0008072102-4~
LQ*HE*N19~
SE*47*0983~
ST*835*0984~
BPR*I*5.9*C*ACH*CCP*01*031100209*DA*0038865237*1066033492**01*031308302*DA*1013358*20220121~
TRN*1*160118220260135*1066033492~
REF*EV*XXXXXXXXXXXXXXXXXXXXXXXXXXXXXX~
DTM*405*20220119~
N1*PR*AETNA~
N3*151 FARMINGTON AVENUE~
N4*HARTFORD*CT*06156~
REF*2U*60054~
PER*BL*Provider Service~
N1*PE*CHARLES COLE MEMORIAL HOSPITAL*XX*1760554265~
N3*PO BOX 606~
N4*COUDERSPORT*PA*169150606~
REF*PQ*588471300~
REF*TJ*240802108~
LX*1~
TS3*1760554265*71*20221231*3*606.05~
CLP*2213520411L0*1*295*5.9*1.48*13*211221E169260000*71*1~
NM1*QC*1*FAPORE*MICHAEL****MI*MEBTJPHJ~
NM1*82*2*CHARLES COLE MEMORIAL HOSPITAL*****XX*1760554265~
REF*1L*467463-279~
REF*CE*WEST ADV PLAN 100 NET 03400~
DTM*232*20211201~
DTM*233*20211201~
DTM*050*20211221~
PER*CX**TE*8006240756~
AMT*AU*90~
SVC*HC>99203>CG*205*0*0521*0**1~
DTM*472*20211201~
CAS*PI*170*205*1~
REF*6R*H7XP0008072025-1~
LQ*HE*N95~
SVC*HC>L3260>RT*90*5.9*0521*1~
DTM*472*20211201~
CAS*CO*45*82.62~
CAS*PR*2*1.48~
REF*6R*H7XP0008072025-2~
AMT*B6*7.38~
LQ*HE*N59~
CLP*2220060117L0*1*181.03*0**13*220108E010830000*71*1~
NM1*QC*1*MARTIN*VALLI*K***MI*MEBP7S4C~
NM1*82*2*CHARLES COLE MEMORIAL HOSPITAL*****XX*1760554265~
REF*1L*467428-141~
REF*CE*MEDICARE OPEN ACCESS PPO PLAN NET 03400~
DTM*232*20211213~
DTM*233*20211213~
DTM*050*20220108~
PER*CX**TE*8006240756~
SVC*HC>3077F*.01*0*0521*0**1~
DTM*472*20211213~
CAS*CO*97*.01*1~
REF*6R*H7XP0008096700-1~
LQ*HE*N19~
SVC*HC>3078F*.01*0*0521*0**1~
DTM*472*20211213~
CAS*CO*97*.01*1~
REF*6R*H7XP0008096700-2~
LQ*HE*N19~
SVC*HC>99214>CG*181*0*0521*0**1~
DTM*472*20211213~
CAS*PI*170*181*1~
REF*6R*H7XP0008096700-3~
LQ*HE*N95~
SVC*HC>G8510*.01*0*0521*0**1~
DTM*472*20211213~
CAS*CO*97*.01*1~
REF*6R*H7XP0008096700-4~
LQ*HE*N19~
CLP*2220060255L0*1*130.02*0**13*220108E161130000*71*1~
NM1*QC*1*MARTIN*KENNETH*C***MI*MEBJ8H2Y~
NM1*82*2*CHARLES COLE MEMORIAL HOSPITAL*****XX*1760554265~
REF*1L*467428-141~
REF*CE*MEDICARE OPEN ACCESS PPO PLAN NET 03400~
DTM*232*20211213~
DTM*233*20211213~
DTM*050*20220108~
PER*CX**TE*8006240756~
SVC*HC>3074F*.01*0*0521*0**1~
DTM*472*20211213~
CAS*CO*97*.01*1~
REF*6R*H7XP0008096699-1~
LQ*HE*N19~
SVC*HC>3079F*.01*0*0521*0**1~
DTM*472*20211213~
CAS*CO*97*.01*1~
REF*6R*H7XP0008096699-2~
LQ*HE*N19~
SVC*HC>99213>CG*130*0*0521*0**1~
DTM*472*20211213~
CAS*PI*170*130*1~
REF*6R*H7XP0008096699-3~
LQ*HE*N95~
SE*93*0984~
ST*835*1630~
BPR*I*103.94*C*ACH*CCP*01*031100209*DA*0038865237*1066033492**01*031308302*DA*1013358*20220121~
TRN*1*160118220264302*1066033492~
REF*EV*XXXXXXXXXXXXXXXXXXXXXXXXXXXXXX~
DTM*405*20220119~
N1*PR*AETNA~
N3*151 FARMINGTON AVENUE~
N4*HARTFORD*CT*06156~
REF*2U*60054~
PER*BL*Provider Service~
N1*PE*CHARLES COLE MEMORIAL HOSPITAL*XX*1306875042~
N3*1001 E 2ND ST~
N4*COUDERSPORT*PA*169158161~
REF*PQ*588471300~
REF*TJ*240802108~
LX*1~
TS3*1518913763*22*20221231*2*280~
CLP*2220130342L0*1*162*61.57**13*220115E034040000*22*1~
NM1*QC*1*BUCHSEN*PAUL****MI*MEBFZ9YQ~
NM1*82*2*CHARLES COLE MEMORIAL HOSPITAL*****XX*1518913763~
REF*1L*467428-141~
REF*CE*MEDICARE OPEN ACCESS PPO PLAN~
DTM*232*20211221~
DTM*233*20211221~
DTM*050*20220115~
PER*CX**TE*8006240756~
AMT*AU*162~
SVC*HC>93284>26*162*61.57**1~
DTM*472*20211221~
CAS*CO*45*100.43~
REF*6R*H7XP0008109067-1~
AMT*B6*61.57~
LQ*HE*N6~
CLP*2220130074L0*1*118*42.37**13*220115E034050000*22*1~
NM1*QC*1*STOREY*ARTHUR****MI*MEBFDK1Q~
NM1*82*2*CHARLES COLE MEMORIAL HOSPITAL*****XX*1518913763~
REF*1L*467428-141~
REF*CE*MEDICARE OPEN ACCESS PPO PLAN~
DTM*232*20211221~
DTM*233*20211221~
DTM*050*20220115~
PER*CX**TE*8006240756~
AMT*AU*118~
SVC*HC>93281>26*118*42.37**1~
DTM*472*20211221~
CAS*CO*45*75.63~
REF*6R*H7XP0008109070-1~
AMT*B6*42.37~
LQ*HE*N6~
SE*50*1630~
ST*835*1631~
BPR*I*274*C*ACH*CCP*01*031100209*DA*0038865237*1066033492**01*031308302*DA*1013358*20220121~
TRN*1*160118220272234*1066033492~
REF*EV*XXXXXXXXXXXXXXXXXXXXXXXXXXXXXX~
DTM*405*20220119~
N1*PR*AETNA~
N3*151 FARMINGTON AVENUE~
N4*HARTFORD*CT*06156~
REF*2U*60054~
PER*BL*Provider Service~
N1*PE*CHARLES COLE MEMORIAL HOSPITAL*XX*1275605750~
N3*1001 EAST 2ND STREET~
N4*COUDERSPORT*PA*169158161~
REF*PQ*588471300~
REF*TJ*240802108~
LX*1~
TS3*1275605750*71*20221231*1*274~
CLP*2213630279L0*1*274*274**13*211231E314570002*71*1~
NM1*QC*1*EUBANKS*JANET*J***MI*MEBRBQ7B~
NM1*82*2*CHARLES COLE MEMORIAL HOSPITAL*****XX*1275605750~
REF*1L*456920-116~
REF*CE*SEHBP EDUCATORS MEDICARE PLAN NET 03400~
DTM*232*20211207~
DTM*233*20211207~
DTM*050*20211231~
PER*CX**TE*8006240756~
AMT*AU*274~
SVC*HC>90837>CG*274*274*0900*1~
DTM*472*20211207~
REF*6R*H7XP0008085209-1~
AMT*B6*274~
SE*32*1631~
ST*835*1632~
BPR*I*181*C*ACH*CCP*01*031100209*DA*0038865237*1066033492**01*031308302*DA*1013358*20220121~
TRN*1*160118220272235*1066033492~
REF*EV*XXXXXXXXXXXXXXXXXXXXXXXXXXXXXX~
DTM*405*20220119~
N1*PR*AETNA~
N3*151 FARMINGTON AVENUE~
N4*HARTFORD*CT*06156~
REF*2U*60054~
PER*BL*Provider Service~
N1*PE*CHARLES COLE MEMORIAL HOSPITAL*XX*1275605776~
N3*1001 EAST 2ND STREET~
N4*COUDERSPORT*PA*169158161~
REF*PQ*588471300~
REF*TJ*240802108~
LX*1~
TS3*1275605776*71*20221231*1*181~
CLP*2220050383L0*1*181*181**13*220107E091380001*71*1~
NM1*QC*1*KANZENBACH*CARL*W***MI*MEBQ661H~
NM1*82*2*CHARLES COLE MEMORIAL HOSPITAL*****XX*1275605776~
REF*1L*456918-120~
REF*CE*MA PPO ESA 10 SHBP PLAN NET 03400~
DTM*232*20211230~
DTM*233*20211230~
DTM*050*20220107~
PER*CX**TE*8006240756~
AMT*AU*181~
SVC*HC>99214>CG*181*181*0521*1~
DTM*472*20211230~
REF*6R*H7XP0008094549-1~
AMT*B6*181~
SE*32*1632~
ST*835*1633~
BPR*I*38.08*C*ACH*CCP*01*031100209*DA*0038865237*1066033492**01*031308302*DA*1013358*20220121~
TRN*1*160118220274488*1066033492~
REF*EV*XXXXXXXXXXXXXXXXXXXXXXXXXXXXXX~
DTM*405*20220119~
N1*PR*AETNA~
N3*151 FARMINGTON AVENUE~
N4*HARTFORD*CT*06156~
REF*2U*60054~
PER*BL*Provider Service~
N1*PE*CHARLES COLE MEMORIAL HOSPITAL*XX*1306875042~
N3*1001 E 2ND ST~
N4*COUDERSPORT*PA*169158161~
REF*PQ*588471300~
REF*TJ*240802108~
LX*1~
TS3*1225237332*11*20221231*1*101~
CLP*2220130367L0*1*101*38.08**13*220115E109140000*11*1~
NM1*QC*1*BRANDT*KIM****MI*MEBVTJBF~
NM1*82*2*CHARLES COLE MEMORIAL HOSPITAL*****XX*1225237332~
REF*1L*467428-141~
REF*CE*MEDICARE OPEN ACCESS PPO PLAN NET 03400~
DTM*232*20211115~
DTM*233*20211115~
DTM*050*20220115~
PER*CX**TE*8006240756~
AMT*AU*101~
SVC*HC>73030>LT*101*38.08**1~
DTM*472*20211115~
CAS*CO*45*62.92~
REF*6R*H7XP0008109066-1~
AMT*B6*38.08~
LQ*HE*N59~
SE*34*1633~
GE*16*1~
IEA*1*100358959~
