ISA*00*          *00*          *ZZ*133052274      *ZZ*XXXXXXXXXXXXXXX*220119*0250*^*00501*100358959*0*P*>~
GS*HP*133052274*XX*20220119*0250*1*X*005010X221A1~
ST*835*1158~
BPR*I*1211.1*C*ACH*CCP*01*031100209*DA*0038865237*1066033492**01*044000037*DA*801950155*20220121~
TRN*1*160118220260803*1066033492~
REF*EV*XXXXXXXXXXXXXXXXXXXXXXXXXXXXXX~
DTM*405*20220119~
N1*PR*AETNA~
N3*151 FARMINGTON AVENUE~
N4*HARTFORD*CT*06156~
REF*2U*60054~
PER*BL*Provider Service~
N1*PE*LAKE HOSPITAL SYSTEM, INC.*XX*1952339996~
N3*PO BOX 781389~
N4*DETROIT*MI*482781389~
REF*PQ*249659120~
REF*TJ*341425870~
LX*1~
TS3*1588641708*21*20221231*1*145~
CLP*4754762*1*145*95.5*3.98*13*220113E456430000*21*1~
NM1*QC*1*BELL*JOYCE*A***MI*MEBGP0KL~
NM1*82*2*LAKE HOSPITAL SYSTEM, INC.*****XX*1588641708~
REF*G1*3045114~
REF*1L*455716-062~
REF*CE*STRS PPO PLAN NET 03418~
DTM*232*20211227~
DTM*233*20211227~
DTM*050*20220113~
PER*CX**TE*8006240756~
AMT*AU*145~
SVC*HC>99221*145*95.5**1~
DTM*472*20211227~
CAS*CO*45*45.52~
CAS*PR*2*3.98~
REF*6R*LHPG0024399879-1~
AMT*B6*99.48~
LQ*HE*N59~
LX*2~
TS3*1881081396*11*20221231*9*5635~
CLP*4656889*1*820*142.77*30*13*220113E404850000*11*1~
NM1*QC*1*FARGO*DOROTHY*J***MI*MEBG9HHG~
NM1*82*2*LAKE HOSPITAL SYSTEM, INC.*****XX*1881081396~
REF*1L*466235-006~
REF*CE*SERS PPO PLAN NET 03418~
DTM*232*20211020~
DTM*233*20211020~
DTM*050*20220113~
PER*CX**TE*8006240756~
AMT*AU*820~
SVC*HC>99203>25*290*79.66**1~
DTM*472*20211020~
CAS*CO*45*180.34~
CAS*PR*3*30~
REF*6R*LHPG0024399576-1~
AMT*B6*109.66~
LQ*HE*N59~
SVC*HC>20610*530*63.11**1~
DTM*472*20211020~
CAS*CO*45*466.89~
REF*6R*LHPG0024399576-2~
AMT*B6*63.11~
LQ*HE*N59~
CLP*4610449*1*820*147.77*25*13*220113E404860000*11*1~
NM1*QC*1*SHIMSKEY*DONALD*T***MI*MEBGHHCQ~
NM1*82*2*LAKE HOSPITAL SYSTEM, INC.*****XX*1881081396~
REF*1L*455717-056~
REF*CE*STRS PPO PLAN NET 03418~
DTM*232*20210921~
DTM*233*20210921~
DTM*050*20220113~
PER*CX**TE*8006240756~
AMT*AU*820~
SVC*HC>99203>25*290*84.66**1~
DTM*472*20210921~
CAS*CO*45*180.34~
CAS*PR*3*25~
REF*6R*LHPG0024399573-1~
AMT*B6*109.66~
LQ*HE*N59~
SVC*HC>20610>LT*530*63.11**1~
DTM*472*20210921~
CAS*CO*45*466.89~
REF*6R*LHPG0024399573-2~
AMT*B6*63.11~
LQ*HE*N59~
CLP*4622058*1*290*84.66*25*13*220113E456450000*11*1~
NM1*QC*1*RUSSO*REBECCA*A***MI*MEBTKY1R~
NM1*82*2*LAKE HOSPITAL SYSTEM, INC.*****XX*1881081396~
REF*1L*467478-108~
REF*CE*WEST ADV PLAN 125 NET 03418~
DTM*232*20210927~
DTM*233*20210927~
DTM*050*20220113~
PER*CX**TE*8006240756~
AMT*AU*290~
SVC*HC>99203*290*84.66**1~
DTM*472*20210927~
CAS*CO*45*180.34~
CAS*PR*3*25~
REF*6R*LHPG0024399574-1~
AMT*B6*109.66~
LQ*HE*N59~
CLP*4655011*1*290*84.66*25*13*220113E549400000*11*1~
NM1*QC*1*HORRELL*ANDREA*M***MI*MEBLH9LW~
NM1*82*2*LAKE HOSPITAL SYSTEM, INC.*****XX*1881081396~
REF*1L*455716-062~
REF*CE*STRS PPO PLAN NET 03418~
DTM*232*20211019~
DTM*233*20211019~
DTM*050*20220113~
PER*CX**TE*8006240756~
AMT*AU*290~
SVC*HC>99203*290*84.66**1~
DTM*472*20211019~
CAS*CO*45*180.34~
CAS*PR*3*25~
REF*6R*LHPG0024399575-1~
AMT*B6*109.66~
LQ*HE*N59~
CLP*4597569*1*665*142.77*30*13*220113E549420000*11*1~
NM1*QC*1*ROSE*ANNA*B***MI*MEBFDM4V~
NM1*74*1**ANNABELL~
NM1*82*2*LAKE HOSPITAL SYSTEM, INC.*****XX*1881081396~
REF*1L*466235-006~
REF*CE*SERS PPO PLAN NET 03418~
DTM*232*20210914~
DTM*233*20210914~
DTM*050*20220113~
PER*CX**TE*8006240756~
AMT*AU*665~
SVC*HC>99203>25*290*79.66**1~
DTM*472*20210914~
CAS*CO*45*180.34~
CAS*PR*3*30~
REF*6R*LHPG0024399572-1~
AMT*B6*109.66~
LQ*HE*N59~
SVC*HC>20610>RT*375*63.11**1~
DTM*472*20210914~
CAS*CO*45*311.89~
REF*6R*LHPG0024399572-2~
AMT*B6*63.11~
LQ*HE*N59~
CLP*4677922*1*820*147.77*25*13*220113E549430000*11*1~
NM1*QC*1*YAZVAC*KATHLEEN*M***MI*MEBL4BVN~
NM1*82*2*LAKE HOSPITAL SYSTEM, INC.*****XX*1881081396~
REF*1L*455716-062~
REF*CE*STRS PPO PLAN NET 03418~
DTM*232*20211103~
DTM*233*20211103~
DTM*050*20220113~
PER*CX**TE*8006240756~
AMT*AU*820~
SVC*HC>99203>25*290*84.66**1~
DTM*472*20211103~
CAS*CO*45*180.34~
CAS*PR*3*25~
REF*6R*LHPG0024399578-1~
AMT*B6*109.66~
LQ*HE*N59~
SVC*HC>20610*530*63.11**1~
DTM*472*20211103~
CAS*CO*45*466.89~
REF*6R*LHPG0024399578-2~
AMT*B6*63.11~
LQ*HE*N59~
CLP*4751527*1*820*132.77*40*13*220114E341250000*11*1~
NM1*QC*1*POPP*CAROL*A***MI*MEBTBF3M~
NM1*82*2*LAKE HOSPITAL SYSTEM, INC.*****XX*1881081396~
REF*1L*467094-011~
REF*CE*VALUE PPO NET 03418~
DTM*232*20211229~
DTM*233*20211229~
DTM*050*20220114~
PER*CX**TE*8006240756~
AMT*AU*820~
SVC*HC>99203>25*290*69.66**1~
DTM*472*20211229~
CAS*CO*45*180.34~
CAS*PR*3*40~
REF*6R*LHPG0024406326-1~
AMT*B6*109.66~
LQ*HE*N59~
SVC*HC>20610>RT*530*63.11**1~
DTM*472*20211229~
CAS*CO*45*466.89~
REF*6R*LHPG0024406326-2~
AMT*B6*63.11~
LQ*HE*N59~
CLP*4751524*1*820*147.77*25*13*220114E384330000*11*1~
NM1*QC*1*YOWELL*TIMOTHY*O***MI*MEBH7ZZV~
NM1*82*2*LAKE HOSPITAL SYSTEM, INC.*****XX*1881081396~
REF*1L*455716-062~
REF*CE*STRS PPO PLAN NET 03418~
DTM*232*20211229~
DTM*233*20211229~
DTM*050*20220114~
PER*CX**TE*8006240756~
AMT*AU*820~
SVC*HC>99203>25*290*84.66**1~
DTM*472*20211229~
CAS*CO*45*180.34~
CAS*PR*3*25~
REF*6R*LHPG0024406325-1~
AMT*B6*109.66~
LQ*HE*N59~
SVC*HC>20610>RT*530*63.11**1~
DTM*472*20211229~
CAS*CO*45*466.89~
REF*6R*LHPG0024406325-2~
AMT*B6*63.11~
LQ*HE*N59~
CLP*4703139*1*290*84.66*25*13*220114E500600000*11*1~
NM1*QC*1*BITTNER*FRED*T***MI*MEBHSVHP~
NM1*82*2*LAKE HOSPITAL SYSTEM, INC.*****XX*1881081396~
REF*1L*441297-003~
REF*CE*MEDICARE (S02) PPO PLAN NET 03418~
DTM*232*20211119~
DTM*233*20211119~
DTM*050*20220114~
PER*CX**TE*8006240756~
AMT*AU*290~
SVC*HC>99203*290*84.66**1~
DTM*472*20211119~
CAS*CO*45*180.34~
CAS*PR*3*25~
REF*6R*LHPG0024406322-1~
AMT*B6*109.66~
LQ*HE*N59~
SE*228*1158~
GE*1*1~
IEA*1*100358959~
