ISA*00*          *00*          *ZZ*133052274      *ZZ*XXXXXXXXXXXXXXX*220119*0250*^*00501*100358959*0*P*>~
GS*HP*133052274*XX*20220119*0250*1*X*005010X221A1~
ST*835*1476~
BPR*I*86.81*C*ACH*CCP*01*031100209*DA*0038865237*1066033492**01*061103975*DA*1742261*20220121~
TRN*1*160118220256619*1066033492~
REF*EV*XXXXXXXXXXXXXXXXXXXXXXXXXXXXXX~
DTM*405*20220119~
N1*PR*AETNA~
N3*151 FARMINGTON AVENUE~
N4*HARTFORD*CT*06156~
REF*2U*60054~
PER*BL*Provider Service~
N1*PE*HOSPITAL AUTHORITY OF CANDLER C*XX*1306276324~
N3*P.O. BOX 597~
N4*METTER*GA*304390597~
REF*PQ*069862220~
REF*TJ*586004640~
LX*1~
TS3*1144222456*11*20221231*1*150~
CLP*16905V23328*1*150*86.81**13*220114E119890000*11*1~
NM1*QC*1*ABERCROMBIE*CHARLES*G***MI*MEBTWFMG~
NM1*82*2*HOSPITAL AUTHORITY OF CANDLER C*****XX*1144222456~
REF*1L*467552-017~
REF*CE*MEDICARE (C04) ESA PPO NET 04236~
DTM*232*20211229~
DTM*233*20211229~
DTM*050*20220114~
PER*CX**TE*8006240756~
AMT*AU*150~
SVC*HC>99213*150*86.81**1~
DTM*472*20211229~
CAS*CO*45*63.19~
REF*6R*75803P23328B3001~
AMT*B6*86.81~
LQ*HE*N59~
SE*34*1476~
GE*1*1~
IEA*1*100358959~
