ISA*00*          *00*          *ZZ*133052274      *ZZ*XXXXXXXXXXXXXXX*220119*0250*^*00501*100358959*0*P*>~
GS*HP*133052274*XX*20220119*0250*1*X*005010X221A1~
ST*835*1267~
BPR*I*9324.23*C*ACH*CCP*01*031100209*DA*0038865237*1066033492**01*041209307*DA*21502099*20220121~
TRN*1*160118220239193*1066033492~
REF*EV*XXXXXXXXXXXXXXXXXXXXXXXXXXXXXX~
DTM*405*20220119~
N1*PR*AETNA~
N3*151 FARMINGTON AVENUE~
N4*HARTFORD*CT*06156~
REF*2U*60054~
PER*BL*Provider Service~
N1*PE*AMHERTS MEADOWS*XX*1366445660~
N3*1610 1ST ST NE~
N4*MASSILLON*OH*446464044~
REF*PQ*083204300~
REF*TJ*341942949~
LX*1~
TS3*1366445660*11*20221231*8*16723.88~
CLP*181390000NGHQ*22*-1700*-807.12**13*210726C458020000*22*3~
NM1*QC*1*KLEKNER*DAVID*J***MI*MEBD8JXL~
NM1*82*2*AMHERTS MEADOWS*****XX*1366445660~
REF*1L*455716-062~
REF*CE*STRS PPO PLAN NET 03418~
DTM*232*20210601~
DTM*233*20210604~
DTM*050*20210726~
PER*CX**TE*8006240756~
SVC*HC>97110>GP>59>KX>CQ*-40*-17.19*0420*1~
DTM*472*20210601~
CAS*CO*45*-22.09~
CAS*PR*2*-.72~
REF*6R*AAQC0000027443-1~
LQ*HE*N59~
SVC*HC>97530>GP>59>KX>CQ*-80*-37.52*0420*2~
DTM*472*20210601~
CAS*CO*45*-40.92~
CAS*PR*2*-1.56~
REF*6R*AAQC0000027443-3~
LQ*HE*N59~
SVC*HC>97116>GP>KX>CQ*-40*-15.19*0420*1~
DTM*472*20210601~
CAS*CO*45*-24.18~
CAS*PR*2*-.63~
REF*6R*AAQC0000027443-2~
LQ*HE*N59~
SVC*HC>97530>GO>59>KX>CO*-200*-93.79*0430*5~
DTM*472*20210601~
CAS*CO*45*-102.3~
CAS*PR*2*-3.91~
REF*6R*AAQC0000027443-12~
LQ*HE*N59~
SVC*HC>92526>GN>KX*-120*-66.83*0440*1~
DTM*472*20210601~
CAS*CO*45*-50.39~
CAS*PR*2*-2.78~
REF*6R*AAQC0000027443-19~
LQ*HE*N59~
SVC*HC>92507>GN>KX*-100*-67.09*0440*1~
DTM*472*20210601~
CAS*CO*45*-30.11~
CAS*PR*2*-2.8~
REF*6R*AAQC0000027443-18~
LQ*HE*N59~
SVC*HC>97530>GP>59>KX>CQ*-80*-37.52*0420*2~
DTM*472*20210602~
CAS*CO*45*-40.92~
CAS*PR*2*-1.56~
REF*6R*AAQC0000027443-6~
LQ*HE*N59~
SVC*HC>97116>GP>KX>CQ*-40*-15.19*0420*1~
DTM*472*20210602~
CAS*CO*45*-24.18~
CAS*PR*2*-.63~
REF*6R*AAQC0000027443-5~
LQ*HE*N59~
SVC*HC>97110>GP>59>KX>CQ*-40*-17.19*0420*1~
DTM*472*20210602~
CAS*CO*45*-22.09~
CAS*PR*2*-.72~
REF*6R*AAQC0000027443-4~
LQ*HE*N59~
SVC*HC>97530>GO>59>KX>CO*-120*-56.28*0430*3~
DTM*472*20210602~
CAS*CO*45*-61.38~
CAS*PR*2*-2.34~
REF*6R*AAQC0000027443-14~
LQ*HE*N59~
SVC*HC>97110>GO>59>KX>CO*-40*-17.19*0430*1~
DTM*472*20210602~
CAS*CO*45*-22.09~
CAS*PR*2*-.72~
REF*6R*AAQC0000027443-13~
LQ*HE*N59~
SVC*HC>92526>GN>KX*-120*-66.83*0440*1~
DTM*472*20210602~
CAS*CO*45*-50.39~
CAS*PR*2*-2.78~
REF*6R*AAQC0000027443-20~
LQ*HE*N59~
SVC*HC>97530>GP>59>KX>CQ*-80*-37.52*0420*2~
DTM*472*20210603~
CAS*CO*45*-40.92~
CAS*PR*2*-1.56~
REF*6R*AAQC0000027443-9~
LQ*HE*N59~
SVC*HC>97116>GP>KX>CQ*-40*-15.19*0420*1~
DTM*472*20210603~
CAS*CO*45*-24.18~
CAS*PR*2*-.63~
REF*6R*AAQC0000027443-8~
LQ*HE*N59~
SVC*HC>97110>GP>59>KX>CQ*-40*-17.19*0420*1~
DTM*472*20210603~
CAS*CO*45*-22.09~
CAS*PR*2*-.72~
REF*6R*AAQC0000027443-7~
LQ*HE*N59~
SVC*HC>97530>GO>59>KX>CO*-80*-37.52*0430*2~
DTM*472*20210603~
CAS*CO*45*-40.92~
CAS*PR*2*-1.56~
REF*6R*AAQC0000027443-16~
LQ*HE*N59~
SVC*HC>97110>GO>59>KX>CO*-80*-34.39*0430*2~
DTM*472*20210603~
CAS*CO*45*-44.18~
CAS*PR*2*-1.43~
REF*6R*AAQC0000027443-15~
LQ*HE*N59~
SVC*HC>92526>GN>KX*-120*-66.83*0440*1~
DTM*472*20210603~
CAS*CO*45*-50.39~
CAS*PR*2*-2.78~
REF*6R*AAQC0000027443-21~
LQ*HE*N59~
SVC*HC>97116>GP>KX*-40*0*0420*0**1~
DTM*472*20210604~
CAS*CO*231*-40*1~
REF*6R*AAQC0000027443-11~
SVC*HC>97110>GP>KX*-80*-34.39*0420*2~
DTM*472*20210604~
CAS*CO*45*-44.18~
CAS*PR*2*-1.43~
REF*6R*AAQC0000027443-10~
LQ*HE*N59~
SVC*HC>97530>GO>KX*-120*-56.28*0430*3~
DTM*472*20210604~
CAS*CO*45*-61.38~
CAS*PR*2*-2.34~
REF*6R*AAQC0000027443-17~
LQ*HE*N59~
CLP*181390000NGHQ*1*1700*822.94*33.6*13*211209C458020000*22*3~
NM1*QC*1*KLEKNER*DAVID*J***MI*MEBD8JXL~
NM1*82*2*AMHERTS MEADOWS*****XX*1366445660~
REF*1L*455716-062~
REF*CE*STRS PPO PLAN NET 03418~
REF*F8*210726C458020000~
DTM*232*20210601~
DTM*233*20210604~
DTM*050*20211209~
PER*CX**TE*8006240756~
AMT*AU*1700~
SVC*HC>97110>GP>59>KX>CQ*40*17.19*0420*1~
DTM*472*20210601~
CAS*CO*45*22.09~
CAS*PR*2*.72~
REF*6R*AAQC0000027443-1~
AMT*B6*17.91~
LQ*HE*N59~
SVC*HC>97530>GP>59>KX>CQ*80*37.52*0420*2~
DTM*472*20210601~
CAS*CO*45*40.92~
CAS*PR*2*1.56~
REF*6R*AAQC0000027443-3~
AMT*B6*39.08~
LQ*HE*N59~
SVC*HC>97116>GP>KX>CQ*40*15.19*0420*1~
DTM*472*20210601~
CAS*CO*45*24.18~
CAS*PR*2*.63~
REF*6R*AAQC0000027443-2~
AMT*B6*15.82~
LQ*HE*N59~
SVC*HC>97530>GO>59>KX>CO*200*93.79*0430*5~
DTM*472*20210601~
CAS*CO*45*102.3~
CAS*PR*2*3.91~
REF*6R*AAQC0000027443-12~
AMT*B6*97.7~
LQ*HE*N59~
SVC*HC>92526>GN>KX*120*66.83*0440*1~
DTM*472*20210601~
CAS*CO*45*50.39~
CAS*PR*2*2.78~
REF*6R*AAQC0000027443-19~
AMT*B6*69.61~
LQ*HE*N59~
SVC*HC>92507>GN>KX*100*67.09*0440*1~
DTM*472*20210601~
CAS*CO*45*30.11~
CAS*PR*2*2.8~
REF*6R*AAQC0000027443-18~
AMT*B6*69.89~
LQ*HE*N59~
SVC*HC>97530>GP>59>KX>CQ*80*37.52*0420*2~
DTM*472*20210602~
CAS*CO*45*40.92~
CAS*PR*2*1.56~
REF*6R*AAQC0000027443-6~
AMT*B6*39.08~
LQ*HE*N59~
SVC*HC>97116>GP>KX>CQ*40*15.19*0420*1~
DTM*472*20210602~
CAS*CO*45*24.18~
CAS*PR*2*.63~
REF*6R*AAQC0000027443-5~
AMT*B6*15.82~
LQ*HE*N59~
SVC*HC>97110>GP>59>KX>CQ*40*17.19*0420*1~
DTM*472*20210602~
CAS*CO*45*22.09~
CAS*PR*2*.72~
REF*6R*AAQC0000027443-4~
AMT*B6*17.91~
LQ*HE*N59~
SVC*HC>97530>GO>59>KX>CO*120*56.28*0430*3~
DTM*472*20210602~
CAS*CO*45*61.38~
CAS*PR*2*2.34~
REF*6R*AAQC0000027443-14~
AMT*B6*58.62~
LQ*HE*N59~
SVC*HC>97110>GO>59>KX>CO*40*17.19*0430*1~
DTM*472*20210602~
CAS*CO*45*22.09~
CAS*PR*2*.72~
REF*6R*AAQC0000027443-13~
AMT*B6*17.91~
LQ*HE*N59~
SVC*HC>92526>GN>KX*120*66.83*0440*1~
DTM*472*20210602~
CAS*CO*45*50.39~
CAS*PR*2*2.78~
REF*6R*AAQC0000027443-20~
AMT*B6*69.61~
LQ*HE*N59~
SVC*HC>97530>GP>59>KX>CQ*80*37.52*0420*2~
DTM*472*20210603~
CAS*CO*45*40.92~
CAS*PR*2*1.56~
REF*6R*AAQC0000027443-9~
AMT*B6*39.08~
LQ*HE*N59~
SVC*HC>97116>GP>KX>CQ*40*15.19*0420*1~
DTM*472*20210603~
CAS*CO*45*24.18~
CAS*PR*2*.63~
REF*6R*AAQC0000027443-8~
AMT*B6*15.82~
LQ*HE*N59~
SVC*HC>97110>GP>59>KX>CQ*40*17.19*0420*1~
DTM*472*20210603~
CAS*CO*45*22.09~
CAS*PR*2*.72~
REF*6R*AAQC0000027443-7~
AMT*B6*17.91~
LQ*HE*N59~
SVC*HC>97530>GO>59>KX>CO*80*37.52*0430*2~
DTM*472*20210603~
CAS*CO*45*40.92~
CAS*PR*2*1.56~
REF*6R*AAQC0000027443-16~
AMT*B6*39.08~
LQ*HE*N59~
SVC*HC>97110>GO>59>KX>CO*80*34.39*0430*2~
DTM*472*20210603~
CAS*CO*45*44.18~
CAS*PR*2*1.43~
REF*6R*AAQC0000027443-15~
AMT*B6*35.82~
LQ*HE*N59~
SVC*HC>92526>GN>KX*120*66.83*0440*1~
DTM*472*20210603~
CAS*CO*45*50.39~
CAS*PR*2*2.78~
REF*6R*AAQC0000027443-21~
AMT*B6*69.61~
LQ*HE*N59~
SVC*HC>97116>GP>KX*40*15.82*0420*1~
DTM*472*20210604~
CAS*CO*45*24.18~
REF*6R*AAQC0000027443-11~
AMT*B6*15.82~
LQ*HE*N59~
SVC*HC>97110>GP>KX*80*34.39*0420*2~
DTM*472*20210604~
CAS*CO*45*44.18~
CAS*PR*2*1.43~
REF*6R*AAQC0000027443-10~
AMT*B6*35.82~
LQ*HE*N59~
SVC*HC>97530>GO>KX*120*56.28*0430*3~
DTM*472*20210604~
CAS*CO*45*61.38~
CAS*PR*2*2.34~
REF*6R*AAQC0000027443-17~
AMT*B6*58.62~
LQ*HE*N59~
CLP*150460000NNCL*22*-1920*-878.08**13*211112C940640000*23*3~
NM1*QC*1*BROWN*KAREN*A***MI*MEBKD5YM~
NM1*82*2*AMHERTS MEADOWS*****XX*1366445660~
REF*1L*455716-062~
REF*CE*STRS PPO PLAN NET 03418~
DTM*232*20210702~
DTM*233*20210730~
DTM*050*20211112~
PER*CX**TE*8006240756~
SVC*HC>97530>GP>KX*-80*-37.52*0420*2~
DTM*472*20210702~
CAS*CO*45*-40.92~
CAS*PR*2*-1.56~
REF*6R*AAQC0000027766-1~
LQ*HE*N59~
SVC*HC>97530>GP>KX>CQ*-120*-56.28*0420*3~
DTM*472*20210705~
CAS*CO*45*-61.38~
CAS*PR*2*-2.34~
REF*6R*AAQC0000027766-3~
LQ*HE*N59~
SVC*HC>97110>GP>KX>CQ*-40*-17.19*0420*1~
DTM*472*20210705~
CAS*CO*45*-22.09~
CAS*PR*2*-.72~
REF*6R*AAQC0000027766-2~
LQ*HE*N59~
SVC*HC>97530>GP>KX>CQ*-80*-37.52*0420*2~
DTM*472*20210707~
CAS*CO*45*-40.92~
CAS*PR*2*-1.56~
REF*6R*AAQC0000027766-6~
LQ*HE*N59~
SVC*HC>97116>GP>KX>CQ*-40*-15.19*0420*1~
DTM*472*20210707~
CAS*CO*45*-24.18~
CAS*PR*2*-.63~
REF*6R*AAQC0000027766-5~
SVC*HC>97110>GP>KX>CQ*-40*-17.19*0420*1~
DTM*472*20210707~
CAS*CO*45*-22.09~
CAS*PR*2*-.72~
REF*6R*AAQC0000027766-4~
LQ*HE*N59~
SVC*HC>97530>GP>KX>CQ*-120*-56.28*0420*3~
DTM*472*20210708~
CAS*CO*45*-61.38~
CAS*PR*2*-2.34~
REF*6R*AAQC0000027766-8~
LQ*HE*N59~
SVC*HC>97110>GP>KX>CQ*-40*-17.19*0420*1~
DTM*472*20210708~
CAS*CO*45*-22.09~
CAS*PR*2*-.72~
REF*6R*AAQC0000027766-7~
LQ*HE*N59~
SVC*HC>97530>GP>KX>CQ*-120*-56.28*0420*3~
DTM*472*20210712~
CAS*CO*45*-61.38~
CAS*PR*2*-2.34~
REF*6R*AAQC0000027766-10~
LQ*HE*N59~
SVC*HC>97110>GP>KX>CQ*-40*-17.19*0420*1~
DTM*472*20210712~
CAS*CO*45*-22.09~
CAS*PR*2*-.72~
REF*6R*AAQC0000027766-9~
LQ*HE*N59~
SVC*HC>97530>GP>KX>CQ*-120*-56.28*0420*3~
DTM*472*20210714~
CAS*CO*45*-61.38~
CAS*PR*2*-2.34~
REF*6R*AAQC0000027766-12~
LQ*HE*N59~
SVC*HC>97110>GP>KX>CQ*-40*-17.19*0420*1~
DTM*472*20210714~
CAS*CO*45*-22.09~
CAS*PR*2*-.72~
REF*6R*AAQC0000027766-11~
LQ*HE*N59~
SVC*HC>97530>GP>KX>CQ*-120*-56.28*0420*3~
DTM*472*20210716~
CAS*CO*45*-61.38~
CAS*PR*2*-2.34~
REF*6R*AAQC0000027766-14~
LQ*HE*N59~
SVC*HC>97110>GP>KX>CQ*-40*-17.19*0420*1~
DTM*472*20210716~
CAS*CO*45*-22.09~
CAS*PR*2*-.72~
REF*6R*AAQC0000027766-13~
LQ*HE*N59~
SVC*HC>97530>GP>KX>CQ*-120*-56.28*0420*3~
DTM*472*20210719~
CAS*CO*45*-61.38~
CAS*PR*2*-2.34~
REF*6R*AAQC0000027766-16~
LQ*HE*N59~
SVC*HC>97110>GP>KX>CQ*-40*-17.19*0420*1~
DTM*472*20210719~
CAS*CO*45*-22.09~
CAS*PR*2*-.72~
REF*6R*AAQC0000027766-15~
LQ*HE*N59~
SVC*HC>97530>GP>KX*-40*-18.76*0420*1~
DTM*472*20210722~
CAS*CO*45*-20.46~
CAS*PR*2*-.78~
REF*6R*AAQC0000027766-18~
LQ*HE*N59~
SVC*HC>97110>GP>KX*-80*-34.39*0420*2~
DTM*472*20210722~
CAS*CO*45*-44.18~
CAS*PR*2*-1.43~
REF*6R*AAQC0000027766-17~
LQ*HE*N59~
SVC*HC>97530>GP>KX>CQ*-120*-56.28*0420*3~
DTM*472*20210723~
CAS*CO*45*-61.38~
CAS*PR*2*-2.34~
REF*6R*AAQC0000027766-20~
LQ*HE*N59~
SVC*HC>97110>GP>KX>CQ*-40*-17.19*0420*1~
DTM*472*20210723~
CAS*CO*45*-22.09~
CAS*PR*2*-.72~
REF*6R*AAQC0000027766-19~
LQ*HE*N59~
SVC*HC>97530>GP>KX>CQ*-120*-56.28*0420*3~
DTM*472*20210726~
CAS*CO*45*-61.38~
CAS*PR*2*-2.34~
REF*6R*AAQC0000027766-21~
LQ*HE*N59~
SVC*HC>97530>GP>KX>CQ*-120*-56.28*0420*3~
DTM*472*20210728~
CAS*CO*45*-61.38~
CAS*PR*2*-2.34~
REF*6R*AAQC0000027766-23~
LQ*HE*N59~
SVC*HC>97110>GP>KX>CQ*-40*-17.19*0420*1~
DTM*472*20210728~
CAS*CO*45*-22.09~
CAS*PR*2*-.72~
REF*6R*AAQC0000027766-22~
LQ*HE*N59~
SVC*HC>97530>GP>KX>CQ*-120*-56.28*0420*3~
DTM*472*20210730~
CAS*CO*45*-61.38~
CAS*PR*2*-2.34~
REF*6R*AAQC0000027766-25~
LQ*HE*N59~
SVC*HC>97110>GP>KX>CQ*-40*-17.19*0420*1~
DTM*472*20210730~
CAS*CO*45*-22.09~
CAS*PR*2*-.72~
REF*6R*AAQC0000027766-24~
LQ*HE*N59~
CLP*150460000NNCL*1*1920*893.27*37.19*13*211209C940640000*23*3~
NM1*QC*1*BROWN*KAREN*A***MI*MEBKD5YM~
NM1*82*2*AMHERTS MEADOWS*****XX*1366445660~
REF*1L*455716-062~
REF*CE*STRS PPO PLAN NET 03418~
REF*F8*211112C940640000~
DTM*232*20210702~
DTM*233*20210730~
DTM*050*20211209~
PER*CX**TE*8006240756~
AMT*AU*1920~
SVC*HC>97530>GP>KX*80*37.52*0420*2~
DTM*472*20210702~
CAS*CO*45*40.92~
CAS*PR*2*1.56~
REF*6R*AAQC0000027766-1~
AMT*B6*39.08~
LQ*HE*N59~
SVC*HC>97530>GP>KX>CQ*120*56.28*0420*3~
DTM*472*20210705~
CAS*CO*45*61.38~
CAS*PR*2*2.34~
REF*6R*AAQC0000027766-3~
AMT*B6*58.62~
LQ*HE*N59~
SVC*HC>97110>GP>KX>CQ*40*17.19*0420*1~
DTM*472*20210705~
CAS*CO*45*22.09~
CAS*PR*2*.72~
REF*6R*AAQC0000027766-2~
AMT*B6*17.91~
LQ*HE*N59~
SVC*HC>97530>GP>KX>CQ*80*37.52*0420*2~
DTM*472*20210707~
CAS*CO*45*40.92~
CAS*PR*2*1.56~
REF*6R*AAQC0000027766-6~
AMT*B6*39.08~
LQ*HE*N59~
SVC*HC>97116>GP>KX>CQ*40*30.38*0420*1~
DTM*472*20210707~
CAS*CO*45*8.36~
CAS*PR*2*1.26~
REF*6R*AAQC0000027766-5~
AMT*B6*15.82~
LQ*HE*N59~
SVC*HC>97110>GP>KX>CQ*40*17.19*0420*1~
DTM*472*20210707~
CAS*CO*45*22.09~
CAS*PR*2*.72~
REF*6R*AAQC0000027766-4~
AMT*B6*17.91~
LQ*HE*N59~
SVC*HC>97530>GP>KX>CQ*120*56.28*0420*3~
DTM*472*20210708~
CAS*CO*45*61.38~
CAS*PR*2*2.34~
REF*6R*AAQC0000027766-8~
AMT*B6*58.62~
LQ*HE*N59~
SVC*HC>97110>GP>KX>CQ*40*17.19*0420*1~
DTM*472*20210708~
CAS*CO*45*22.09~
CAS*PR*2*.72~
REF*6R*AAQC0000027766-7~
AMT*B6*17.91~
LQ*HE*N59~
SVC*HC>97530>GP>KX>CQ*120*56.28*0420*3~
DTM*472*20210712~
CAS*CO*45*61.38~
CAS*PR*2*2.34~
REF*6R*AAQC0000027766-10~
AMT*B6*58.62~
LQ*HE*N59~
SVC*HC>97110>GP>KX>CQ*40*17.19*0420*1~
DTM*472*20210712~
CAS*CO*45*22.09~
CAS*PR*2*.72~
REF*6R*AAQC0000027766-9~
AMT*B6*17.91~
LQ*HE*N59~
SVC*HC>97530>GP>KX>CQ*120*56.28*0420*3~
DTM*472*20210714~
CAS*CO*45*61.38~
CAS*PR*2*2.34~
REF*6R*AAQC0000027766-12~
AMT*B6*58.62~
LQ*HE*N59~
SVC*HC>97110>GP>KX>CQ*40*17.19*0420*1~
DTM*472*20210714~
CAS*CO*45*22.09~
CAS*PR*2*.72~
REF*6R*AAQC0000027766-11~
AMT*B6*17.91~
LQ*HE*N59~
SVC*HC>97530>GP>KX>CQ*120*56.28*0420*3~
DTM*472*20210716~
CAS*CO*45*61.38~
CAS*PR*2*2.34~
REF*6R*AAQC0000027766-14~
AMT*B6*58.62~
LQ*HE*N59~
SVC*HC>97110>GP>KX>CQ*40*17.19*0420*1~
DTM*472*20210716~
CAS*CO*45*22.09~
CAS*PR*2*.72~
REF*6R*AAQC0000027766-13~
AMT*B6*17.91~
LQ*HE*N59~
SVC*HC>97530>GP>KX>CQ*120*56.28*0420*3~
DTM*472*20210719~
CAS*CO*45*61.38~
CAS*PR*2*2.34~
REF*6R*AAQC0000027766-16~
AMT*B6*58.62~
LQ*HE*N59~
SVC*HC>97110>GP>KX>CQ*40*17.19*0420*1~
DTM*472*20210719~
CAS*CO*45*22.09~
CAS*PR*2*.72~
REF*6R*AAQC0000027766-15~
AMT*B6*17.91~
LQ*HE*N59~
SVC*HC>97530>GP>KX*40*18.76*0420*1~
DTM*472*20210722~
CAS*CO*45*20.46~
CAS*PR*2*.78~
REF*6R*AAQC0000027766-18~
AMT*B6*19.54~
LQ*HE*N59~
SVC*HC>97110>GP>KX*80*34.39*0420*2~
DTM*472*20210722~
CAS*CO*45*44.18~
CAS*PR*2*1.43~
REF*6R*AAQC0000027766-17~
AMT*B6*35.82~
LQ*HE*N59~
SVC*HC>97530>GP>KX>CQ*120*56.28*0420*3~
DTM*472*20210723~
CAS*CO*45*61.38~
CAS*PR*2*2.34~
REF*6R*AAQC0000027766-20~
AMT*B6*58.62~
LQ*HE*N59~
SVC*HC>97110>GP>KX>CQ*40*17.19*0420*1~
DTM*472*20210723~
CAS*CO*45*22.09~
CAS*PR*2*.72~
REF*6R*AAQC0000027766-19~
AMT*B6*17.91~
LQ*HE*N59~
SVC*HC>97530>GP>KX>CQ*120*56.28*0420*3~
DTM*472*20210726~
CAS*CO*45*61.38~
CAS*PR*2*2.34~
REF*6R*AAQC0000027766-21~
AMT*B6*58.62~
LQ*HE*N59~
SVC*HC>97530>GP>KX>CQ*120*56.28*0420*3~
DTM*472*20210728~
CAS*CO*45*61.38~
CAS*PR*2*2.34~
REF*6R*AAQC0000027766-23~
AMT*B6*58.62~
LQ*HE*N59~
SVC*HC>97110>GP>KX>CQ*40*17.19*0420*1~
DTM*472*20210728~
CAS*CO*45*22.09~
CAS*PR*2*.72~
REF*6R*AAQC0000027766-22~
AMT*B6*17.91~
LQ*HE*N59~
SVC*HC>97530>GP>KX>CQ*120*56.28*0420*3~
DTM*472*20210730~
CAS*CO*45*61.38~
CAS*PR*2*2.34~
REF*6R*AAQC0000027766-25~
AMT*B6*58.62~
LQ*HE*N59~
SVC*HC>97110>GP>KX>CQ*40*17.19*0420*1~
DTM*472*20210730~
CAS*CO*45*22.09~
CAS*PR*2*.72~
REF*6R*AAQC0000027766-24~
AMT*B6*17.91~
LQ*HE*N59~
CLP*212100000OO3A*1*3358.2*1860**13*220113E133350000*21*1~
NM1*QC*1*LAWRENCE*LARRY*Q***MI*MEBD754G~
NM1*82*2*AMHERTS MEADOWS*****XX*1366445660~
REF*G1*3023451~
REF*1L*455716-062~
REF*CE*STRS PPO PLAN NET 03418~
DTM*232*20211224~
DTM*233*20211230~
DTM*050*20220113~
PER*CX**TE*8006240756~
AMT*AU*1860~
SVC*NU>0270*10.22*0**0**1~
DTM*150*20211224~
DTM*151*20211230~
CAS*CO*97*10.22*1~
REF*6R*AAQC0000029763-4~
LQ*HE*N130~
SVC*NU>0191*1860*1860**6~
DTM*150*20211224~
DTM*151*20211230~
REF*6R*AAQC0000029763-2~
AMT*B6*1860~
SVC*HP>JAPE1*0*0*0022*6~
DTM*150*20211224~
DTM*151*20211230~
REF*6R*AAQC0000029763-1~
LQ*HE*N19~
SVC*NU>0250*337.5*0**0**1~
DTM*150*20211224~
DTM*151*20211230~
CAS*CO*97*337.5*1~
REF*6R*AAQC0000029763-3~
LQ*HE*N130~
SVC*NU>0300*230.48*0**0**1~
DTM*150*20211224~
DTM*151*20211230~
CAS*CO*97*230.48*1~
REF*6R*AAQC0000029763-5~
LQ*HE*N130~
SVC*NU>0420*400*0**0**5~
DTM*150*20211224~
DTM*151*20211230~
CAS*CO*97*400*5~
REF*6R*AAQC0000029763-6~
LQ*HE*N130~
SVC*NU>0424*100*0**0**1~
DTM*150*20211224~
DTM*151*20211230~
CAS*CO*97*100*1~
REF*6R*AAQC0000029763-7~
LQ*HE*N130~
SVC*NU>0430*320*0**0**4~
DTM*150*20211224~
DTM*151*20211230~
CAS*CO*97*320*4~
REF*6R*AAQC0000029763-8~
LQ*HE*N130~
SVC*NU>0434*100*0**0**1~
DTM*150*20211224~
DTM*151*20211230~
CAS*CO*97*100*1~
REF*6R*AAQC0000029763-9~
LQ*HE*N130~
CLP*212030000OONT*1*12360.68*6820**13*220113E175560000*21*2~
NM1*QC*1*LAWRENCE*JUDITH*D***MI*MEBD8XPK~
NM1*82*2*AMHERTS MEADOWS*****XX*1366445660~
REF*G1*2912148~
REF*1L*455716-062~
REF*CE*STRS PPO PLAN NET 03418~
DTM*232*20211210~
DTM*233*20220101~
DTM*050*20220113~
PER*CX**TE*8006240756~
AMT*AU*6820~
SVC*NU>0270*26.2*0**0**2~
DTM*150*20211210~
DTM*151*20211231~
CAS*CO*97*26.2*2~
REF*6R*AAQC0000029762-4~
LQ*HE*N130~
SVC*NU>0192*6820*6820**22~
DTM*150*20211210~
DTM*151*20220101~
REF*6R*AAQC0000029762-2~
AMT*B6*6820~
SVC*HP>IAED1*0*0*0022*22~
DTM*150*20211210~
DTM*151*20220101~
REF*6R*AAQC0000029762-1~
LQ*HE*N19~
SVC*NU>0947*63.25*0**0**1~
DTM*150*20211210~
DTM*151*20211231~
CAS*CO*97*63.25*1~
REF*6R*AAQC0000029762-11~
LQ*HE*N130~
SVC*NU>0250*1237.5*0**0**1~
DTM*150*20211210~
DTM*151*20211231~
CAS*CO*97*1237.5*1~
REF*6R*AAQC0000029762-3~
LQ*HE*N130~
SVC*NU>0300*632.68*0**0**1~
DTM*150*20211210~
DTM*151*20211231~
CAS*CO*97*632.68*1~
REF*6R*AAQC0000029762-5~
LQ*HE*N130~
SVC*NU>0320*461.05*0**0**1~
DTM*150*20211210~
DTM*151*20211231~
CAS*CO*97*461.05*1~
REF*6R*AAQC0000029762-6~
LQ*HE*N130~
SVC*NU>0420*1480*0**0**16~
DTM*150*20211210~
DTM*151*20211231~
CAS*CO*97*1480*16~
REF*6R*AAQC0000029762-7~
LQ*HE*N130~
SVC*NU>0424*100*0**0**1~
DTM*150*20211210~
DTM*151*20211231~
CAS*CO*97*100*1~
REF*6R*AAQC0000029762-8~
LQ*HE*N130~
SVC*NU>0430*1440*0**0**15~
DTM*150*20211210~
DTM*151*20211231~
CAS*CO*97*1440*15~
REF*6R*AAQC0000029762-9~
LQ*HE*N130~
SVC*NU>0434*100*0**0**1~
DTM*150*20211210~
DTM*151*20211231~
CAS*CO*97*100*1~
REF*6R*AAQC0000029762-10~
LQ*HE*N130~
CLP*210490000OOQI*1*125*85**13*220114E008260000*22*3~
NM1*QC*1*SCOTT*CAROL*Y***MI*MEBH09PM~
NM1*82*2*AMHERTS MEADOWS*****XX*1366445660~
REF*1L*463598-004~
REF*CE*MEDICARE (S02) PPO NET 03418~
DTM*232*20211215~
DTM*233*20211215~
DTM*050*20220114~
PER*CX**TE*8006240756~
AMT*AU*125~
SVC*HC>90732*75*75*0636*1~
DTM*472*20211215~
REF*6R*AAQC0000029817-1~
AMT*B6*75~
SVC*HC>G0009*50*10*0771*1~
DTM*472*20211215~
CAS*CO*45*40~
REF*6R*AAQC0000029817-2~
AMT*B6*10~
LQ*HE*N59~
CLP*212110000ONT8*1*880*528.22**13*220114E008270000*22*2~
NM1*QC*1*PERRY*ANTOINETTE*D***MI*MEBK3F0Y~
NM1*82*2*AMHERTS MEADOWS*****XX*1366445660~
REF*1L*466647-065~
REF*CE*PLAN 15 ESA PPO AE466647 PLAN NET 03418~
DTM*232*20211230~
DTM*233*20211231~
DTM*050*20220114~
PER*CX**TE*8006240756~
AMT*AU*880~
SVC*HC>97161>GP*100*45.79*0424*1~
DTM*472*20211230~
CAS*CO*45*54.21~
REF*6R*AAQC0000029767-4~
AMT*B6*45.79~
LQ*HE*N59~
SVC*HC>92523>GN*240*186.65*0444*1~
DTM*472*20211230~
CAS*CO*45*53.35~
REF*6R*AAQC0000029767-10~
AMT*B6*186.65~
LQ*HE*N59~
SVC*HC>97530>GP>59*40*19.54*0420*1~
DTM*472*20211230~
CAS*CO*45*20.46~
REF*6R*AAQC0000029767-1~
AMT*B6*19.54~
LQ*HE*N59~
SVC*HC>92507>GN*100*69.89*0440*1~
DTM*472*20211230~
CAS*CO*45*30.11~
REF*6R*AAQC0000029767-8~
AMT*B6*69.89~
LQ*HE*N59~
SVC*HC>97166>GO*100*44.45*0434*1~
DTM*472*20211231~
CAS*CO*45*55.55~
REF*6R*AAQC0000029767-7~
AMT*B6*44.45~
LQ*HE*N59~
SVC*HC>97112>GP>59*80*37.28*0420*2~
DTM*472*20211231~
CAS*CO*45*42.72~
REF*6R*AAQC0000029767-2~
AMT*B6*37.28~
LQ*HE*N59~
SVC*HC>97116>GP*40*15.82*0420*1~
DTM*472*20211231~
CAS*CO*45*24.18~
REF*6R*AAQC0000029767-3~
AMT*B6*15.82~
LQ*HE*N59~
SVC*HC>97530>GO>59*40*19.54*0430*1~
DTM*472*20211231~
CAS*CO*45*20.46~
REF*6R*AAQC0000029767-5~
AMT*B6*19.54~
LQ*HE*N59~
SVC*HC>97535>GO>59*40*19.37*0430*1~
DTM*472*20211231~
CAS*CO*45*20.63~
REF*6R*AAQC0000029767-6~
AMT*B6*19.37~
LQ*HE*N59~
SVC*HC>92507>GN*100*69.89*0440*1~
DTM*472*20211231~
CAS*CO*45*30.11~
REF*6R*AAQC0000029767-9~
AMT*B6*69.89~
LQ*HE*N59~
SE*880*1267~
ST*835*1865~
BPR*I*380.71*C*ACH*CCP*01*031100209*DA*0038865237*1066033492**01*041209307*DA*21502099*20220121~
TRN*1*160118220263638*1066033492~
REF*EV*XXXXXXXXXXXXXXXXXXXXXXXXXXXXXX~
DTM*405*20220119~
N1*PR*AETNA~
N3*151 FARMINGTON AVENUE~
N4*HARTFORD*CT*06156~
REF*2U*60054~
PER*BL*Provider Service~
N1*PE*AMHERTS MEADOWS*XX*1366445660~
N3*1610 1ST ST NE~
N4*MASSILLON*OH*446464044~
REF*PQ*083204300~
REF*TJ*341942949~
LX*1~
TS3*1366445660*23*20221231*4*0~
CLP*150460000LR4G*22*-1680*-578.16**13*201026C384220000*23*3~
NM1*QC*1*BROWN*KAREN*A***MI*MEBKD5YM~
NM1*82*2*AMHERTS MEADOWS*****XX*1366445660~
REF*1L*455716-062~
REF*CE*STRS PPO PLAN NET 03418~
DTM*232*20200901~
DTM*233*20200922~
DTM*050*20201026~
PER*CX**TE*8006240756~
SVC*HC>97530>GP>KX>CQ*-80*-37.52*0420*2~
DTM*472*20200901~
CAS*CO*45*-40.92~
CAS*PR*2*-1.56~
REF*6R*AAQC0000024813-3~
LQ*HE*N59~
SVC*HC>97116>GP>KX>CQ*-40*0*0420*0**1~
DTM*472*20200901~
CAS*CO*231*-40*1~
REF*6R*AAQC0000024813-2~
SVC*HC>97110>GP>KX>CQ*-40*-17.19*0420*1~
DTM*472*20200901~
CAS*CO*45*-22.09~
CAS*PR*2*-.72~
REF*6R*AAQC0000024813-1~
LQ*HE*N59~
SVC*HC>97110>GP>KX*-160*-68.77*0420*4~
DTM*472*20200902~
CAS*CO*45*-88.36~
CAS*PR*2*-2.87~
REF*6R*AAQC0000024813-4~
LQ*HE*N59~
SVC*HC>97530>GP>KX>CQ*-40*-18.76*0420*1~
DTM*472*20200903~
CAS*CO*45*-20.46~
CAS*PR*2*-.78~
REF*6R*AAQC0000024813-6~
LQ*HE*N59~
SVC*HC>97116>GP>KX>CQ*-40*0*0420*0**1~
DTM*472*20200903~
CAS*CO*231*-40*1~
REF*6R*AAQC0000024813-5~
SVC*HC>97110>GP>KX*-120*-51.58*0420*3~
DTM*472*20200907~
CAS*CO*45*-66.27~
CAS*PR*2*-2.15~
REF*6R*AAQC0000024813-7~
LQ*HE*N59~
SVC*HC>97530>GP>KX>CQ*-40*-18.76*0420*1~
DTM*472*20200909~
CAS*CO*45*-20.46~
CAS*PR*2*-.78~
REF*6R*AAQC0000024813-11~
LQ*HE*N59~
SVC*HC>97112>GP>KX>CQ*-40*-17.89*0420*1~
DTM*472*20200909~
CAS*CO*45*-21.36~
CAS*PR*2*-.75~
REF*6R*AAQC0000024813-10~
LQ*HE*N59~
SVC*HC>97110>GP>KX>CQ*-40*-17.19*0420*1~
DTM*472*20200909~
CAS*CO*45*-22.09~
CAS*PR*2*-.72~
REF*6R*AAQC0000024813-9~
LQ*HE*N59~
SVC*HC>97024>GP>KX>CQ*-40*-3.48*0420*1~
DTM*472*20200909~
CAS*CO*45*-36.38~
CAS*PR*2*-.14~
REF*6R*AAQC0000024813-8~
LQ*HE*N59~
SVC*HC>97542>GP>KX>CQ*-40*-16.31*0420*1~
DTM*472*20200910~
CAS*CO*45*-23.01~
CAS*PR*2*-.68~
REF*6R*AAQC0000024813-15~
LQ*HE*N59~
SVC*HC>97116>GP>KX>CQ*-80*-30.37*0420*2~
DTM*472*20200910~
CAS*CO*45*-48.36~
CAS*PR*2*-1.27~
REF*6R*AAQC0000024813-14~
LQ*HE*N59~
SVC*HC>97110>GP>KX>CQ*-40*-17.19*0420*1~
DTM*472*20200910~
CAS*CO*45*-22.09~
CAS*PR*2*-.72~
REF*6R*AAQC0000024813-13~
LQ*HE*N59~
SVC*HC>97024>GP>KX>CQ*-40*-3.48*0420*1~
DTM*472*20200910~
CAS*CO*45*-36.38~
CAS*PR*2*-.14~
REF*6R*AAQC0000024813-12~
LQ*HE*N59~
SVC*HC>97530>GP>KX>CQ*-40*-18.76*0420*1~
DTM*472*20200914~
CAS*CO*45*-20.46~
CAS*PR*2*-.78~
REF*6R*AAQC0000024813-19~
LQ*HE*N59~
SVC*HC>97116>GP>KX>CQ*-40*0*0420*0**1~
DTM*472*20200914~
CAS*CO*231*-40*1~
REF*6R*AAQC0000024813-18~
SVC*HC>97110>GP>KX>CQ*-40*-17.19*0420*1~
DTM*472*20200914~
CAS*CO*45*-22.09~
CAS*PR*2*-.72~
REF*6R*AAQC0000024813-17~
LQ*HE*N59~
SVC*HC>97024>GP>KX>CQ*-40*-3.48*0420*1~
DTM*472*20200914~
CAS*CO*45*-36.38~
CAS*PR*2*-.14~
REF*6R*AAQC0000024813-16~
LQ*HE*N59~
SVC*HC>97530>GP>KX>CQ*-80*-37.52*0420*2~
DTM*472*20200915~
CAS*CO*45*-40.92~
CAS*PR*2*-1.56~
REF*6R*AAQC0000024813-22~
LQ*HE*N59~
SVC*HC>97116>GP>KX>CQ*-40*0*0420*0**1~
DTM*472*20200915~
CAS*CO*231*-40*1~
REF*6R*AAQC0000024813-21~
SVC*HC>97112>GP>KX>CQ*-40*-17.89*0420*1~
DTM*472*20200915~
CAS*CO*45*-21.36~
CAS*PR*2*-.75~
REF*6R*AAQC0000024813-20~
LQ*HE*N59~
SVC*HC>97530>GP>KX>CQ*-40*-18.76*0420*1~
DTM*472*20200917~
CAS*CO*45*-20.46~
CAS*PR*2*-.78~
REF*6R*AAQC0000024813-25~
LQ*HE*N59~
SVC*HC>97110>GP>KX>CQ*-80*-34.39*0420*2~
DTM*472*20200917~
CAS*CO*45*-44.18~
CAS*PR*2*-1.43~
REF*6R*AAQC0000024813-24~
LQ*HE*N59~
SVC*HC>97024>GP>KX>CQ*-40*-3.48*0420*1~
DTM*472*20200917~
CAS*CO*45*-36.38~
CAS*PR*2*-.14~
REF*6R*AAQC0000024813-23~
LQ*HE*N59~
SVC*HC>97530>GP>KX>CQ*-40*-18.76*0420*1~
DTM*472*20200921~
CAS*CO*45*-20.46~
CAS*PR*2*-.78~
REF*6R*AAQC0000024813-29~
LQ*HE*N59~
SVC*HC>97116>GP>KX>CQ*-40*0*0420*0**1~
DTM*472*20200921~
CAS*CO*231*-40*1~
REF*6R*AAQC0000024813-28~
SVC*HC>97110>GP>KX>CQ*-40*-17.19*0420*1~
DTM*472*20200921~
CAS*CO*45*-22.09~
CAS*PR*2*-.72~
REF*6R*AAQC0000024813-27~
LQ*HE*N59~
SVC*HC>97024>GP>KX>CQ*-40*-3.48*0420*1~
DTM*472*20200921~
CAS*CO*45*-36.38~
CAS*PR*2*-.14~
REF*6R*AAQC0000024813-26~
LQ*HE*N59~
SVC*HC>97110>GP>KX*-160*-68.77*0420*4~
DTM*472*20200922~
CAS*CO*45*-88.36~
CAS*PR*2*-2.87~
REF*6R*AAQC0000024813-30~
LQ*HE*N59~
CLP*150460000LR4G*1*1680*654.11*27.24*13*211209C384220000*23*3~
NM1*QC*1*BROWN*KAREN*A***MI*MEBKD5YM~
NM1*82*2*AMHERTS MEADOWS*****XX*1366445660~
REF*1L*455716-062~
REF*CE*STRS PPO PLAN NET 03418~
REF*F8*201026C384220000~
DTM*232*20200901~
DTM*233*20200922~
DTM*050*20211209~
PER*CX**TE*8006240756~
AMT*AU*1680~
SVC*HC>97530>GP>KX>CQ*80*37.52*0420*2~
DTM*472*20200901~
CAS*CO*45*40.92~
CAS*PR*2*1.56~
REF*6R*AAQC0000024813-3~
AMT*B6*39.08~
LQ*HE*N59~
SVC*HC>97116>GP>KX>CQ*40*15.19*0420*1~
DTM*472*20200901~
CAS*CO*45*24.18~
CAS*PR*2*.63~
REF*6R*AAQC0000024813-2~
AMT*B6*15.82~
SVC*HC>97110>GP>KX>CQ*40*17.19*0420*1~
DTM*472*20200901~
CAS*CO*45*22.09~
CAS*PR*2*.72~
REF*6R*AAQC0000024813-1~
AMT*B6*17.91~
LQ*HE*N59~
SVC*HC>97110>GP>KX*160*68.77*0420*4~
DTM*472*20200902~
CAS*CO*45*88.36~
CAS*PR*2*2.87~
REF*6R*AAQC0000024813-4~
AMT*B6*71.64~
LQ*HE*N59~
SVC*HC>97530>GP>KX>CQ*40*18.76*0420*1~
DTM*472*20200903~
CAS*CO*45*20.46~
CAS*PR*2*.78~
REF*6R*AAQC0000024813-6~
AMT*B6*19.54~
LQ*HE*N59~
SVC*HC>97116>GP>KX>CQ*40*15.19*0420*1~
DTM*472*20200903~
CAS*CO*45*24.18~
CAS*PR*2*.63~
REF*6R*AAQC0000024813-5~
AMT*B6*15.82~
SVC*HC>97110>GP>KX*120*51.58*0420*3~
DTM*472*20200907~
CAS*CO*45*66.27~
CAS*PR*2*2.15~
REF*6R*AAQC0000024813-7~
AMT*B6*53.73~
LQ*HE*N59~
SVC*HC>97530>GP>KX>CQ*40*18.76*0420*1~
DTM*472*20200909~
CAS*CO*45*20.46~
CAS*PR*2*.78~
REF*6R*AAQC0000024813-11~
AMT*B6*19.54~
LQ*HE*N59~
SVC*HC>97112>GP>KX>CQ*40*17.89*0420*1~
DTM*472*20200909~
CAS*CO*45*21.36~
CAS*PR*2*.75~
REF*6R*AAQC0000024813-10~
AMT*B6*18.64~
LQ*HE*N59~
SVC*HC>97110>GP>KX>CQ*40*17.19*0420*1~
DTM*472*20200909~
CAS*CO*45*22.09~
CAS*PR*2*.72~
REF*6R*AAQC0000024813-9~
AMT*B6*17.91~
LQ*HE*N59~
SVC*HC>97024>GP>KX>CQ*40*3.48*0420*1~
DTM*472*20200909~
CAS*CO*45*36.38~
CAS*PR*2*.14~
REF*6R*AAQC0000024813-8~
AMT*B6*3.62~
LQ*HE*N59~
SVC*HC>97542>GP>KX>CQ*40*16.31*0420*1~
DTM*472*20200910~
CAS*CO*45*23.01~
CAS*PR*2*.68~
REF*6R*AAQC0000024813-15~
AMT*B6*16.99~
LQ*HE*N59~
SVC*HC>97116>GP>KX>CQ*80*30.37*0420*2~
DTM*472*20200910~
CAS*CO*45*48.36~
CAS*PR*2*1.27~
REF*6R*AAQC0000024813-14~
AMT*B6*31.64~
LQ*HE*N59~
SVC*HC>97110>GP>KX>CQ*40*17.19*0420*1~
DTM*472*20200910~
CAS*CO*45*22.09~
CAS*PR*2*.72~
REF*6R*AAQC0000024813-13~
AMT*B6*17.91~
LQ*HE*N59~
SVC*HC>97024>GP>KX>CQ*40*3.48*0420*1~
DTM*472*20200910~
CAS*CO*45*36.38~
CAS*PR*2*.14~
REF*6R*AAQC0000024813-12~
AMT*B6*3.62~
LQ*HE*N59~
SVC*HC>97530>GP>KX>CQ*40*18.76*0420*1~
DTM*472*20200914~
CAS*CO*45*20.46~
CAS*PR*2*.78~
REF*6R*AAQC0000024813-19~
AMT*B6*19.54~
LQ*HE*N59~
SVC*HC>97116>GP>KX>CQ*40*15.19*0420*1~
DTM*472*20200914~
CAS*CO*45*24.18~
CAS*PR*2*.63~
REF*6R*AAQC0000024813-18~
AMT*B6*15.82~
SVC*HC>97110>GP>KX>CQ*40*17.19*0420*1~
DTM*472*20200914~
CAS*CO*45*22.09~
CAS*PR*2*.72~
REF*6R*AAQC0000024813-17~
AMT*B6*17.91~
LQ*HE*N59~
SVC*HC>97024>GP>KX>CQ*40*3.48*0420*1~
DTM*472*20200914~
CAS*CO*45*36.38~
CAS*PR*2*.14~
REF*6R*AAQC0000024813-16~
AMT*B6*3.62~
LQ*HE*N59~
SVC*HC>97530>GP>KX>CQ*80*37.52*0420*2~
DTM*472*20200915~
CAS*CO*45*40.92~
CAS*PR*2*1.56~
REF*6R*AAQC0000024813-22~
AMT*B6*39.08~
LQ*HE*N59~
SVC*HC>97116>GP>KX>CQ*40*15.19*0420*1~
DTM*472*20200915~
CAS*CO*45*24.18~
CAS*PR*2*.63~
REF*6R*AAQC0000024813-21~
AMT*B6*15.82~
SVC*HC>97112>GP>KX>CQ*40*17.89*0420*1~
DTM*472*20200915~
CAS*CO*45*21.36~
CAS*PR*2*.75~
REF*6R*AAQC0000024813-20~
AMT*B6*18.64~
LQ*HE*N59~
SVC*HC>97530>GP>KX>CQ*40*18.76*0420*1~
DTM*472*20200917~
CAS*CO*45*20.46~
CAS*PR*2*.78~
REF*6R*AAQC0000024813-25~
AMT*B6*19.54~
LQ*HE*N59~
SVC*HC>97110>GP>KX>CQ*80*34.39*0420*2~
DTM*472*20200917~
CAS*CO*45*44.18~
CAS*PR*2*1.43~
REF*6R*AAQC0000024813-24~
AMT*B6*35.82~
LQ*HE*N59~
SVC*HC>97024>GP>KX>CQ*40*3.48*0420*1~
DTM*472*20200917~
CAS*CO*45*36.38~
CAS*PR*2*.14~
REF*6R*AAQC0000024813-23~
AMT*B6*3.62~
LQ*HE*N59~
SVC*HC>97530>GP>KX>CQ*40*18.76*0420*1~
DTM*472*20200921~
CAS*CO*45*20.46~
CAS*PR*2*.78~
REF*6R*AAQC0000024813-29~
AMT*B6*19.54~
LQ*HE*N59~
SVC*HC>97116>GP>KX>CQ*40*15.19*0420*1~
DTM*472*20200921~
CAS*CO*45*24.18~
CAS*PR*2*.63~
REF*6R*AAQC0000024813-28~
AMT*B6*15.82~
SVC*HC>97110>GP>KX>CQ*40*17.19*0420*1~
DTM*472*20200921~
CAS*CO*45*22.09~
CAS*PR*2*.72~
REF*6R*AAQC0000024813-27~
AMT*B6*17.91~
LQ*HE*N59~
SVC*HC>97024>GP>KX>CQ*40*3.48*0420*1~
DTM*472*20200921~
CAS*CO*45*36.38~
CAS*PR*2*.14~
REF*6R*AAQC0000024813-26~
AMT*B6*3.62~
LQ*HE*N59~
SVC*HC>97110>GP>KX*160*68.77*0420*4~
DTM*472*20200922~
CAS*CO*45*88.36~
CAS*PR*2*2.87~
REF*6R*AAQC0000024813-30~
AMT*B6*71.64~
LQ*HE*N59~
CLP*210490000N9JV*22*-6080*0**13*211113E603680000*23*7~
NM1*QC*1*SCOTT*CAROL*Y***MI*MEBH09PM~
NM1*82*2*AMHERTS MEADOWS*****XX*1366445660~
REF*1L*463598-004~
REF*CE*MEDICARE (S02) PPO NET 03418~
DTM*232*20210505~
DTM*233*20210531~
DTM*050*20211113~
PER*CX**TE*8006240756~
SVC*HC>97161>GP>KX*-100*0*0424*0**1~
DTM*472*20210505~
CAS*OA*18*-100*1~
REF*6R*AAQC0000028928-2~
LQ*HE*MA67~
LQ*HE*N522~
SVC*HC>97166>GO>KX*-100*0*0434*0**1~
DTM*472*20210505~
CAS*OA*18*-100*1~
REF*6R*AAQC0000028928-4~
LQ*HE*MA67~
LQ*HE*N522~
SVC*HC>97116>GP>59>KX*-80*0*0420*0**2~
DTM*472*20210505~
CAS*OA*18*-80*2~
REF*6R*AAQC0000028928-1~
LQ*HE*MA67~
LQ*HE*N522~
SVC*HC>97530>GO>KX*-120*0*0430*0**3~
DTM*472*20210505~
CAS*OA*18*-120*3~
REF*6R*AAQC0000028928-3~
LQ*HE*MA67~
LQ*HE*N522~
SVC*HC>97112>GP>KX*-80*0*0420*0**2~
DTM*472*20210506~
CAS*OA*18*-80*2~
REF*6R*AAQC0000028928-6~
LQ*HE*MA67~
LQ*HE*N522~
SVC*HC>97110>GP>KX*-80*0*0420*0**2~
DTM*472*20210506~
CAS*OA*18*-80*2~
REF*6R*AAQC0000028928-5~
LQ*HE*MA67~
LQ*HE*N522~
SVC*HC>97535>GO>59>KX>CO*-40*0*0430*0**1~
DTM*472*20210506~
CAS*OA*18*-40*1~
REF*6R*AAQC0000028928-8~
LQ*HE*MA67~
LQ*HE*N522~
SVC*HC>97530>GO>KX>CO*-120*0*0430*0**3~
DTM*472*20210506~
CAS*OA*18*-120*3~
REF*6R*AAQC0000028928-7~
LQ*HE*MA67~
LQ*HE*N522~
SVC*HC>97116>GP>59>KX*-40*0*0420*0**1~
DTM*472*20210507~
CAS*OA*18*-40*1~
REF*6R*AAQC0000028928-11~
LQ*HE*MA67~
LQ*HE*N522~
SVC*HC>97112>GP>59>KX*-40*0*0420*0**1~
DTM*472*20210507~
CAS*OA*18*-40*1~
REF*6R*AAQC0000028928-10~
LQ*HE*MA67~
LQ*HE*N522~
SVC*HC>97110>GP>KX*-80*0*0420*0**2~
DTM*472*20210507~
CAS*OA*18*-80*2~
REF*6R*AAQC0000028928-9~
LQ*HE*MA67~
LQ*HE*N522~
SVC*HC>97530>GO>KX*-80*0*0430*0**2~
DTM*472*20210507~
CAS*OA*18*-80*2~
REF*6R*AAQC0000028928-12~
LQ*HE*MA67~
LQ*HE*N522~
SVC*HC>97535>GO>59>KX*-80*0*0430*0**2~
DTM*472*20210507~
CAS*OA*18*-80*2~
REF*6R*AAQC0000028928-14~
LQ*HE*MA67~
LQ*HE*N522~
SVC*HC>97530>GO>KX>CO*-40*0*0430*0**1~
DTM*472*20210507~
CAS*OA*18*-40*1~
REF*6R*AAQC0000028928-13~
LQ*HE*MA67~
LQ*HE*N522~
SVC*HC>97530>GP>59>KX>CQ*-80*0*0420*0**2~
DTM*472*20210510~
CAS*OA*18*-80*2~
REF*6R*AAQC0000028928-17~
LQ*HE*MA67~
LQ*HE*N522~
SVC*HC>97116>GP>59>KX>CQ*-40*0*0420*0**1~
DTM*472*20210510~
CAS*OA*18*-40*1~
REF*6R*AAQC0000028928-16~
LQ*HE*MA67~
LQ*HE*N522~
SVC*HC>97110>GP>KX>CQ*-40*0*0420*0**1~
DTM*472*20210510~
CAS*OA*18*-40*1~
REF*6R*AAQC0000028928-15~
LQ*HE*MA67~
LQ*HE*N522~
SVC*HC>97530>GO>59>KX>CO*-80*0*0430*0**2~
DTM*472*20210510~
CAS*OA*18*-80*2~
REF*6R*AAQC0000028928-18~
LQ*HE*MA67~
LQ*HE*N522~
SVC*HC>97535>GO>59>KX>CO*-80*0*0430*0**2~
DTM*472*20210510~
CAS*OA*18*-80*2~
REF*6R*AAQC0000028928-19~
LQ*HE*MA67~
LQ*HE*N522~
SVC*HC>97530>GP>KX>CQ*-80*0*0420*0**2~
DTM*472*20210511~
CAS*OA*18*-80*2~
REF*6R*AAQC0000028928-22~
LQ*HE*MA67~
LQ*HE*N522~
SVC*HC>97116>GP>59>KX>CQ*-40*0*0420*0**1~
DTM*472*20210511~
CAS*OA*18*-40*1~
REF*6R*AAQC0000028928-21~
LQ*HE*MA67~
LQ*HE*N522~
SVC*HC>97110>GP>KX>CQ*-40*0*0420*0**1~
DTM*472*20210511~
CAS*OA*18*-40*1~
REF*6R*AAQC0000028928-20~
LQ*HE*MA67~
LQ*HE*N522~
SVC*HC>97535>GO>59>KX>CO*-120*0*0430*0**3~
DTM*472*20210511~
CAS*OA*18*-120*3~
REF*6R*AAQC0000028928-24~
LQ*HE*MA67~
LQ*HE*N522~
SVC*HC>97530>GO>KX>CO*-40*0*0430*0**1~
DTM*472*20210511~
CAS*OA*18*-40*1~
REF*6R*AAQC0000028928-23~
LQ*HE*MA67~
LQ*HE*N522~
SVC*HC>97530>GP>KX>CQ*-80*0*0420*0**2~
DTM*472*20210512~
CAS*OA*18*-80*2~
REF*6R*AAQC0000028928-27~
LQ*HE*MA67~
LQ*HE*N522~
SVC*HC>97116>GP>59>KX>CQ*-40*0*0420*0**1~
DTM*472*20210512~
CAS*OA*18*-40*1~
REF*6R*AAQC0000028928-26~
LQ*HE*MA67~
LQ*HE*N522~
SVC*HC>97110>GP>KX>CQ*-40*0*0420*0**1~
DTM*472*20210512~
CAS*OA*18*-40*1~
REF*6R*AAQC0000028928-25~
LQ*HE*MA67~
LQ*HE*N522~
SVC*HC>97530>GO>KX>CO*-120*0*0430*0**3~
DTM*472*20210512~
CAS*OA*18*-120*3~
REF*6R*AAQC0000028928-28~
LQ*HE*MA67~
LQ*HE*N522~
SVC*HC>97535>GO>59>KX>CO*-40*0*0430*0**1~
DTM*472*20210512~
CAS*OA*18*-40*1~
REF*6R*AAQC0000028928-29~
LQ*HE*MA67~
LQ*HE*N522~
SVC*HC>97110>GP>KX*-80*0*0420*0**2~
DTM*472*20210513~
CAS*OA*18*-80*2~
REF*6R*AAQC0000028928-30~
LQ*HE*MA67~
LQ*HE*N522~
SVC*HC>97116>GP>59>KX*-40*0*0420*0**1~
DTM*472*20210513~
CAS*OA*18*-40*1~
REF*6R*AAQC0000028928-32~
LQ*HE*MA67~
LQ*HE*N522~
SVC*HC>97112>GP>KX*-40*0*0420*0**1~
DTM*472*20210513~
CAS*OA*18*-40*1~
REF*6R*AAQC0000028928-31~
LQ*HE*MA67~
LQ*HE*N522~
SVC*HC>97535>GO>59>KX>CO*-40*0*0430*0**1~
DTM*472*20210513~
CAS*OA*18*-40*1~
REF*6R*AAQC0000028928-34~
LQ*HE*MA67~
LQ*HE*N522~
SVC*HC>97530>GO>KX>CO*-40*0*0430*0**1~
DTM*472*20210513~
CAS*OA*18*-40*1~
REF*6R*AAQC0000028928-33~
LQ*HE*MA67~
LQ*HE*N522~
SVC*HC>97535>GO>59>KX*-80*0*0430*0**2~
DTM*472*20210514~
CAS*OA*18*-80*2~
REF*6R*AAQC0000028928-36~
LQ*HE*MA67~
LQ*HE*N522~
SVC*HC>97530>GO>KX*-80*0*0430*0**2~
DTM*472*20210514~
CAS*OA*18*-80*2~
REF*6R*AAQC0000028928-35~
LQ*HE*MA67~
LQ*HE*N522~
SVC*HC>97530>GP>KX*-40*0*0420*0**1~
DTM*472*20210515~
CAS*OA*18*-40*1~
REF*6R*AAQC0000028928-39~
LQ*HE*MA67~
LQ*HE*N522~
SVC*HC>97116>GP>59>KX*-40*0*0420*0**1~
DTM*472*20210515~
CAS*OA*18*-40*1~
REF*6R*AAQC0000028928-38~
LQ*HE*MA67~
LQ*HE*N522~
SVC*HC>97110>GP>KX*-40*0*0420*0**1~
DTM*472*20210515~
CAS*OA*18*-40*1~
REF*6R*AAQC0000028928-37~
LQ*HE*MA67~
LQ*HE*N522~
SVC*HC>97530>GP>KX>CQ*-80*0*0420*0**2~
DTM*472*20210517~
CAS*OA*18*-80*2~
REF*6R*AAQC0000028928-42~
LQ*HE*MA67~
LQ*HE*N522~
SVC*HC>97116>GP>59>KX>CQ*-40*0*0420*0**1~
DTM*472*20210517~
CAS*OA*18*-40*1~
REF*6R*AAQC0000028928-41~
LQ*HE*MA67~
LQ*HE*N522~
SVC*HC>97110>GP>KX>CQ*-40*0*0420*0**1~
DTM*472*20210517~
CAS*OA*18*-40*1~
REF*6R*AAQC0000028928-40~
LQ*HE*MA67~
LQ*HE*N522~
SVC*HC>97530>GO>KX>CO*-80*0*0430*0**2~
DTM*472*20210517~
CAS*OA*18*-80*2~
REF*6R*AAQC0000028928-44~
LQ*HE*MA67~
LQ*HE*N522~
SVC*HC>97110>GO>KX>CO*-80*0*0430*0**2~
DTM*472*20210517~
CAS*OA*18*-80*2~
REF*6R*AAQC0000028928-43~
LQ*HE*MA67~
LQ*HE*N522~
SVC*HC>97112>GP>KX*-40*0*0420*0**1~
DTM*472*20210518~
CAS*OA*18*-40*1~
REF*6R*AAQC0000028928-46~
LQ*HE*MA67~
LQ*HE*N522~
SVC*HC>97110>GP>KX*-120*0*0420*0**3~
DTM*472*20210518~
CAS*OA*18*-120*3~
REF*6R*AAQC0000028928-45~
LQ*HE*MA67~
LQ*HE*N522~
SVC*HC>97530>GO>KX*-80*0*0430*0**2~
DTM*472*20210518~
CAS*OA*18*-80*2~
REF*6R*AAQC0000028928-49~
LQ*HE*MA67~
LQ*HE*N522~
SVC*HC>97112>GO>KX*-40*0*0430*0**1~
DTM*472*20210518~
CAS*OA*18*-40*1~
REF*6R*AAQC0000028928-48~
LQ*HE*MA67~
LQ*HE*N522~
SVC*HC>97110>GO>KX*-40*0*0430*0**1~
DTM*472*20210518~
CAS*OA*18*-40*1~
REF*6R*AAQC0000028928-47~
LQ*HE*MA67~
LQ*HE*N522~
SVC*HC>97530>GP>KX>CQ*-80*0*0420*0**2~
DTM*472*20210519~
CAS*OA*18*-80*2~
REF*6R*AAQC0000028928-52~
LQ*HE*MA67~
LQ*HE*N522~
SVC*HC>97116>GP>59>KX>CQ*-40*0*0420*0**1~
DTM*472*20210519~
CAS*OA*18*-40*1~
REF*6R*AAQC0000028928-51~
LQ*HE*MA67~
LQ*HE*N522~
SVC*HC>97110>GP>KX>CQ*-40*0*0420*0**1~
DTM*472*20210519~
CAS*OA*18*-40*1~
REF*6R*AAQC0000028928-50~
LQ*HE*MA67~
LQ*HE*N522~
SVC*HC>97530>GO>KX>CO*-80*0*0430*0**2~
DTM*472*20210519~
CAS*OA*18*-80*2~
REF*6R*AAQC0000028928-54~
LQ*HE*MA67~
LQ*HE*N522~
SVC*HC>97110>GO>KX>CO*-80*0*0430*0**2~
DTM*472*20210519~
CAS*OA*18*-80*2~
REF*6R*AAQC0000028928-53~
LQ*HE*MA67~
LQ*HE*N522~
SVC*HC>97530>GP>KX*-40*0*0420*0**1~
DTM*472*20210520~
CAS*OA*18*-40*1~
REF*6R*AAQC0000028928-57~
LQ*HE*MA67~
LQ*HE*N522~
SVC*HC>97116>GP>59>KX*-40*0*0420*0**1~
DTM*472*20210520~
CAS*OA*18*-40*1~
REF*6R*AAQC0000028928-56~
LQ*HE*MA67~
LQ*HE*N522~
SVC*HC>97112>GP>KX*-40*0*0420*0**1~
DTM*472*20210520~
CAS*OA*18*-40*1~
REF*6R*AAQC0000028928-55~
LQ*HE*MA67~
LQ*HE*N522~
SVC*HC>97110>GO>KX>CO*-40*0*0430*0**1~
DTM*472*20210520~
CAS*OA*18*-40*1~
REF*6R*AAQC0000028928-58~
LQ*HE*MA67~
LQ*HE*N522~
SVC*HC>97535>GO>59>KX>CO*-40*0*0430*0**1~
DTM*472*20210520~
CAS*OA*18*-40*1~
REF*6R*AAQC0000028928-60~
LQ*HE*MA67~
LQ*HE*N522~
SVC*HC>97530>GO>KX>CO*-80*0*0430*0**2~
DTM*472*20210520~
CAS*OA*18*-80*2~
REF*6R*AAQC0000028928-59~
LQ*HE*MA67~
LQ*HE*N522~
SVC*HC>97530>GP>KX>CQ*-80*0*0420*0**2~
DTM*472*20210521~
CAS*OA*18*-80*2~
REF*6R*AAQC0000028928-63~
LQ*HE*MA67~
LQ*HE*N522~
SVC*HC>97116>GP>59>KX>CQ*-40*0*0420*0**1~
DTM*472*20210521~
CAS*OA*18*-40*1~
REF*6R*AAQC0000028928-62~
LQ*HE*MA67~
LQ*HE*N522~
SVC*HC>97110>GP>KX>CQ*-40*0*0420*0**1~
DTM*472*20210521~
CAS*OA*18*-40*1~
REF*6R*AAQC0000028928-61~
LQ*HE*MA67~
LQ*HE*N522~
SVC*HC>97530>GO>KX*-80*0*0430*0**2~
DTM*472*20210521~
CAS*OA*18*-80*2~
REF*6R*AAQC0000028928-64~
LQ*HE*MA67~
LQ*HE*N522~
SVC*HC>97535>GO>59>KX*-80*0*0430*0**2~
DTM*472*20210521~
CAS*OA*18*-80*2~
REF*6R*AAQC0000028928-65~
LQ*HE*MA67~
LQ*HE*N522~
SVC*HC>97530>GP>KX>CQ*-80*0*0420*0**2~
DTM*472*20210524~
CAS*OA*18*-80*2~
REF*6R*AAQC0000028928-68~
LQ*HE*MA67~
LQ*HE*N522~
SVC*HC>97116>GP>59>KX>CQ*-40*0*0420*0**1~
DTM*472*20210524~
CAS*OA*18*-40*1~
REF*6R*AAQC0000028928-67~
LQ*HE*MA67~
LQ*HE*N522~
SVC*HC>97110>GP>KX>CQ*-40*0*0420*0**1~
DTM*472*20210524~
CAS*OA*18*-40*1~
REF*6R*AAQC0000028928-66~
LQ*HE*MA67~
LQ*HE*N522~
SVC*HC>97530>GO>KX>CO*-160*0*0430*0**4~
DTM*472*20210524~
CAS*OA*18*-160*4~
REF*6R*AAQC0000028928-69~
LQ*HE*MA67~
LQ*HE*N522~
SVC*HC>97530>GP>KX>CQ*-40*0*0420*0**1~
DTM*472*20210525~
CAS*OA*18*-40*1~
REF*6R*AAQC0000028928-72~
LQ*HE*MA67~
LQ*HE*N522~
SVC*HC>97116>GP>59>KX>CQ*-40*0*0420*0**1~
DTM*472*20210525~
CAS*OA*18*-40*1~
REF*6R*AAQC0000028928-71~
LQ*HE*MA67~
LQ*HE*N522~
SVC*HC>97110>GP>KX>CQ*-80*0*0420*0**2~
DTM*472*20210525~
CAS*OA*18*-80*2~
REF*6R*AAQC0000028928-70~
LQ*HE*MA67~
LQ*HE*N522~
SVC*HC>97530>GO>KX>CO*-80*0*0430*0**2~
DTM*472*20210525~
CAS*OA*18*-80*2~
REF*6R*AAQC0000028928-74~
LQ*HE*MA67~
LQ*HE*N522~
SVC*HC>97110>GO>KX>CO*-80*0*0430*0**2~
DTM*472*20210525~
CAS*OA*18*-80*2~
REF*6R*AAQC0000028928-73~
LQ*HE*MA67~
LQ*HE*N522~
SVC*HC>97530>GP>KX>CQ*-80*0*0420*0**2~
DTM*472*20210526~
CAS*OA*18*-80*2~
REF*6R*AAQC0000028928-77~
LQ*HE*MA67~
LQ*HE*N522~
SVC*HC>97116>GP>59>KX>CQ*-40*0*0420*0**1~
DTM*472*20210526~
CAS*OA*18*-40*1~
REF*6R*AAQC0000028928-76~
LQ*HE*MA67~
LQ*HE*N522~
SVC*HC>97110>GP>KX>CQ*-40*0*0420*0**1~
DTM*472*20210526~
CAS*OA*18*-40*1~
REF*6R*AAQC0000028928-75~
LQ*HE*MA67~
LQ*HE*N522~
SVC*HC>97535>GO>59>KX>CO*-40*0*0430*0**1~
DTM*472*20210526~
CAS*OA*18*-40*1~
REF*6R*AAQC0000028928-80~
LQ*HE*MA67~
LQ*HE*N522~
SVC*HC>97530>GO>KX>CO*-40*0*0430*0**1~
DTM*472*20210526~
CAS*OA*18*-40*1~
REF*6R*AAQC0000028928-79~
LQ*HE*MA67~
LQ*HE*N522~
SVC*HC>97110>GO>KX>CO*-80*0*0430*0**2~
DTM*472*20210526~
CAS*OA*18*-80*2~
REF*6R*AAQC0000028928-78~
LQ*HE*MA67~
LQ*HE*N522~
SVC*HC>97530>GP>KX>CQ*-80*0*0420*0**2~
DTM*472*20210527~
CAS*OA*18*-80*2~
REF*6R*AAQC0000028928-83~
LQ*HE*MA67~
LQ*HE*N522~
SVC*HC>97116>GP>59>KX>CQ*-40*0*0420*0**1~
DTM*472*20210527~
CAS*OA*18*-40*1~
REF*6R*AAQC0000028928-82~
LQ*HE*MA67~
LQ*HE*N522~
SVC*HC>97110>GP>KX>CQ*-40*0*0420*0**1~
DTM*472*20210527~
CAS*OA*18*-40*1~
REF*6R*AAQC0000028928-81~
LQ*HE*MA67~
LQ*HE*N522~
SVC*HC>97112>GO>KX*-40*0*0430*0**1~
DTM*472*20210527~
CAS*OA*18*-40*1~
REF*6R*AAQC0000028928-84~
LQ*HE*MA67~
LQ*HE*N522~
SVC*HC>97535>GO>59>KX*-40*0*0430*0**1~
DTM*472*20210527~
CAS*OA*18*-40*1~
REF*6R*AAQC0000028928-86~
LQ*HE*MA67~
LQ*HE*N522~
SVC*HC>97530>GO>KX*-80*0*0430*0**2~
DTM*472*20210527~
CAS*OA*18*-80*2~
REF*6R*AAQC0000028928-85~
LQ*HE*MA67~
LQ*HE*N522~
SVC*HC>97530>GP>KX>CQ*-80*0*0420*0**2~
DTM*472*20210528~
CAS*OA*18*-80*2~
REF*6R*AAQC0000028928-89~
LQ*HE*MA67~
LQ*HE*N522~
SVC*HC>97116>GP>59>KX>CQ*-40*0*0420*0**1~
DTM*472*20210528~
CAS*OA*18*-40*1~
REF*6R*AAQC0000028928-88~
LQ*HE*MA67~
LQ*HE*N522~
SVC*HC>97110>GP>KX>CQ*-40*0*0420*0**1~
DTM*472*20210528~
CAS*OA*18*-40*1~
REF*6R*AAQC0000028928-87~
LQ*HE*MA67~
LQ*HE*N522~
SVC*HC>97110>GO>KX>CO*-40*0*0430*0**1~
DTM*472*20210528~
CAS*OA*18*-40*1~
REF*6R*AAQC0000028928-90~
LQ*HE*MA67~
LQ*HE*N522~
SVC*HC>97535>GO>59>KX>CO*-40*0*0430*0**1~
DTM*472*20210528~
CAS*OA*18*-40*1~
REF*6R*AAQC0000028928-92~
LQ*HE*MA67~
LQ*HE*N522~
SVC*HC>97530>GO>KX>CO*-80*0*0430*0**2~
DTM*472*20210528~
CAS*OA*18*-80*2~
REF*6R*AAQC0000028928-91~
LQ*HE*MA67~
LQ*HE*N522~
SVC*HC>97530>GP>KX>CQ*-80*0*0420*0**2~
DTM*472*20210531~
CAS*OA*18*-80*2~
REF*6R*AAQC0000028928-95~
LQ*HE*MA67~
LQ*HE*N522~
SVC*HC>97116>GP>59>KX>CQ*-40*0*0420*0**1~
DTM*472*20210531~
CAS*OA*18*-40*1~
REF*6R*AAQC0000028928-94~
LQ*HE*MA67~
LQ*HE*N522~
SVC*HC>97110>GP>KX>CQ*-40*0*0420*0**1~
DTM*472*20210531~
CAS*OA*18*-40*1~
REF*6R*AAQC0000028928-93~
LQ*HE*MA67~
LQ*HE*N522~
SVC*HC>97110>GO>KX>CO*-40*0*0430*0**1~
DTM*472*20210531~
CAS*OA*18*-40*1~
REF*6R*AAQC0000028928-96~
LQ*HE*MA67~
LQ*HE*N522~
SVC*HC>97535>GO>59>KX>CO*-40*0*0430*0**1~
DTM*472*20210531~
CAS*OA*18*-40*1~
REF*6R*AAQC0000028928-98~
LQ*HE*MA67~
LQ*HE*N522~
SVC*HC>97530>GO>KX>CO*-120*0*0430*0**3~
DTM*472*20210531~
CAS*OA*18*-120*3~
REF*6R*AAQC0000028928-97~
LQ*HE*MA67~
LQ*HE*N522~
CLP*210490000N9JV*1*6080*304.76**13*211209C603680000*23*7~
NM1*QC*1*SCOTT*CAROL*Y***MI*MEBH09PM~
NM1*82*2*AMHERTS MEADOWS*****XX*1366445660~
REF*1L*463598-004~
REF*CE*MEDICARE (S02) PPO NET 03418~
REF*F8*211113E603680000~
DTM*232*20210505~
DTM*233*20210531~
DTM*050*20211209~
PER*CX**TE*8006240756~
AMT*AU*760~
SVC*HC>97161>GP>KX*100*0*0424*0**1~
DTM*472*20210505~
CAS*OA*18*100*1~
REF*6R*AAQC0000028928-2~
LQ*HE*MA67~
LQ*HE*N522~
SVC*HC>97166>GO>KX*100*0*0434*0**1~
DTM*472*20210505~
CAS*OA*18*100*1~
REF*6R*AAQC0000028928-4~
LQ*HE*MA67~
LQ*HE*N522~
SVC*HC>97116>GP>59>KX*80*31.64*0420*2~
DTM*472*20210505~
CAS*CO*45*48.36~
REF*6R*AAQC0000028928-1~
AMT*B6*31.64~
LQ*HE*N59~
SVC*HC>97530>GO>KX*120*0*0430*0**3~
DTM*472*20210505~
CAS*OA*18*120*3~
REF*6R*AAQC0000028928-3~
LQ*HE*MA67~
LQ*HE*N522~
SVC*HC>97112>GP>KX*80*0*0420*0**2~
DTM*472*20210506~
CAS*OA*18*80*2~
REF*6R*AAQC0000028928-6~
LQ*HE*MA67~
LQ*HE*N522~
SVC*HC>97110>GP>KX*80*0*0420*0**2~
DTM*472*20210506~
CAS*OA*18*80*2~
REF*6R*AAQC0000028928-5~
LQ*HE*MA67~
LQ*HE*N522~
SVC*HC>97535>GO>59>KX>CO*40*0*0430*0**1~
DTM*472*20210506~
CAS*OA*18*40*1~
REF*6R*AAQC0000028928-8~
LQ*HE*MA67~
LQ*HE*N522~
SVC*HC>97530>GO>KX>CO*120*0*0430*0**3~
DTM*472*20210506~
CAS*OA*18*120*3~
REF*6R*AAQC0000028928-7~
LQ*HE*MA67~
LQ*HE*N522~
SVC*HC>97116>GP>59>KX*40*15.82*0420*1~
DTM*472*20210507~
CAS*CO*45*24.18~
REF*6R*AAQC0000028928-11~
AMT*B6*15.82~
LQ*HE*N59~
SVC*HC>97112>GP>59>KX*40*0*0420*0**1~
DTM*472*20210507~
CAS*OA*18*40*1~
REF*6R*AAQC0000028928-10~
LQ*HE*MA67~
LQ*HE*N522~
SVC*HC>97110>GP>KX*80*0*0420*0**2~
DTM*472*20210507~
CAS*OA*18*80*2~
REF*6R*AAQC0000028928-9~
LQ*HE*MA67~
LQ*HE*N522~
SVC*HC>97530>GO>KX*80*0*0430*0**2~
DTM*472*20210507~
CAS*OA*18*80*2~
REF*6R*AAQC0000028928-12~
LQ*HE*MA67~
LQ*HE*N522~
SVC*HC>97535>GO>59>KX*80*0*0430*0**2~
DTM*472*20210507~
CAS*OA*18*80*2~
REF*6R*AAQC0000028928-14~
LQ*HE*MA67~
LQ*HE*N522~
SVC*HC>97530>GO>KX>CO*40*0*0430*0**1~
DTM*472*20210507~
CAS*OA*18*40*1~
REF*6R*AAQC0000028928-13~
LQ*HE*MA67~
LQ*HE*N522~
SVC*HC>97530>GP>59>KX>CQ*80*0*0420*0**2~
DTM*472*20210510~
CAS*OA*18*80*2~
REF*6R*AAQC0000028928-17~
LQ*HE*MA67~
LQ*HE*N522~
SVC*HC>97116>GP>59>KX>CQ*40*15.82*0420*1~
DTM*472*20210510~
CAS*CO*45*24.18~
REF*6R*AAQC0000028928-16~
AMT*B6*15.82~
LQ*HE*N59~
SVC*HC>97110>GP>KX>CQ*40*0*0420*0**1~
DTM*472*20210510~
CAS*OA*18*40*1~
REF*6R*AAQC0000028928-15~
LQ*HE*MA67~
LQ*HE*N522~
SVC*HC>97530>GO>59>KX>CO*80*0*0430*0**2~
DTM*472*20210510~
CAS*OA*18*80*2~
REF*6R*AAQC0000028928-18~
LQ*HE*MA67~
LQ*HE*N522~
SVC*HC>97535>GO>59>KX>CO*80*0*0430*0**2~
DTM*472*20210510~
CAS*OA*18*80*2~
REF*6R*AAQC0000028928-19~
LQ*HE*MA67~
LQ*HE*N522~
SVC*HC>97530>GP>KX>CQ*80*0*0420*0**2~
DTM*472*20210511~
CAS*OA*18*80*2~
REF*6R*AAQC0000028928-22~
LQ*HE*MA67~
LQ*HE*N522~
SVC*HC>97116>GP>59>KX>CQ*40*15.82*0420*1~
DTM*472*20210511~
CAS*CO*45*24.18~
REF*6R*AAQC0000028928-21~
AMT*B6*15.82~
LQ*HE*N59~
SVC*HC>97110>GP>KX>CQ*40*0*0420*0**1~
DTM*472*20210511~
CAS*OA*18*40*1~
REF*6R*AAQC0000028928-20~
LQ*HE*MA67~
LQ*HE*N522~
SVC*HC>97535>GO>59>KX>CO*120*0*0430*0**3~
DTM*472*20210511~
CAS*OA*18*120*3~
REF*6R*AAQC0000028928-24~
LQ*HE*MA67~
LQ*HE*N522~
SVC*HC>97530>GO>KX>CO*40*0*0430*0**1~
DTM*472*20210511~
CAS*OA*18*40*1~
REF*6R*AAQC0000028928-23~
LQ*HE*MA67~
LQ*HE*N522~
SVC*HC>97530>GP>KX>CQ*80*0*0420*0**2~
DTM*472*20210512~
CAS*OA*18*80*2~
REF*6R*AAQC0000028928-27~
LQ*HE*MA67~
LQ*HE*N522~
SVC*HC>97116>GP>59>KX>CQ*40*15.82*0420*1~
DTM*472*20210512~
CAS*CO*45*24.18~
REF*6R*AAQC0000028928-26~
AMT*B6*15.82~
LQ*HE*N59~
SVC*HC>97110>GP>KX>CQ*40*0*0420*0**1~
DTM*472*20210512~
CAS*OA*18*40*1~
REF*6R*AAQC0000028928-25~
LQ*HE*MA67~
LQ*HE*N522~
SVC*HC>97530>GO>KX>CO*120*0*0430*0**3~
DTM*472*20210512~
CAS*OA*18*120*3~
REF*6R*AAQC0000028928-28~
LQ*HE*MA67~
LQ*HE*N522~
SVC*HC>97535>GO>59>KX>CO*40*0*0430*0**1~
DTM*472*20210512~
CAS*OA*18*40*1~
REF*6R*AAQC0000028928-29~
LQ*HE*MA67~
LQ*HE*N522~
SVC*HC>97110>GP>KX*80*35.82*0420*2~
DTM*472*20210513~
CAS*CO*45*44.18~
REF*6R*AAQC0000028928-30~
AMT*B6*35.82~
LQ*HE*N59~
SVC*HC>97116>GP>59>KX*40*0*0420*0**1~
DTM*472*20210513~
CAS*OA*18*40*1~
REF*6R*AAQC0000028928-32~
LQ*HE*MA67~
LQ*HE*N522~
SVC*HC>97112>GP>KX*40*0*0420*0**1~
DTM*472*20210513~
CAS*OA*18*40*1~
REF*6R*AAQC0000028928-31~
LQ*HE*MA67~
LQ*HE*N522~
SVC*HC>97535>GO>59>KX>CO*40*0*0430*0**1~
DTM*472*20210513~
CAS*OA*18*40*1~
REF*6R*AAQC0000028928-34~
LQ*HE*MA67~
LQ*HE*N522~
SVC*HC>97530>GO>KX>CO*40*0*0430*0**1~
DTM*472*20210513~
CAS*OA*18*40*1~
REF*6R*AAQC0000028928-33~
LQ*HE*MA67~
LQ*HE*N522~
SVC*HC>97535>GO>59>KX*80*0*0430*0**2~
DTM*472*20210514~
CAS*OA*18*80*2~
REF*6R*AAQC0000028928-36~
LQ*HE*MA67~
LQ*HE*N522~
SVC*HC>97530>GO>KX*80*0*0430*0**2~
DTM*472*20210514~
CAS*OA*18*80*2~
REF*6R*AAQC0000028928-35~
LQ*HE*MA67~
LQ*HE*N522~
SVC*HC>97530>GP>KX*40*0*0420*0**1~
DTM*472*20210515~
CAS*OA*18*40*1~
REF*6R*AAQC0000028928-39~
LQ*HE*MA67~
LQ*HE*N522~
SVC*HC>97116>GP>59>KX*40*15.82*0420*1~
DTM*472*20210515~
CAS*CO*45*24.18~
REF*6R*AAQC0000028928-38~
AMT*B6*15.82~
LQ*HE*N59~
SVC*HC>97110>GP>KX*40*0*0420*0**1~
DTM*472*20210515~
CAS*OA*18*40*1~
REF*6R*AAQC0000028928-37~
LQ*HE*MA67~
LQ*HE*N522~
SVC*HC>97530>GP>KX>CQ*80*0*0420*0**2~
DTM*472*20210517~
CAS*OA*18*80*2~
REF*6R*AAQC0000028928-42~
LQ*HE*MA67~
LQ*HE*N522~
SVC*HC>97116>GP>59>KX>CQ*40*15.82*0420*1~
DTM*472*20210517~
CAS*CO*45*24.18~
REF*6R*AAQC0000028928-41~
AMT*B6*15.82~
LQ*HE*N59~
SVC*HC>97110>GP>KX>CQ*40*0*0420*0**1~
DTM*472*20210517~
CAS*OA*18*40*1~
REF*6R*AAQC0000028928-40~
LQ*HE*MA67~
LQ*HE*N522~
SVC*HC>97530>GO>KX>CO*80*0*0430*0**2~
DTM*472*20210517~
CAS*OA*18*80*2~
REF*6R*AAQC0000028928-44~
LQ*HE*MA67~
LQ*HE*N522~
SVC*HC>97110>GO>KX>CO*80*0*0430*0**2~
DTM*472*20210517~
CAS*OA*18*80*2~
REF*6R*AAQC0000028928-43~
LQ*HE*MA67~
LQ*HE*N522~
SVC*HC>97112>GP>KX*40*0*0420*0**1~
DTM*472*20210518~
CAS*OA*18*40*1~
REF*6R*AAQC0000028928-46~
LQ*HE*MA67~
LQ*HE*N522~
SVC*HC>97110>GP>KX*120*0*0420*0**3~
DTM*472*20210518~
CAS*OA*18*120*3~
REF*6R*AAQC0000028928-45~
LQ*HE*MA67~
LQ*HE*N522~
SVC*HC>97530>GO>KX*80*0*0430*0**2~
DTM*472*20210518~
CAS*OA*18*80*2~
REF*6R*AAQC0000028928-49~
LQ*HE*MA67~
LQ*HE*N522~
SVC*HC>97112>GO>KX*40*0*0430*0**1~
DTM*472*20210518~
CAS*OA*18*40*1~
REF*6R*AAQC0000028928-48~
LQ*HE*MA67~
LQ*HE*N522~
SVC*HC>97110>GO>KX*40*0*0430*0**1~
DTM*472*20210518~
CAS*OA*18*40*1~
REF*6R*AAQC0000028928-47~
LQ*HE*MA67~
LQ*HE*N522~
SVC*HC>97530>GP>KX>CQ*80*0*0420*0**2~
DTM*472*20210519~
CAS*OA*18*80*2~
REF*6R*AAQC0000028928-52~
LQ*HE*MA67~
LQ*HE*N522~
SVC*HC>97116>GP>59>KX>CQ*40*15.82*0420*1~
DTM*472*20210519~
CAS*CO*45*24.18~
REF*6R*AAQC0000028928-51~
AMT*B6*15.82~
LQ*HE*N59~
SVC*HC>97110>GP>KX>CQ*40*0*0420*0**1~
DTM*472*20210519~
CAS*OA*18*40*1~
REF*6R*AAQC0000028928-50~
LQ*HE*MA67~
LQ*HE*N522~
SVC*HC>97530>GO>KX>CO*80*0*0430*0**2~
DTM*472*20210519~
CAS*OA*18*80*2~
REF*6R*AAQC0000028928-54~
LQ*HE*MA67~
LQ*HE*N522~
SVC*HC>97110>GO>KX>CO*80*0*0430*0**2~
DTM*472*20210519~
CAS*OA*18*80*2~
REF*6R*AAQC0000028928-53~
LQ*HE*MA67~
LQ*HE*N522~
SVC*HC>97530>GP>KX*40*0*0420*0**1~
DTM*472*20210520~
CAS*OA*18*40*1~
REF*6R*AAQC0000028928-57~
LQ*HE*MA67~
LQ*HE*N522~
SVC*HC>97116>GP>59>KX*40*15.82*0420*1~
DTM*472*20210520~
CAS*CO*45*24.18~
REF*6R*AAQC0000028928-56~
AMT*B6*15.82~
LQ*HE*N59~
SVC*HC>97112>GP>KX*40*0*0420*0**1~
DTM*472*20210520~
CAS*OA*18*40*1~
REF*6R*AAQC0000028928-55~
LQ*HE*MA67~
LQ*HE*N522~
SVC*HC>97110>GO>KX>CO*40*0*0430*0**1~
DTM*472*20210520~
CAS*OA*18*40*1~
REF*6R*AAQC0000028928-58~
LQ*HE*MA67~
LQ*HE*N522~
SVC*HC>97535>GO>59>KX>CO*40*0*0430*0**1~
DTM*472*20210520~
CAS*OA*18*40*1~
REF*6R*AAQC0000028928-60~
LQ*HE*MA67~
LQ*HE*N522~
SVC*HC>97530>GO>KX>CO*80*0*0430*0**2~
DTM*472*20210520~
CAS*OA*18*80*2~
REF*6R*AAQC0000028928-59~
LQ*HE*MA67~
LQ*HE*N522~
SVC*HC>97530>GP>KX>CQ*80*0*0420*0**2~
DTM*472*20210521~
CAS*OA*18*80*2~
REF*6R*AAQC0000028928-63~
LQ*HE*MA67~
LQ*HE*N522~
SVC*HC>97116>GP>59>KX>CQ*40*15.82*0420*1~
DTM*472*20210521~
CAS*CO*45*24.18~
REF*6R*AAQC0000028928-62~
AMT*B6*15.82~
LQ*HE*N59~
SVC*HC>97110>GP>KX>CQ*40*0*0420*0**1~
DTM*472*20210521~
CAS*OA*18*40*1~
REF*6R*AAQC0000028928-61~
LQ*HE*MA67~
LQ*HE*N522~
SVC*HC>97530>GO>KX*80*0*0430*0**2~
DTM*472*20210521~
CAS*OA*18*80*2~
REF*6R*AAQC0000028928-64~
LQ*HE*MA67~
LQ*HE*N522~
SVC*HC>97535>GO>59>KX*80*0*0430*0**2~
DTM*472*20210521~
CAS*OA*18*80*2~
REF*6R*AAQC0000028928-65~
LQ*HE*MA67~
LQ*HE*N522~
SVC*HC>97530>GP>KX>CQ*80*0*0420*0**2~
DTM*472*20210524~
CAS*OA*18*80*2~
REF*6R*AAQC0000028928-68~
LQ*HE*MA67~
LQ*HE*N522~
SVC*HC>97116>GP>59>KX>CQ*40*15.82*0420*1~
DTM*472*20210524~
CAS*CO*45*24.18~
REF*6R*AAQC0000028928-67~
AMT*B6*15.82~
LQ*HE*N59~
SVC*HC>97110>GP>KX>CQ*40*0*0420*0**1~
DTM*472*20210524~
CAS*OA*18*40*1~
REF*6R*AAQC0000028928-66~
LQ*HE*MA67~
LQ*HE*N522~
SVC*HC>97530>GO>KX>CO*160*0*0430*0**4~
DTM*472*20210524~
CAS*OA*18*160*4~
REF*6R*AAQC0000028928-69~
LQ*HE*MA67~
LQ*HE*N522~
SVC*HC>97530>GP>KX>CQ*40*0*0420*0**1~
DTM*472*20210525~
CAS*OA*18*40*1~
REF*6R*AAQC0000028928-72~
LQ*HE*MA67~
LQ*HE*N522~
SVC*HC>97116>GP>59>KX>CQ*40*15.82*0420*1~
DTM*472*20210525~
CAS*CO*45*24.18~
REF*6R*AAQC0000028928-71~
AMT*B6*15.82~
LQ*HE*N59~
SVC*HC>97110>GP>KX>CQ*80*0*0420*0**2~
DTM*472*20210525~
CAS*OA*18*80*2~
REF*6R*AAQC0000028928-70~
LQ*HE*MA67~
LQ*HE*N522~
SVC*HC>97530>GO>KX>CO*80*0*0430*0**2~
DTM*472*20210525~
CAS*OA*18*80*2~
REF*6R*AAQC0000028928-74~
LQ*HE*MA67~
LQ*HE*N522~
SVC*HC>97110>GO>KX>CO*80*0*0430*0**2~
DTM*472*20210525~
CAS*OA*18*80*2~
REF*6R*AAQC0000028928-73~
LQ*HE*MA67~
LQ*HE*N522~
SVC*HC>97530>GP>KX>CQ*80*0*0420*0**2~
DTM*472*20210526~
CAS*OA*18*80*2~
REF*6R*AAQC0000028928-77~
LQ*HE*MA67~
LQ*HE*N522~
SVC*HC>97116>GP>59>KX>CQ*40*15.82*0420*1~
DTM*472*20210526~
CAS*CO*45*24.18~
REF*6R*AAQC0000028928-76~
AMT*B6*15.82~
LQ*HE*N59~
SVC*HC>97110>GP>KX>CQ*40*0*0420*0**1~
DTM*472*20210526~
CAS*OA*18*40*1~
REF*6R*AAQC0000028928-75~
LQ*HE*MA67~
LQ*HE*N522~
SVC*HC>97535>GO>59>KX>CO*40*0*0430*0**1~
DTM*472*20210526~
CAS*OA*18*40*1~
REF*6R*AAQC0000028928-80~
LQ*HE*MA67~
LQ*HE*N522~
SVC*HC>97530>GO>KX>CO*40*0*0430*0**1~
DTM*472*20210526~
CAS*OA*18*40*1~
REF*6R*AAQC0000028928-79~
LQ*HE*MA67~
LQ*HE*N522~
SVC*HC>97110>GO>KX>CO*80*0*0430*0**2~
DTM*472*20210526~
CAS*OA*18*80*2~
REF*6R*AAQC0000028928-78~
LQ*HE*MA67~
LQ*HE*N522~
SVC*HC>97530>GP>KX>CQ*80*0*0420*0**2~
DTM*472*20210527~
CAS*OA*18*80*2~
REF*6R*AAQC0000028928-83~
LQ*HE*MA67~
LQ*HE*N522~
SVC*HC>97116>GP>59>KX>CQ*40*15.82*0420*1~
DTM*472*20210527~
CAS*CO*45*24.18~
REF*6R*AAQC0000028928-82~
AMT*B6*15.82~
LQ*HE*N59~
SVC*HC>97110>GP>KX>CQ*40*0*0420*0**1~
DTM*472*20210527~
CAS*OA*18*40*1~
REF*6R*AAQC0000028928-81~
LQ*HE*MA67~
LQ*HE*N522~
SVC*HC>97112>GO>KX*40*0*0430*0**1~
DTM*472*20210527~
CAS*OA*18*40*1~
REF*6R*AAQC0000028928-84~
LQ*HE*MA67~
LQ*HE*N522~
SVC*HC>97535>GO>59>KX*40*0*0430*0**1~
DTM*472*20210527~
CAS*OA*18*40*1~
REF*6R*AAQC0000028928-86~
LQ*HE*MA67~
LQ*HE*N522~
SVC*HC>97530>GO>KX*80*0*0430*0**2~
DTM*472*20210527~
CAS*OA*18*80*2~
REF*6R*AAQC0000028928-85~
LQ*HE*MA67~
LQ*HE*N522~
SVC*HC>97530>GP>KX>CQ*80*0*0420*0**2~
DTM*472*20210528~
CAS*OA*18*80*2~
REF*6R*AAQC0000028928-89~
LQ*HE*MA67~
LQ*HE*N522~
SVC*HC>97116>GP>59>KX>CQ*40*15.82*0420*1~
DTM*472*20210528~
CAS*CO*45*24.18~
REF*6R*AAQC0000028928-88~
AMT*B6*15.82~
LQ*HE*N59~
SVC*HC>97110>GP>KX>CQ*40*0*0420*0**1~
DTM*472*20210528~
CAS*OA*18*40*1~
REF*6R*AAQC0000028928-87~
LQ*HE*MA67~
LQ*HE*N522~
SVC*HC>97110>GO>KX>CO*40*0*0430*0**1~
DTM*472*20210528~
CAS*OA*18*40*1~
REF*6R*AAQC0000028928-90~
LQ*HE*MA67~
LQ*HE*N522~
SVC*HC>97535>GO>59>KX>CO*40*0*0430*0**1~
DTM*472*20210528~
CAS*OA*18*40*1~
REF*6R*AAQC0000028928-92~
LQ*HE*MA67~
LQ*HE*N522~
SVC*HC>97530>GO>KX>CO*80*0*0430*0**2~
DTM*472*20210528~
CAS*OA*18*80*2~
REF*6R*AAQC0000028928-91~
LQ*HE*MA67~
LQ*HE*N522~
SVC*HC>97530>GP>KX>CQ*80*0*0420*0**2~
DTM*472*20210531~
CAS*OA*18*80*2~
REF*6R*AAQC0000028928-95~
LQ*HE*MA67~
LQ*HE*N522~
SVC*HC>97116>GP>59>KX>CQ*40*15.82*0420*1~
DTM*472*20210531~
CAS*CO*45*24.18~
REF*6R*AAQC0000028928-94~
AMT*B6*15.82~
LQ*HE*N59~
SVC*HC>97110>GP>KX>CQ*40*0*0420*0**1~
DTM*472*20210531~
CAS*OA*18*40*1~
REF*6R*AAQC0000028928-93~
LQ*HE*MA67~
LQ*HE*N522~
SVC*HC>97110>GO>KX>CO*40*0*0430*0**1~
DTM*472*20210531~
CAS*OA*18*40*1~
REF*6R*AAQC0000028928-96~
LQ*HE*MA67~
LQ*HE*N522~
SVC*HC>97535>GO>59>KX>CO*40*0*0430*0**1~
DTM*472*20210531~
CAS*OA*18*40*1~
REF*6R*AAQC0000028928-98~
LQ*HE*MA67~
LQ*HE*N522~
SVC*HC>97530>GO>KX>CO*120*0*0430*0**3~
DTM*472*20210531~
CAS*OA*18*120*3~
REF*6R*AAQC0000028928-97~
LQ*HE*MA67~
LQ*HE*N522~
SE*1609*1865~
GE*2*1~
IEA*1*100358959~
