ISA*00*          *00*          *ZZ*133052274      *ZZ*XXXXXXXXXXXXXXX*220119*0250*^*00501*100358959*0*P*>~
GS*HP*133052274*XX*20220119*0250*1*X*005010X221A1~
ST*835*0517~
BPR*I*35*C*ACH*CCP*01*031100209*DA*0000009108*1066033492**01*053902197*DA*4262085066*20220124~
TRN*1*822019000291289*1066033492~
REF*EV*XXXXXXXXXXXXXXXXXXXXXXXXXXXXXX~
DTM*405*20220119~
N1*PR*AETNA~
N3*151 FARMINGTON AVENUE~
N4*HARTFORD*CT*06156~
REF*2U*60054~
PER*BL*Provider Service~
N1*PE*TIDELANDS HEALTH WACCAMAW COMMUNITY HOSPITAL*XX*1972503910~
N3*PO BOX 421718~
N4*GEORGETOWN*SC*294424203~
REF*PQ*276360160~
REF*TJ*043633263~
LX*1~
TS3*1972503910*22*20221231*2*0~
CLP*WKC4319627*22*-35*0**HM*ESY1VBQW90000*13*1~
NM1*QC*1*PERKINS*EILEEN~
NM1*IL*1*PERKINS*TODD*M***MI*W161610970~
NM1*82*2*TIDELANDS HEALTH WACCAMAW COMMUNITY HOSPITAL*****XX*1972503910~
REF*1L*0866123-010-00004- Y~
REF*CE*Aetna Health Network Only  8480  (Open A NET 04426~
DTM*232*20210501~
DTM*233*20210501~
DTM*050*20211224~
PER*CX**TE*8886323862~
SVC*HC>0002A*-35*0*0771*0**1~
DTM*472*20210501~
CAS*CO*29*-35*1~
REF*6R*W2XP0008626686-1~
CLP*WKC4319627*1*35*35**HM*ESY1VBQW90001*13*1~
NM1*QC*1*PERKINS*EILEEN~
NM1*IL*1*PERKINS*TODD*M***MI*W161610970~
NM1*82*2*TIDELANDS HEALTH WACCAMAW COMMUNITY HOSPITAL*****XX*1972503910~
REF*1L*0866123-010-00004- Y~
REF*CE*Aetna Health Network Only  8480  (Open A NET 04426~
REF*F8*ESY1VBQW90000~
DTM*232*20210501~
DTM*233*20210501~
DTM*050*20211224~
PER*CX**TE*8886323862~
AMT*AU*35~
SVC*HC>0002A*35*35*0771*1~
DTM*472*20210501~
REF*6R*W2XP0008626686-1~
AMT*B6*35~
SE*48*0517~
GE*1*1~
IEA*1*100358959~
