ISA*00*          *00*          *ZZ*133052274      *ZZ*XXXXXXXXXXXXXXX*220119*0250*^*00501*100358959*0*P*>~
GS*HP*133052274*XX*20220119*0250*1*X*005010X221A1~
ST*835*0203~
BPR*I*1386.02*C*ACH*CCP*01*011900445*DA*0000009046*1066033492**01*063013924*DA*2527179362*20220124~
TRN*1*822019000253327*1066033492~
REF*EV*XXXXXXXXXXXXXXXXXXXXXXXXXXXXXX~
DTM*405*20220119~
N1*PR*AETNA~
N3*151 FARMINGTON AVENUE~
N4*HARTFORD*CT*06156~
REF*2U*60054~
PER*BL*Provider Service~
N1*PE*GENESIS HEALTH DEVELOPMENT, INC., DBA BROOKS REHAB*XX*1033154992~
N3*PO BOX 830674~
N4*BIRMINGHAM*AL*352830674~
REF*PQ*759702230~
REF*TJ*592249372~
LX*1~
TS3*1033154992*62*20221231*1*1266~
CLP*NAB0861817*1*1266*0**15*P903RCGGJ0000~
NM1*QC*1*COLEMAN*RICHARD****MI*002429381~
NM1*82*2*BROOKS REHAB CENTER*****XX*1033154992~
REF*1L*0144173-012-00001-EC~
REF*CE*Traditional Choice~
DTM*232*20210405~
DTM*233*20210421~
DTM*050*20220117~
PER*CX**TE*8886323862~
AMT*AU*1266~
SVC*NU>0420*370*0**0**16~
DTM*472*20210405~
CAS*OA*193*370*16~
AMT*B6*370~
LQ*HE*N1~
SVC*NU>0430*740*0**0**28~
DTM*472*20210405~
CAS*OA*193*740*28~
AMT*B6*740~
LQ*HE*N1~
SVC*NU>0440*156*0**0**18~
DTM*150*20210407~
DTM*151*20210421~
CAS*OA*193*156*18~
AMT*B6*156~
LQ*HE*N1~
LX*2~
TS3*1023485141*11*20221231*3*740~
CLP*NAB1370857*1*740*0*99.37*12*EQTXW2L8C0000*11*1~
NM1*QC*1*ELMORE*BRIAN****MI*W252237411~
NM1*74*1**KELLEY~
NM1*82*2*GENESIS HEALTH DEVELOPMENT INC.*****XX*1033154992~
REF*1L*0139633-010-00710- K~
REF*CE*Open Access Aetna Select  8480 NET 01564~
DTM*232*20220111~
DTM*233*20220111~
DTM*050*20220117~
PER*CX**TE*8886323862~
AMT*AU*740~
SVC*HC>97140>GP*185*0**1~
DTM*472*20220111~
CAS*CO*45*161.65~
CAS*PR*1*23.35~
REF*6R*BROP0000886997-2~
AMT*B6*23.35~
SVC*HC>97110>GP*555*0**3~
DTM*472*20220111~
CAS*CO*45*478.98~
CAS*PR*1*76.02~
REF*6R*BROP0000886997-1~
AMT*B6*76.02~
CLP*NAA8512021*22*-1480*0**13*E3JMNZPY20001*11*1~
NM1*QC*1*VARRONE*MARY****MI*W239902666~
NM1*82*2*GENESIS HEALTH DEVELOPMENT INC.*****XX*1033154992~
MIA*0****MA15~
REF*1L*0285681-013-00101- D~
REF*CE*Aetna Choice  POS II NET 00448~
DTM*232*20210210~
DTM*233*20210215~
DTM*050*20210303~
PER*CX**TE*8886323862~
SVC*HC>97140>GP*-370*0**0**2~
DTM*472*20210210~
CAS*PI*252*-370*2~
REF*6R*BROP0000114299-9~
LQ*HE*M127~
LQ*HE*N517~
SVC*HC>97112>GP*-185*0**0**1~
DTM*472*20210210~
CAS*PI*252*-185*1~
REF*6R*BROP0000114299-8~
LQ*HE*M127~
LQ*HE*N517~
SVC*HC>97110>GP*-185*0**0**1~
DTM*472*20210210~
CAS*PI*252*-185*1~
REF*6R*BROP0000114299-7~
LQ*HE*M127~
LQ*HE*N517~
SVC*HC>97140>GP*-370*0**0**2~
DTM*472*20210215~
CAS*PI*252*-370*2~
REF*6R*BROP0000114299-12~
LQ*HE*M127~
LQ*HE*N517~
SVC*HC>97112>GP*-185*0**0**1~
DTM*472*20210215~
CAS*PI*252*-185*1~
REF*6R*BROP0000114299-11~
LQ*HE*M127~
LQ*HE*N517~
SVC*HC>97110>GP*-185*0**0**1~
DTM*472*20210215~
CAS*PI*252*-185*1~
REF*6R*BROP0000114299-10~
LQ*HE*M127~
LQ*HE*N517~
CLP*NAA8512021*1*1480*158.2*44.54*13*E3JMNZPY20004*11*1~
NM1*QC*1*VARRONE*MARY****MI*W239902666~
NM1*82*2*GENESIS HEALTH DEVELOPMENT INC.*****XX*1033154992~
MIA*0****MA15~
REF*1L*0285681-013-00101- D~
REF*CE*Aetna Choice  POS II NET 00448~
REF*F8*E3JMNZPY20001~
DTM*232*20210210~
DTM*233*20210215~
DTM*050*20220110~
PER*CX**TE*8886323862~
AMT*AU*1480~
SVC*HC>97140>GP*370*2.16**2~
DTM*472*20210210~
CAS*CO*45*323.3~
CAS*PR*3*44.54~
REF*6R*BROP0000114299-9~
AMT*B6*46.7~
SVC*HC>97112>GP*185*29.33**1~
DTM*472*20210210~
CAS*CO*45*155.67~
REF*6R*BROP0000114299-8~
AMT*B6*29.33~
SVC*HC>97110>GP*185*25.34**1~
DTM*472*20210210~
CAS*CO*45*159.66~
REF*6R*BROP0000114299-7~
AMT*B6*25.34~
SVC*HC>97140>GP*370*46.7**2~
DTM*472*20210215~
CAS*CO*45*323.3~
REF*6R*BROP0000114299-12~
AMT*B6*46.7~
SVC*HC>97112>GP*185*29.33**1~
DTM*472*20210215~
CAS*CO*45*155.67~
REF*6R*BROP0000114299-11~
AMT*B6*29.33~
SVC*HC>97110>GP*185*25.34**1~
DTM*472*20210215~
CAS*CO*45*159.66~
REF*6R*BROP0000114299-10~
AMT*B6*25.34~
LX*3~
TS3*1073086351*11*20221231*1*555~
CLP*NAB1375835*1*555*72.01*8*13*ERNRW0B3H0000*11*1~
NM1*QC*1*PAHUJA*ANURAJ****MI*W266568419~
NM1*82*2*GENESIS HEALTH DEVELOPMENT INC.*****XX*1033154992~
REF*1L*0141981-022-00001-CI~
REF*CE*Aetna HealthFund  Aetna Choice  POS II NET 00448~
DTM*232*20220112~
DTM*233*20220112~
DTM*050*20220117~
PER*CX**TE*8886323862~
AMT*AU*555~
SVC*HC>97112>GP*185*26.4**1~
DTM*472*20220112~
CAS*CO*45*155.67~
CAS*PR*2*2.93~
REF*6R*BROP0000887338-2~
AMT*B6*29.33~
SVC*HC>97110>GP*370*45.61**2~
DTM*472*20220112~
CAS*CO*45*319.32~
CAS*PR*2*5.07~
REF*6R*BROP0000887338-1~
AMT*B6*50.68~
LX*4~
TS3*1164818795*11*20221231*2*0~
CLP*NAA9600863*22*-1850*0**12*EGTXSLNYP0000*11*1~
NM1*QC*1*RUDD*BRITTANY*K***MI*W256692829~
NM1*82*2*GENESIS HEALTH DEVELOPMENT INC.*****XX*1033154992~
MIA*0****MA15~
REF*1L*0144255-013-00001-CA~
REF*CE*Open Access Aetna Select  8480 NET 01564~
DTM*232*20210602~
DTM*233*20210608~
DTM*050*20210703~
PER*CX**TE*8886323862~
SVC*HC>97530>GO*-370*0**0**2~
DTM*472*20210602~
CAS*PI*252*-370*2~
REF*6R*BROP0000414056-3~
LQ*HE*M127~
LQ*HE*N517~
SVC*HC>97112>GO*-185*0**0**1~
DTM*472*20210602~
CAS*PI*252*-185*1~
REF*6R*BROP0000414056-2~
LQ*HE*M127~
LQ*HE*N517~
SVC*HC>97110>GO*-370*0**0**2~
DTM*472*20210602~
CAS*PI*252*-370*2~
REF*6R*BROP0000414056-1~
LQ*HE*M127~
LQ*HE*N517~
SVC*HC>97530>GO*-370*0**0**2~
DTM*472*20210608~
CAS*PI*252*-370*2~
REF*6R*BROP0000414056-6~
LQ*HE*M127~
LQ*HE*N517~
SVC*HC>97112>GO*-185*0**0**1~
DTM*472*20210608~
CAS*PI*252*-185*1~
REF*6R*BROP0000414056-5~
LQ*HE*M127~
LQ*HE*N517~
SVC*HC>97110>GO*-370*0**1**2~
DTM*472*20210608~
CAS*PI*252*-370*1~
REF*6R*BROP0000414056-4~
LQ*HE*M127~
LQ*HE*N517~
CLP*NAA9600863*1*1850*0*145.14*12*EGTXSLNYP0003*11*1~
NM1*QC*1*RUDD*BRITTANY*K***MI*W256692829~
NM1*82*2*GENESIS HEALTH DEVELOPMENT INC.*****XX*1033154992~
MIA*0****MA15~
REF*1L*0144255-013-00001-CA~
REF*CE*Open Access Aetna Select  8480 NET 01564~
REF*F8*EGTXSLNYP0000~
DTM*232*20210602~
DTM*233*20210608~
DTM*050*20220103~
PER*CX**TE*8886323862~
AMT*AU*1665~
SVC*HC>97530>GO*370*0**0**2~
DTM*472*20210602~
CAS*CO*151*370*2~
REF*6R*BROP0000414056-3~
AMT*B6*65.13~
SVC*HC>97112>GO*185*0**0**1~
DTM*472*20210602~
CAS*OA*18*185*1~
REF*6R*BROP0000414056-2~
LQ*HE*N522~
SVC*HC>97110>GO*370*0**0**2~
DTM*472*20210602~
CAS*CO*151*370*2~
REF*6R*BROP0000414056-1~
AMT*B6*50.68~
SVC*HC>97530>GO*370*0**0**2~
DTM*472*20210608~
CAS*CO*45*304.87*2~
CAS*PR*119*65.13*2~
REF*6R*BROP0000414056-6~
AMT*B6*65.13~
LQ*HE*N130~
SVC*HC>97112>GO*185*0**0**1~
DTM*472*20210608~
CAS*CO*45*155.67*1~
CAS*PR*119*29.33*1~
REF*6R*BROP0000414056-5~
AMT*B6*29.33~
LQ*HE*N130~
SVC*HC>97110>GO*370*0**0**2~
DTM*472*20210608~
CAS*CO*45*319.32*2~
CAS*PR*119*50.68*2~
REF*6R*BROP0000414056-4~
AMT*B6*50.68~
LQ*HE*N130~
LX*5~
TS3*1376714691*11*20221231*1*740~
CLP*NAB1234647*1*740*98.42*24.61*13*EKACWSPGH0000*11*1~
NM1*QC*1*PANZAVECCHIA*CRYSTAL~
NM1*IL*1*PANZAVECCHIA*CHARLES****MI*W15127453003~
NM1*74*1******C*W151274530~
NM1*82*2*GENESIS HEALTH DEVELOPMENT INC.*****XX*1033154992~
REF*1L*0868870-010-00010-AC~
REF*CE*Aetna Choice  POS II NET 00448~
DTM*232*20211229~
DTM*233*20211229~
DTM*050*20220113~
PER*CX**TE*8886323862~
AMT*AU*740~
SVC*HC>97530>GP*555*78.15**3~
DTM*472*20211229~
CAS*CO*45*457.31~
CAS*PR*2*19.54~
REF*6R*BROP0000850499-2~
AMT*B6*97.69~
SVC*HC>97110>GP*185*20.27**1~
DTM*472*20211229~
CAS*CO*45*159.66~
CAS*PR*2*5.07~
REF*6R*BROP0000850499-1~
AMT*B6*25.34~
LX*6~
TS3*1578832911*11*20221231*1*740~
CLP*NAB1229031*1*740*97.38**13*E1JMVGT100000*11*1~
NM1*QC*1*BOYNTON*SANDRA****MI*W229885754~
NM1*82*2*GENESIS HEALTH DEVELOPMENT INC.*****XX*1033154992~
REF*1L*0800100-030-00001-KA~
REF*CE*Aetna Choice  POS II NET 00448~
DTM*232*20211223~
DTM*233*20211223~
DTM*050*20220103~
PER*CX**TE*8886323862~
AMT*AU*740~
SVC*HC>97140>GP*370*46.7**2~
DTM*472*20211223~
CAS*CO*45*323.3~
REF*6R*BROP0000850133-2~
AMT*B6*46.7~
SVC*HC>97110>GP*370*50.68**2~
DTM*472*20211223~
CAS*CO*45*319.32~
REF*6R*BROP0000850133-1~
AMT*B6*50.68~
LX*7~
TS3*1629618210*11*20221231*1*380~
CLP*NAB1234631*1*380*93.93*23.48*13*EK36WQ58P0000*11*1~
NM1*QC*1*PANZAVECCHIA*CRYSTAL~
NM1*IL*1*PANZAVECCHIA*CHARLES****MI*W15127453003~
NM1*74*1******C*W151274530~
NM1*82*2*GENESIS HEALTH DEVELOPMENT INC.*****XX*1033154992~
REF*1L*0868870-010-00010-AC~
REF*CE*Aetna Choice  POS II NET 00448~
DTM*232*20211217~
DTM*233*20211217~
DTM*050*20220113~
PER*CX**TE*8886323862~
AMT*AU*380~
SVC*HC>97530>GP*185*26.05**1~
DTM*472*20211217~
CAS*CO*45*152.44~
CAS*PR*2*6.51~
REF*6R*BROP0000850498-2~
AMT*B6*32.56~
SVC*HC>97161>GP*195*67.88**1~
DTM*472*20211217~
CAS*CO*45*110.15~
CAS*PR*2*16.97~
REF*6R*BROP0000850498-1~
AMT*B6*84.85~
LX*8~
TS3*1699126797*11*20221231*1*380~
CLP*NAB1290235*1*380*117.41**13*E0FCVDSW20000*11*1~
NM1*QC*1*BOSWELL*MICHELLE****MI*W268065997~
NM1*82*2*GENESIS HEALTH DEVELOPMENT INC.*****XX*1033154992~
REF*1L*0800100-030-00001-KA~
REF*CE*Aetna Choice  POS II NET 00448~
DTM*232*20211209~
DTM*233*20211209~
DTM*050*20220105~
PER*CX**TE*8886323862~
AMT*AU*380~
SVC*HC>97530>GP*185*32.56**1~
DTM*472*20211209~
CAS*CO*45*152.44~
REF*6R*BROP0000857836-2~
AMT*B6*32.56~
SVC*HC>97161>GP*195*84.85**1~
DTM*472*20211209~
CAS*CO*45*110.15~
REF*6R*BROP0000857836-1~
AMT*B6*84.85~
LX*9~
TS3*1710378815*11*20221231*2*3340~
CLP*NAB1334975*1*1480*78.74*120*13*EG36WWSHM0000*11*1~
NM1*QC*1*CROWLEY*ALTON~
NM1*IL*1*CROWLEY*DENNIS****MI*W103222914~
NM1*82*2*GENESIS HEALTH DEVELOPMENT INC.*****XX*1033154992~
REF*1L*0283907-016-00001- B~
REF*CE*Aetna Choice  POS II NET 00448~
DTM*232*20220103~
DTM*233*20220106~
DTM*050*20220112~
PER*CX**TE*8886323862~
AMT*AU*1480~
SVC*HC>97140>GP*185*23.35**1~
DTM*472*20220103~
CAS*CO*45*161.65~
REF*6R*BROP0000875358-2~
AMT*B6*23.35~
SVC*HC>97110>GP*555*16.02**3~
DTM*472*20220103~
CAS*CO*45*478.98~
CAS*PR*3*60~
REF*6R*BROP0000875358-1~
AMT*B6*76.02~
SVC*HC>97140>GP*185*23.35**1~
DTM*472*20220106~
CAS*CO*45*161.65~
REF*6R*BROP0000875358-4~
AMT*B6*23.35~
SVC*HC>97110>GP*555*16.02**3~
DTM*472*20220106~
CAS*CO*45*478.98~
CAS*PR*3*60~
REF*6R*BROP0000875358-3~
AMT*B6*76.02~
CLP*NAB1236357*1*1860*328.09**13*EJPCWW0P30000*11*1~
NM1*QC*1*FOGEL*CHERYL****MI*W193105790~
NM1*74*1**WILLIAM~
NM1*82*2*GENESIS HEALTH DEVELOPMENT INC.*****XX*1033154992~
MIA*0****MA15~
REF*1L*0800100-031-00001-KF~
REF*CE*Aetna Choice  POS II NET 00448~
DTM*232*20211222~
DTM*233*20211228~
DTM*050*20220106~
PER*CX**TE*8886323862~
AMT*AU*1860~
SVC*HC>97530>GP*185*32.56**1~
DTM*472*20211222~
CAS*CO*45*152.44~
REF*6R*BROP0000859528-3~
AMT*B6*32.56~
SVC*HC>97161>GP*195*84.85**1~
DTM*472*20211222~
CAS*CO*45*110.15~
REF*6R*BROP0000859528-2~
AMT*B6*84.85~
SVC*HC>97110>GP*185*25.34**1~
DTM*472*20211222~
CAS*CO*45*159.66~
REF*6R*BROP0000859528-1~
AMT*B6*25.34~
SVC*HC>97110>GP*740*101.35**4~
DTM*472*20211227~
CAS*CO*45*638.65~
REF*6R*BROP0000859528-4~
AMT*B6*101.35~
SVC*HC>97112>GP*370*58.65**2~
DTM*472*20211228~
CAS*CO*45*311.35~
REF*6R*BROP0000859528-6~
AMT*B6*58.65~
SVC*HC>97110>GP*185*25.34**1~
DTM*472*20211228~
CAS*CO*45*159.66~
REF*6R*BROP0000859528-5~
AMT*B6*25.34~
LX*10~
TS3*1861916447*11*20221231*1*1295~
CLP*NAB1229047*1*1295*199.31**13*E1JMVGT3P0000*11*1~
NM1*QC*1*BOYNTON*SANDRA****MI*W229885754~
NM1*82*2*GENESIS HEALTH DEVELOPMENT INC.*****XX*1033154992~
REF*1L*0800100-030-00001-KA~
REF*CE*Aetna Choice  POS II NET 00448~
DTM*232*20211227~
DTM*233*20211230~
DTM*050*20220103~
PER*CX**TE*8886323862~
AMT*AU*1295~
SVC*HC>97140>GP*185*23.35**1~
DTM*472*20211227~
CAS*CO*45*161.65~
REF*6R*BROP0000850134-2~
AMT*B6*23.35~
SVC*HC>97112>GP*555*87.98**3~
DTM*472*20211227~
CAS*CO*45*467.02~
REF*6R*BROP0000850134-1~
AMT*B6*87.98~
SVC*HC>97112>GP*555*87.98**3~
DTM*472*20211230~
CAS*CO*45*467.02~
REF*6R*BROP0000850134-3~
AMT*B6*87.98~
LX*11~
TS3*1033154992*62*20221231*2*4450~
CLP*NAB0905591*2*3515*108.24**12*EDY1WRYQV0000*74*4~
CAS*OA*23*432.9~
CAS*PR*2*-280~
NM1*QC*1*OVADIA*ZAKI****MI*7C30KR5DT16~
NM1*74*1**ZAK****C*W240138805~
NM1*82*2*GENESIS HEALTH DEVELOPMENT*****XX*1033154992~
REF*1L*0326415-013-00100- A~
REF*CE*Open Access Aetna Select  8480 NET 01564~
DTM*232*20211101~
DTM*233*20211124~
DTM*050*20220105~
PER*CX**TE*8886323862~
AMT*AU*185~
SVC*HC>97110>GP*185*261.14*0420*1~
DTM*472*20211101~
CAS*OA*23*2973.86**94*-3330~
CAS*PR*3*280~
REF*6R*BROP0000763721-1~
AMT*B6*541.14~
SVC*HC>97110>GP*185*0*0420*1~
DTM*472*20211108~
CAS*CO*97*185~
REF*6R*BROP0000763721-5~
LQ*HE*N20~
SVC*HC>97110>GP*370*0*0420*2~
DTM*472*20211110~
CAS*CO*97*370~
REF*6R*BROP0000763721-7~
LQ*HE*N20~
SVC*HC>97110>GP>CQ*185*0*0420*1~
DTM*472*20211103~
CAS*CO*97*185~
REF*6R*BROP0000763721-3~
REF*HPI*1578832911~
LQ*HE*N20~
SVC*HC>97112>GP*370*0*0420*2~
DTM*472*20211101~
CAS*CO*97*370~
REF*6R*BROP0000763721-2~
LQ*HE*N20~
SVC*HC>97112>GP*370*0*0420*2~
DTM*472*20211108~
CAS*CO*97*370~
REF*6R*BROP0000763721-6~
LQ*HE*N20~
SVC*HC>97112>GP*370*0*0420*2~
DTM*472*20211110~
CAS*CO*97*370~
REF*6R*BROP0000763721-8~
LQ*HE*N20~
SVC*HC>97112>GP*370*0*0420*2~
DTM*472*20211117~
CAS*CO*97*370~
REF*6R*BROP0000763721-9~
LQ*HE*N20~
SVC*HC>97112>GP*370*0*0420*2~
DTM*472*20211122~
CAS*CO*97*370~
REF*6R*BROP0000763721-10~
LQ*HE*N20~
SVC*HC>97112>GP>CQ*370*0*0420*2~
DTM*472*20211103~
CAS*CO*97*370~
REF*6R*BROP0000763721-4~
REF*HPI*1578832911~
LQ*HE*N20~
SVC*HC>97750>GP*370*0*0424*2~
DTM*472*20211124~
CAS*CO*97*370~
REF*6R*BROP0000763721-11~
LQ*HE*N20~
CLP*NAB1231695*2*935*34.29*8.57*15*E1TXVPDJ70000*74*2~
NM1*QC*1*FALBY*DAVID*W***MI*4CM5GW4CX96~
NM1*74*1******C*W197875848~
NM1*82*2*GENESIS HEALTH DEVELOPMENT*****XX*1033154992~
REF*1L*0849805-038-00201-GR~
REF*CE*Traditional Choice~
DTM*232*20211221~
DTM*233*20211231~
DTM*050*20220115~
PER*CX**TE*8886323862~
AMT*AU*185~
SVC*HC>97110>GP*185*34.29*0420*1~
DTM*472*20211231~
CAS*OA*23*892.14**94*-750~
CAS*PR*2*8.57~
REF*6R*BROP0000851827-1~
AMT*B6*214.35~
SVC*HC>97112>GP*370*0*0420*2~
DTM*472*20211231~
CAS*CO*45*370~
REF*6R*BROP0000851827-2~
LQ*HE*N20~
SVC*HC>97530>GP*185*0*0420*1~
DTM*472*20211231~
CAS*CO*45*185~
REF*6R*BROP0000851827-3~
LQ*HE*N20~
SVC*HC>97161>GP*195*0*0424*1~
DTM*472*20211221~
CAS*CO*45*195~
REF*6R*BROP0000851827-4~
LQ*HE*N20~
SE*583*0203~
ST*835*0204~
BPR*I*297.42*C*ACH*CCP*01*031100209*DA*0000009108*1066033492**01*063013924*DA*2527179362*20220124~
TRN*1*822019000253323*1066033492~
REF*EV*XXXXXXXXXXXXXXXXXXXXXXXXXXXXXX~
DTM*405*20220119~
N1*PR*AETNA~
N3*151 FARMINGTON AVENUE~
N4*HARTFORD*CT*06156~
REF*2U*60054~
PER*BL*Provider Service~
N1*PE*GENESIS HEALTH DEVELOPMENT, INC., DBA BROOKS REHAB*XX*1033154992~
N3*PO BOX 830674~
N4*BIRMINGHAM*AL*352830674~
REF*PQ*759702230~
REF*TJ*592249372~
LX*1~
TS3*1033154992*62*20221231*2*3300~
CLP*NAB0969957*2*525*46.23**12*EM36WYQJQ0000*74*3~
CAS*OA*23*184.86~
NM1*QC*1*LOVETT*INA****MI*W204137497~
NM1*82*2*BROOKS REHAB CENTER*****XX*1033154992~
REF*1L*0737536-012-00212-DY~
REF*CE*Aetna HealthFund  Open Choice  PPO NET 00066~
DTM*232*20211105~
DTM*233*20211115~
DTM*050*20220112~
PER*CX**TE*8886323862~
AMT*AU*175~
SVC*HC>92507>GN>KX*175*231.09*0440*1~
DTM*472*20211105~
CAS*OA*23*293.91**94*-350~
REF*6R*BROP0000813193-1~
AMT*B6*231.09~
SVC*HC>92507>GN>KX*175*0*0440*1~
DTM*472*20211112~
CAS*CO*97*175~
REF*6R*BROP0000813193-2~
LQ*HE*N20~
SVC*HC>92507>GN>KX*175*0*0440*1~
DTM*472*20211115~
CAS*CO*97*175~
REF*6R*BROP0000813193-3~
LQ*HE*N20~
CLP*NAB1099907*2*2775*83.53**15*EZJMVKWT90000*74*3~
CAS*OA*23*334.17~
NM1*QC*1*CHARLES*SHIREE****MI*W192058537~
NM1*82*2*BROOKS REHAB CENTER*****XX*1033154992~
REF*1L*0836387-024-00001- J~
REF*CE*Traditional Choice~
DTM*232*20201202~
DTM*233*20201228~
DTM*050*20220114~
PER*CX**TE*8886323862~
AMT*AU*370~
SVC*HC>97110>GP*370*417.7*0420*2~
DTM*472*20201202~
CAS*OA*23*2357.3**94*-2405~
REF*6R*BROP0000814508-1~
AMT*B6*417.7~
SVC*HC>97140>GP*185*0*0420*1~
DTM*472*20201202~
CAS*CO*45*185~
REF*6R*BROP0000814508-2~
LQ*HE*N20~
SVC*HC>97110>GP*370*0*0420*2~
DTM*472*20201209~
CAS*CO*45*370~
REF*6R*BROP0000814508-3~
LQ*HE*N20~
SVC*HC>97140>GP*185*0*0420*1~
DTM*472*20201209~
CAS*CO*45*185~
REF*6R*BROP0000814508-4~
LQ*HE*N20~
SVC*HC>97110>GP*370*0*0420*2~
DTM*472*20201216~
CAS*CO*45*370~
REF*6R*BROP0000814508-5~
LQ*HE*N20~
SVC*HC>97530>GP*185*0*0420*1~
DTM*472*20201216~
CAS*CO*45*185~
REF*6R*BROP0000814508-6~
LQ*HE*N20~
SVC*HC>97110>GP*370*0*0420*2~
DTM*472*20201221~
CAS*CO*45*370~
REF*6R*BROP0000814508-7~
LQ*HE*N20~
SVC*HC>97530>GP*185*0*0420*1~
DTM*472*20201221~
CAS*CO*45*185~
REF*6R*BROP0000814508-8~
LQ*HE*N20~
SVC*HC>97110>GP*370*0*0420*2~
DTM*472*20201228~
CAS*CO*45*370~
REF*6R*BROP0000814508-9~
LQ*HE*N20~
SVC*HC>97530>GP*185*0*0420*1~
DTM*472*20201228~
CAS*CO*45*185~
REF*6R*BROP0000814508-10~
LQ*HE*N20~
LX*2~
TS3*1033154992*62*20221231*2*5005~
CLP*NAB1265723*2*3895*133.74**12*E2PCVLN5C0000*74*2~
CAS*OA*23*535.02~
NM1*QC*1*HARPER*JANS*E***MI*8VP9XP1GK10~
NM1*74*1******C*W239332661~
NM1*82*2*GENESIS HEALTH DEVELOPMENT*****XX*1033154992~
REF*1L*0737536-012-00212-DY~
REF*CE*Aetna HealthFund  Open Choice  PPO NET 00066~
DTM*232*20211214~
DTM*233*20211230~
DTM*050*20220115~
PER*CX**TE*8886323862~
AMT*AU*370~
SVC*HC>97110>GP*370*668.76*0420*2~
DTM*472*20211217~
CAS*OA*23*3226.24**94*-3525~
REF*6R*BROP0000852136-2~
AMT*B6*668.76~
SVC*HC>97110>GP*370*0*0420*2~
DTM*472*20211221~
CAS*CO*97*370~
REF*6R*BROP0000852136-4~
LQ*HE*N20~
SVC*HC>97110>GP*370*0*0420*2~
DTM*472*20211230~
CAS*CO*97*370~
REF*6R*BROP0000852136-9~
LQ*HE*N20~
SVC*HC>97110>GP>CQ*370*0*0420*2~
DTM*472*20211224~
CAS*CO*97*370~
REF*6R*BROP0000852136-6~
REF*HPI*1184155368~
LQ*HE*N20~
SVC*HC>97530>GP*370*0*0420*2~
DTM*472*20211214~
CAS*CO*97*370~
REF*6R*BROP0000852136-1~
LQ*HE*N20~
SVC*HC>97530>GP*370*0*0420*2~
DTM*472*20211217~
CAS*CO*97*370~
REF*6R*BROP0000852136-3~
LQ*HE*N20~
SVC*HC>97530>GP*370*0*0420*2~
DTM*472*20211221~
CAS*CO*97*370~
REF*6R*BROP0000852136-5~
LQ*HE*N20~
SVC*HC>97530>GP*370*0*0420*2~
DTM*472*20211227~
CAS*CO*97*370~
REF*6R*BROP0000852136-8~
LQ*HE*N20~
SVC*HC>97530>GP*370*0*0420*2~
DTM*472*20211230~
CAS*CO*97*370~
REF*6R*BROP0000852136-10~
LQ*HE*N20~
SVC*HC>97530>GP>CQ*370*0*0420*2~
DTM*472*20211224~
CAS*CO*97*370~
REF*6R*BROP0000852136-7~
REF*HPI*1184155368~
LQ*HE*N20~
SVC*HC>97162>GP*195*0*0424*1~
DTM*472*20211214~
CAS*CO*97*195~
REF*6R*BROP0000852136-11~
LQ*HE*N20~
CLP*NAB1243335*2*1110*33.92**15*E336VPQP30000*74*3~
CAS*OA*23*135.74~
NM1*QC*1*CHARLES*SHIREE****MI*7Q14A03VX78~
NM1*74*1******C*W192058537~
NM1*82*2*GENESIS HEALTH DEVELOPMENT*****XX*1033154992~
REF*1L*0836387-024-00001- J~
REF*CE*Traditional Choice~
DTM*232*20211208~
DTM*233*20211215~
DTM*050*20220115~
PER*CX**TE*8886323862~
AMT*AU*370~
SVC*HC>97110>GP>KX*370*169.66*0420*2~
DTM*472*20211208~
CAS*OA*23*940.34**94*-740~
REF*6R*BROP0000851843-1~
AMT*B6*169.66~
SVC*HC>97110>GP>KX*370*0*0420*2~
DTM*472*20211215~
CAS*CO*45*370~
REF*6R*BROP0000851843-3~
LQ*HE*N20~
SVC*HC>97530>GP>KX*185*0*0420*1~
DTM*472*20211208~
CAS*CO*45*185~
REF*6R*BROP0000851843-2~
LQ*HE*N20~
SVC*HC>97530>GP>KX*185*0*0420*1~
DTM*472*20211215~
CAS*CO*45*185~
REF*6R*BROP0000851843-4~
LQ*HE*N20~
SE*208*0204~
ST*835*0205~
BPR*I*128.47*C*ACH*CCP*01*031100209*DA*0000009132*1066033492**01*063013924*DA*2527179362*20220124~
TRN*1*822019000253322*1066033492~
REF*EV*XXXXXXXXXXXXXXXXXXXXXXXXXXXXXX~
DTM*405*20220119~
N1*PR*AETNA~
N3*151 FARMINGTON AVENUE~
N4*HARTFORD*CT*06156~
REF*2U*60054~
PER*BL*Provider Service~
N1*PE*GENESIS HEALTH DEVELOPMENT, INC., DBA BROOKS REHAB*XX*1033154992~
N3*PO BOX 830674~
N4*BIRMINGHAM*AL*352830674~
REF*PQ*759702230~
REF*TJ*592249372~
LX*1~
TS3*1265081426*11*20221231*1*565~
CLP*NAB1270149*1*565*128.47*14.28*13*EPY1WTP540000*11*1~
NM1*QC*1*ARNEAUD*JULIUS****MI*W263932494~
NM1*82*2*GENESIS HEALTH DEVELOPMENT INC.*****XX*1033154992~
REF*1L*0285629-011-00002-AE~
REF*CE*Aetna HealthFund  Aetna Choice  POS II NET 01716~
DTM*232*20211208~
DTM*233*20211208~
DTM*050*20220103~
PER*CX**TE*8004107778~
AMT*AU*565~
SVC*HC>97530>GP*185*29.3**1~
DTM*472*20211208~
CAS*CO*45*152.44~
CAS*PR*2*3.26~
REF*6R*BROP0000849611-3~
AMT*B6*32.56~
SVC*HC>97162>GP*195*76.36**1~
DTM*472*20211208~
CAS*CO*45*110.15~
CAS*PR*2*8.49~
REF*6R*BROP0000849611-2~
AMT*B6*84.85~
SVC*HC>97110>GP*185*22.81**1~
DTM*472*20211208~
CAS*CO*45*159.66~
CAS*PR*2*2.53~
REF*6R*BROP0000849611-1~
AMT*B6*25.34~
SE*46*0205~
ST*835*0206~
BPR*I*243.89*C*ACH*CCP*01*031100209*DA*0000009132*1066033492**01*063013924*DA*2527179362*20220124~
TRN*1*822019000253329*1066033492~
REF*EV*XXXXXXXXXXXXXXXXXXXXXXXXXXXXXX~
DTM*405*20220119~
N1*PR*AETNA~
N3*151 FARMINGTON AVENUE~
N4*HARTFORD*CT*06156~
REF*2U*60054~
PER*BL*Provider Service~
N1*PE*GENESIS HEALTH DEVELOPMENT, INC., DBA BROOKS REHAB*XX*1669039400~
N3*PO BOX 830674~
N4*BIRMINGHAM*AL*352830674~
REF*PQ*759702230~
REF*TJ*592249372~
LX*1~
TS3*1669039400*62*20221231*3*7955~
CLP*NAB1248167*2*3515*107.19**13*EVJMVPGQ80000*74*3~
CAS*OA*23*428.79~
NM1*QC*1*MURDOCH*JUDITH****MI*3DQ4H08HJ70~
NM1*74*1**FRANCIS****C*W238882451~
NM1*82*2*GENESIS HEALTH DEVELOPMENT*****XX*1669039400~
REF*1L*0285629-012-00007-DY~
REF*CE*Aetna HealthFund  Aetna Choice  POS II NET 00448~
DTM*232*20211202~
DTM*233*20211222~
DTM*050*20220118~
PER*CX**TE*8004107778~
AMT*AU*185~
SVC*HC>97110>GP>KX*185*535.98*0420*1~
DTM*472*20211202~
CAS*OA*23*2979.02**94*-3330~
REF*6R*BROP0000852583-1~
AMT*B6*535.98~
SVC*HC>97110>GP>KX*370*0*0420*2~
DTM*472*20211209~
CAS*CO*97*370~
REF*6R*BROP0000852583-4~
LQ*HE*N20~
SVC*HC>97110>GP>KX*370*0*0420*2~
DTM*472*20211215~
CAS*CO*97*370~
REF*6R*BROP0000852583-7~
LQ*HE*N20~
SVC*HC>97110>GP>KX*185*0*0420*1~
DTM*472*20211217~
CAS*CO*97*185~
REF*6R*BROP0000852583-9~
LQ*HE*N20~
SVC*HC>97110>GP>KX*370*0*0420*2~
DTM*472*20211220~
CAS*CO*97*370~
REF*6R*BROP0000852583-12~
LQ*HE*N20~
SVC*HC>97112>GP>KX*185*0*0420*1~
DTM*472*20211202~
CAS*CO*97*185~
REF*6R*BROP0000852583-2~
LQ*HE*N20~
SVC*HC>97112>GP>KX*185*0*0420*1~
DTM*472*20211209~
CAS*CO*97*185~
REF*6R*BROP0000852583-5~
LQ*HE*N20~
SVC*HC>97112>GP>KX*185*0*0420*1~
DTM*472*20211215~
CAS*CO*97*185~
REF*6R*BROP0000852583-8~
LQ*HE*N20~
SVC*HC>97112>GP>KX*185*0*0420*1~
DTM*472*20211217~
CAS*CO*97*185~
REF*6R*BROP0000852583-10~
LQ*HE*N20~
SVC*HC>97112>GP>KX*185*0*0420*1~
DTM*472*20211220~
CAS*CO*97*185~
REF*6R*BROP0000852583-13~
LQ*HE*N20~
SVC*HC>97112>GP>KX*185*0*0420*1~
DTM*472*20211222~
CAS*CO*97*185~
REF*6R*BROP0000852583-15~
LQ*HE*N20~
SVC*HC>97140>GP>KX*185*0*0420*1~
DTM*472*20211222~
CAS*CO*97*185~
REF*6R*BROP0000852583-16~
LQ*HE*N20~
SVC*HC>97530>GP>KX*185*0*0420*1~
DTM*472*20211202~
CAS*CO*97*185~
REF*6R*BROP0000852583-3~
LQ*HE*N20~
SVC*HC>97530>GP>KX*185*0*0420*1~
DTM*472*20211209~
CAS*CO*97*185~
REF*6R*BROP0000852583-6~
LQ*HE*N20~
SVC*HC>97530>GP>KX*185*0*0420*1~
DTM*472*20211217~
CAS*CO*97*185~
REF*6R*BROP0000852583-11~
LQ*HE*N20~
SVC*HC>97530>GP>KX*185*0*0420*1~
DTM*472*20211220~
CAS*CO*97*185~
REF*6R*BROP0000852583-14~
LQ*HE*N20~
CLP*NAB0981177*2*4070*136.7**13*E6Y1VHRK70000*74*3~
CAS*OA*23*546.81~
NM1*QC*1*MURDOCH*JUDITH****MI*3DQ4H08HJ70~
NM1*74*1**FRANCIS****C*W238882451~
NM1*82*2*GENESIS HEALTH DEVELOPMENT*****XX*1669039400~
REF*1L*0285629-012-00007-DY~
REF*CE*Aetna HealthFund  Aetna Choice  POS II NET 00448~
DTM*232*20211102~
DTM*233*20211124~
DTM*050*20220105~
PER*CX**TE*8004107778~
AMT*AU*370~
SVC*HC>97750>GP*370*683.51*0424*2~
DTM*472*20211119~
CAS*OA*23*3386.49**94*-3700~
REF*6R*BROP0000775885-20~
AMT*B6*683.51~
SVC*HC>97110>GP*370*0*0420*2~
DTM*472*20211102~
CAS*CO*97*370~
REF*6R*BROP0000775885-1~
LQ*HE*N20~
SVC*HC>97110>GP*370*0*0420*2~
DTM*472*20211104~
CAS*CO*97*370~
REF*6R*BROP0000775885-4~
LQ*HE*N20~
SVC*HC>97110>GP*370*0*0420*2~
DTM*472*20211112~
CAS*CO*97*370~
REF*6R*BROP0000775885-7~
LQ*HE*N20~
SVC*HC>97110>GP*185*0*0420*1~
DTM*472*20211117~
CAS*CO*97*185~
REF*6R*BROP0000775885-10~
LQ*HE*N20~
SVC*HC>97110>GP*185*0*0420*1~
DTM*472*20211123~
CAS*CO*97*185~
REF*6R*BROP0000775885-14~
LQ*HE*N20~
SVC*HC>97110>GP*185*0*0420*1~
DTM*472*20211124~
CAS*CO*97*185~
REF*6R*BROP0000775885-17~
LQ*HE*N20~
SVC*HC>97112>GP*185*0*0420*1~
DTM*472*20211102~
CAS*CO*97*185~
REF*6R*BROP0000775885-2~
LQ*HE*N20~
SVC*HC>97112>GP*185*0*0420*1~
DTM*472*20211104~
CAS*CO*97*185~
REF*6R*BROP0000775885-5~
LQ*HE*N20~
SVC*HC>97112>GP*185*0*0420*1~
DTM*472*20211112~
CAS*CO*97*185~
REF*6R*BROP0000775885-8~
LQ*HE*N20~
SVC*HC>97112>GP*185*0*0420*1~
DTM*472*20211117~
CAS*CO*97*185~
REF*6R*BROP0000775885-11~
LQ*HE*N20~
SVC*HC>97112>GP*185*0*0420*1~
DTM*472*20211119~
CAS*CO*97*185~
REF*6R*BROP0000775885-13~
LQ*HE*N20~
SVC*HC>97112>GP*185*0*0420*1~
DTM*472*20211123~
CAS*CO*97*185~
REF*6R*BROP0000775885-15~
LQ*HE*N20~
SVC*HC>97112>GP*185*0*0420*1~
DTM*472*20211124~
CAS*CO*97*185~
REF*6R*BROP0000775885-18~
LQ*HE*N20~
SVC*HC>97530>GP*185*0*0420*1~
DTM*472*20211102~
CAS*CO*97*185~
REF*6R*BROP0000775885-3~
LQ*HE*N20~
SVC*HC>97530>GP*185*0*0420*1~
DTM*472*20211104~
CAS*CO*97*185~
REF*6R*BROP0000775885-6~
LQ*HE*N20~
SVC*HC>97530>GP*185*0*0420*1~
DTM*472*20211112~
CAS*CO*97*185~
REF*6R*BROP0000775885-9~
LQ*HE*N20~
SVC*HC>97530>GP*185*0*0420*1~
DTM*472*20211117~
CAS*CO*97*185~
REF*6R*BROP0000775885-12~
LQ*HE*N20~
CLP*NAB0981177*2*370*0**13*E6Y1VHRK70001*74*3~
CAS*OA*23*.01~
NM1*QC*1*MURDOCH*JUDITH****MI*3DQ4H08HJ70~
NM1*74*1**FRANCIS****C*W238882451~
NM1*82*2*GENESIS HEALTH DEVELOPMENT*****XX*1669039400~
REF*1L*0285629-012-00007-DY~
REF*CE*Aetna HealthFund  Aetna Choice  POS II NET 00448~
DTM*232*20211123~
DTM*233*20211124~
DTM*050*20220105~
PER*CX**TE*8004107778~
AMT*AU*185~
SVC*HC>97530>GP*185*.01*0420*1~
DTM*472*20211123~
CAS*OA*23*369.99**94*-185~
REF*6R*BROP0000775885-16~
AMT*B6*.01~
SVC*HC>97530>GP*185*0*0420*1~
DTM*472*20211124~
CAS*CO*97*185~
REF*6R*BROP0000775885-19~
LQ*HE*N20~
SE*234*0206~
ST*835*0207~
BPR*H*0*C*NON************20220119~
TRN*1*922019000253324*1066033492~
REF*EV*XXXXXXXXXXXXXXXXXXXXXXXXXXXXXX~
DTM*405*20220119~
N1*PR*AETNA~
N3*151 FARMINGTON AVENUE~
N4*HARTFORD*CT*06156~
REF*2U*60054~
PER*BL*Provider Service~
N1*PE*GENESIS HEALTH DEVELOPMENT, INC., DBA BROOKS REHAB*XX*1821030115~
N3*PO BOX 830674~
N4*BIRMINGHAM*AL*352830674~
REF*PQ*759702230~
REF*TJ*592249372~
LX*1~
TS3*1942753942*11*20221231*1*740~
CLP*NAB1338557*1*740*0*101.35*13*EPY1W0QBD0000*11*1~
NM1*QC*1*HEDMAN*JONATHAN****MI*W265986070~
NM1*82*2*GENESIS HEALTH DEVELOPMENT INC.*****XX*1821030115~
REF*1L*0141889-011-00001-CC~
REF*CE*Aetna Choice  POS II NET 00449~
DTM*232*20220111~
DTM*233*20220111~
DTM*050*20220114~
PER*CX**TE*8886323862~
AMT*AU*740~
SVC*HC>97110>GP*740*0**4~
DTM*472*20220111~
CAS*CO*45*638.65~
CAS*PR*1*101.35~
REF*6R*BROP0000878654-1~
AMT*B6*101.35~
SE*34*0207~
ST*835*0420~
BPR*I*36187.88*C*ACH*CCP*01*011900445*DA*0000009046*1066033492**01*063013924*DA*2527179389*20220124~
TRN*1*822019000272379*1066033492~
REF*EV*XXXXXXXXXXXXXXXXXXXXXXXXXXXXXX~
DTM*405*20220119~
N1*PR*AETNA~
N3*151 FARMINGTON AVENUE~
N4*HARTFORD*CT*06156~
REF*2U*60054~
PER*BL*Provider Service~
N1*PE*GENESIS REHABILITATION HOSPITAL, INC.*XX*1912947748~
N3*PO BOX 830677~
N4*BIRMINGHAM*AL*352830677~
REF*PQ*026244390~
REF*TJ*593284221~
LX*1~
TS3*1912947748*11*20221231*110*297368~
CLP*NAB1244769*1*6475*934**13*EAACWQ75S0000*13*3~
NM1*QC*1*COLLINS*TAMELA*L***MI*826694652~
NM1*74*1******C*W175686518~
NM1*82*2*GENESIS REHABILITATION HOSPITAL, INC.*****XX*1912947748~
MOA***MA15~
REF*1L*0326476-010-00118-BE~
REF*CE*Aetna Choice  POS II NET 00448~
DTM*232*20211206~
DTM*233*20211224~
DTM*050*20220104~
PER*CX**TE*8886323862~
AMT*AU*6475~
SVC*HC>97110>GP*555*76.02*0420*3~
DTM*472*20211206~
CAS*CO*45*478.98~
REF*6R*BROP0000854082-1~
AMT*B6*76.02~
SVC*HC>97112>GP*185*29.33*0420*1~
DTM*472*20211206~
CAS*CO*45*155.67~
REF*6R*BROP0000854082-2~
AMT*B6*29.33~
SVC*HC>97110>GP*370*50.68*0420*2~
DTM*472*20211208~
CAS*CO*45*319.32~
REF*6R*BROP0000854082-3~
AMT*B6*50.68~
SVC*HC>97112>GP*185*29.33*0420*1~
DTM*472*20211208~
CAS*CO*45*155.67~
REF*6R*BROP0000854082-4~
AMT*B6*29.33~
SVC*HC>97530>GP*185*32.56*0420*1~
DTM*472*20211208~
CAS*CO*45*152.44~
REF*6R*BROP0000854082-5~
AMT*B6*32.56~
SVC*HC>97110>GP*555*76.02*0420*3~
DTM*472*20211210~
CAS*CO*45*478.98~
REF*6R*BROP0000854082-6~
AMT*B6*76.02~
SVC*HC>97112>GP*185*29.33*0420*1~
DTM*472*20211210~
CAS*CO*45*155.67~
REF*6R*BROP0000854082-7~
AMT*B6*29.33~
SVC*HC>97110>GP*555*76.02*0420*3~
DTM*472*20211213~
CAS*CO*45*478.98~
REF*6R*BROP0000854082-8~
AMT*B6*76.02~
SVC*HC>97112>GP*185*29.33*0420*1~
DTM*472*20211213~
CAS*CO*45*155.67~
REF*6R*BROP0000854082-9~
AMT*B6*29.33~
SVC*HC>97110>GP*555*76.02*0420*3~
DTM*472*20211215~
CAS*CO*45*478.98~
REF*6R*BROP0000854082-10~
AMT*B6*76.02~
SVC*HC>97112>GP*185*29.33*0420*1~
DTM*472*20211215~
CAS*CO*45*155.67~
REF*6R*BROP0000854082-11~
AMT*B6*29.33~
SVC*HC>97110>GP*370*50.68*0420*2~
DTM*472*20211217~
CAS*CO*45*319.32~
REF*6R*BROP0000854082-12~
AMT*B6*50.68~
SVC*HC>97112>GP*370*58.65*0420*2~
DTM*472*20211217~
CAS*CO*45*311.35~
REF*6R*BROP0000854082-13~
AMT*B6*58.65~
SVC*HC>97110>GP*370*50.68*0420*2~
DTM*472*20211220~
CAS*CO*45*319.32~
REF*6R*BROP0000854082-14~
AMT*B6*50.68~
SVC*HC>97112>GP*370*58.65*0420*2~
DTM*472*20211220~
CAS*CO*45*311.35~
REF*6R*BROP0000854082-15~
AMT*B6*58.65~
SVC*HC>97110>GP*555*76.02*0420*3~
DTM*472*20211222~
CAS*CO*45*478.98~
REF*6R*BROP0000854082-16~
AMT*B6*76.02~
SVC*HC>97112>GP*185*29.33*0420*1~
DTM*472*20211222~
CAS*CO*45*155.67~
REF*6R*BROP0000854082-17~
AMT*B6*29.33~
SVC*HC>97110>GP*555*76.02*0420*3~
DTM*472*20211224~
CAS*CO*45*478.98~
REF*6R*BROP0000854082-18~
AMT*B6*76.02~
CLP*NAB1244769*1*925*134.68**13*EAACWQ75S0001*13*3~
NM1*QC*1*COLLINS*TAMELA*L***MI*826694652~
NM1*74*1******C*W175686518~
NM1*82*2*GENESIS REHABILITATION HOSPITAL, INC.*****XX*1912947748~
MOA***MA15~
REF*1L*0326476-010-00118-BE~
REF*CE*Aetna Choice  POS II NET 00448~
DTM*232*20211224~
DTM*233*20211227~
DTM*050*20220104~
PER*CX**TE*8886323862~
AMT*AU*925~
SVC*HC>97112>GP*185*29.33*0420*1~
DTM*472*20211224~
CAS*CO*45*155.67~
REF*6R*BROP0000854082-19~
AMT*B6*29.33~
SVC*HC>97110>GP*555*76.02*0420*3~
DTM*472*20211227~
CAS*CO*45*478.98~
REF*6R*BROP0000854082-20~
REF*HPI*1790326841~
AMT*B6*76.02~
SVC*HC>97112>GP*185*29.33*0420*1~
DTM*472*20211227~
CAS*CO*45*155.67~
REF*6R*BROP0000854082-21~
REF*HPI*1790326841~
AMT*B6*29.33~
CLP*NAB0385725*1*1480*0**12*EBFCT541L0000*13*3~
NM1*QC*1*GOTTSCHALK*GENEVIEVE****MI*W239743420~
NM1*74*1**NATHAN~
NM1*82*2*GENESIS REHABILITATION HOSPITAL, INC.*****XX*1912947748~
REF*1L*0326415-010-00012- B~
REF*CE*Open Access Aetna Select  8480 NET 01564~
DTM*232*20210901~
DTM*233*20210914~
DTM*050*20211004~
PER*CX**TE*8886323862~
AMT*AU*1480~
SVC*HC>97112>GP*185*0*0420*0**1~
DTM*472*20210914~
CAS*PI*252*185*1~
REF*6R*BROP0000628370-6~
AMT*B6*185~
LQ*HE*M127~
LQ*HE*N517~
SVC*HC>97110>GP*370*0*0420*0**2~
DTM*472*20210914~
CAS*PI*252*370*2~
REF*6R*BROP0000628370-5~
AMT*B6*370~
LQ*HE*M127~
LQ*HE*N517~
SVC*HC>97112>GP*185*0*0420*0**1~
DTM*472*20210908~
CAS*PI*252*185*1~
REF*6R*BROP0000628370-4~
AMT*B6*185~
LQ*HE*M127~
LQ*HE*N517~
SVC*HC>97110>GP*370*0*0420*0**2~
DTM*472*20210908~
CAS*PI*252*370*2~
REF*6R*BROP0000628370-3~
AMT*B6*370~
LQ*HE*M127~
LQ*HE*N517~
SVC*HC>97530>GP*185*0*0420*0**1~
DTM*472*20210901~
CAS*PI*252*185*1~
REF*6R*BROP0000628370-2~
AMT*B6*185~
LQ*HE*M127~
LQ*HE*N517~
SVC*HC>97110>GP*185*0*0420*0**1~
DTM*472*20210901~
CAS*PI*252*185*1~
REF*6R*BROP0000628370-1~
AMT*B6*185~
LQ*HE*M127~
LQ*HE*N517~
CLP*NAB0990809*1*1430*746**13*EBFCW1YNW0000*13*2~
NM1*QC*1*DUNGEE*DESTIN~
NM1*IL*1*HENRY*DARYLE****MI*W255586707~
NM1*82*2*GENESIS REHABILITATION HOSPITAL, INC.*****XX*1912947748~
REF*1L*0868660-010-00001- B~
REF*CE*Aetna HealthFund  Aetna Choice  POS II NET 00448~
DTM*232*20211102~
DTM*233*20211129~
DTM*050*20220115~
PER*CX**TE*8886323862~
AMT*AU*1430~
SVC*HC>92507>GN*175*94*0440*1~
DTM*472*20211110~
CAS*CO*45*81~
REF*6R*BROP0000779088-1~
AMT*B6*94~
SVC*HC>92507>GN*175*94*0440*1~
DTM*472*20211112~
CAS*CO*45*81~
REF*6R*BROP0000779088-2~
AMT*B6*94~
SVC*HC>92507>GN*175*94*0440*1~
DTM*472*20211115~
CAS*CO*45*81~
REF*6R*BROP0000779088-3~
AMT*B6*94~
SVC*HC>92507>GN*175*94*0440*1~
DTM*472*20211117~
CAS*CO*45*81~
REF*6R*BROP0000779088-4~
AMT*B6*94~
SVC*HC>92507>GN*175*94*0440*1~
DTM*472*20211122~
CAS*CO*45*81~
REF*6R*BROP0000779088-5~
AMT*B6*94~
SVC*HC>92507>GN*175*94*0440*1~
DTM*472*20211129~
CAS*CO*45*81~
REF*6R*BROP0000779088-6~
AMT*B6*94~
SVC*HC>92523>GN*380*182*0444*1~
DTM*472*20211102~
CAS*CO*45*198~
REF*6R*BROP0000779088-7~
AMT*B6*182~
CLP*NAB1319183*1*350*188**13*EBPCWWG2J0000*13*3~
NM1*QC*1*POWELL*MARK****MI*W265182065~
NM1*82*2*GENESIS REHABILITATION HOSPITAL, INC.*****XX*1912947748~
REF*1L*0141981-030-00001-KA~
REF*CE*Aetna Choice  POS II NET 00448~
DTM*232*20210607~
DTM*233*20210621~
DTM*050*20220111~
PER*CX**TE*8886323862~
AMT*AU*350~
SVC*HC>92507>GN*175*94*0440*1~
DTM*472*20210607~
CAS*CO*45*81~
REF*6R*BROP0000869258-1~
AMT*B6*94~
SVC*HC>92507>GN*175*94*0440*1~
DTM*472*20210621~
CAS*CO*45*81~
REF*6R*BROP0000869258-2~
AMT*B6*94~
CLP*NAB1319199*1*350*188**13*EBY1WY4C80000*13*3~
NM1*QC*1*POWELL*MARK****MI*W265182065~
NM1*82*2*GENESIS REHABILITATION HOSPITAL, INC.*****XX*1912947748~
REF*1L*0141981-030-00001-KA~
REF*CE*Aetna Choice  POS II NET 00448~
DTM*232*20210707~
DTM*233*20210719~
DTM*050*20220111~
PER*CX**TE*8886323862~
AMT*AU*350~
SVC*HC>92507>GN*175*94*0440*1~
DTM*472*20210707~
CAS*CO*45*81~
REF*6R*BROP0000869259-1~
AMT*B6*94~
SVC*HC>92507>GN*175*94*0440*1~
DTM*472*20210719~
CAS*CO*45*81~
REF*6R*BROP0000869259-2~
AMT*B6*94~
CLP*NAB0787381*1*175*0*175*13*ECTXW1VM40000*13*3~
NM1*QC*1*BLOCKER*JADA~
NM1*IL*1*BLOCKER*JAMAL****MI*822019870~
NM1*74*1**JAMAAL****C*W184811237~
NM1*82*2*GENESIS REHABILITATION HOSPITAL, INC.*****XX*1912947748~
REF*1L*0326475-010-00118-AA~
REF*CE*Aetna Choice  POS II NET 00448~
DTM*232*20211020~
DTM*233*20211020~
DTM*050*20220115~
PER*CX**TE*8886323862~
AMT*AU*175~
SVC*HC>92507>GN*175*0*0440*0**1~
DTM*472*20211020~
CAS*PR*96*175*1~
REF*6R*BROP0000765080-1~
AMT*B6*94~
LQ*HE*N130~
CLP*NAB1244029*1*2590*198.84*200*12*EDFCWT0HL0000*13*3~
NM1*QC*1*JOHNSON*MAXWELL~
NM1*IL*1*JOHNSON*KENNETH****MI*W240162148~
NM1*82*2*GENESIS REHABILITATION HOSPITAL, INC.*****XX*1912947748~
REF*1L*0326415-010-00001- B~
REF*CE*Open Access Aetna Select  8480 NET 01564~
DTM*232*20211201~
DTM*233*20211215~
DTM*050*20220104~
PER*CX**TE*8886323862~
AMT*AU*2590~
SVC*HC>97110>GP*185*17.9*0420*1~
DTM*472*20211208~
CAS*CO*45*159.66~
CAS*PR*3*7.44~
REF*6R*BROP0000854177-1~
REF*HPI*1720673114~
AMT*B6*25.34~
SVC*HC>97112>GP*185*29.33*0420*1~
DTM*472*20211208~
CAS*CO*45*155.67~
REF*6R*BROP0000854177-2~
REF*HPI*1720673114~
AMT*B6*29.33~
SVC*HC>97110>GP*185*17.9*0420*1~
DTM*472*20211215~
CAS*CO*45*159.66~
CAS*PR*3*7.44~
REF*6R*BROP0000854177-3~
REF*HPI*1720673114~
AMT*B6*25.34~
SVC*HC>97112>GP*185*29.33*0420*1~
DTM*472*20211215~
CAS*CO*45*155.67~
REF*6R*BROP0000854177-4~
REF*HPI*1720673114~
AMT*B6*29.33~
SVC*HC>97110>GO*185*17.9*0430*1~
DTM*472*20211201~
CAS*CO*45*159.66~
CAS*PR*3*7.44~
REF*6R*BROP0000854177-5~
AMT*B6*25.34~
SVC*HC>97530>GO*185*0*0430*1~
DTM*472*20211201~
CAS*CO*45*152.44~
CAS*PR*3*32.56~
REF*6R*BROP0000854177-6~
AMT*B6*32.56~
SVC*HC>97110>GO*185*17.9*0430*1~
DTM*472*20211202~
CAS*CO*45*159.66~
CAS*PR*3*7.44~
REF*6R*BROP0000854177-7~
AMT*B6*25.34~
SVC*HC>97530>GO*185*0*0430*1~
DTM*472*20211202~
CAS*CO*45*152.44~
CAS*PR*3*32.56~
REF*6R*BROP0000854177-8~
AMT*B6*32.56~
SVC*HC>97110>GO*185*25.34*0430*1~
DTM*472*20211208~
CAS*CO*45*159.66~
REF*6R*BROP0000854177-9~
REF*HPI*1710071220~
AMT*B6*25.34~
SVC*HC>97530>GO*185*0*0430*1~
DTM*472*20211208~
CAS*CO*45*152.44~
CAS*PR*3*32.56~
REF*6R*BROP0000854177-10~
REF*HPI*1710071220~
AMT*B6*32.56~
SVC*HC>97110>GO*185*17.9*0430*1~
DTM*472*20211209~
CAS*CO*45*159.66~
CAS*PR*3*7.44~
REF*6R*BROP0000854177-11~
AMT*B6*25.34~
SVC*HC>97530>GO*185*0*0430*1~
DTM*472*20211209~
CAS*CO*45*152.44~
CAS*PR*3*32.56~
REF*6R*BROP0000854177-12~
AMT*B6*32.56~
SVC*HC>97110>GO*185*25.34*0430*1~
DTM*472*20211215~
CAS*CO*45*159.66~
REF*6R*BROP0000854177-13~
AMT*B6*25.34~
SVC*HC>97530>GO*185*0*0430*1~
DTM*472*20211215~
CAS*CO*45*152.44~
CAS*PR*3*32.56~
REF*6R*BROP0000854177-14~
AMT*B6*32.56~
CLP*NAB0966771*1*1440*405*101.26*13*EDFCW1P640000*13*3~
NM1*QC*1*MEYRICK*THOMAS~
NM1*IL*1*MEYRICK*JAMES****MI*W217818438~
NM1*82*2*GENESIS REHABILITATION HOSPITAL, INC.*****XX*1912947748~
REF*1L*0868870-013-00010-HD~
REF*CE*Aetna Choice  POS II NET 00448~
DTM*232*20211101~
DTM*233*20211129~
DTM*050*20220115~
PER*CX**TE*8886323862~
AMT*AU*1440~
SVC*HC>97530>59>GO*370*52.1*0430*2*HC>97530>GO>59~
DTM*472*20211105~
CAS*CO*45*304.87~
CAS*PR*2*13.03~
REF*6R*BROP0000777195-1~
REF*HPI*1285231126~
AMT*B6*65.13~
SVC*HC>97530>59>GO*370*52.1*0430*2*HC>97530>GO>59~
DTM*472*20211119~
CAS*CO*45*304.87~
CAS*PR*2*13.03~
REF*6R*BROP0000777195-2~
REF*HPI*1285231126~
AMT*B6*65.13~
SVC*HC>92507>GN*175*75.2*0440*1~
DTM*472*20211101~
CAS*CO*45*81~
CAS*PR*2*18.8~
REF*6R*BROP0000777195-3~
AMT*B6*94~
SVC*HC>92507>GN*175*75.2*0440*1~
DTM*472*20211105~
CAS*CO*45*81~
CAS*PR*2*18.8~
REF*6R*BROP0000777195-4~
AMT*B6*94~
SVC*HC>92507>GN*175*75.2*0440*1~
DTM*472*20211119~
CAS*CO*45*81~
CAS*PR*2*18.8~
REF*6R*BROP0000777195-5~
AMT*B6*94~
SVC*HC>92507>GN*175*75.2*0440*1~
DTM*472*20211129~
CAS*CO*45*81~
CAS*PR*2*18.8~
REF*6R*BROP0000777195-6~
AMT*B6*94~
CLP*NAB0389385*1*3700*0**12*EDPCT27810000*13*3~
NM1*QC*1*LEONE*KATHLEEN****MI*W239741317~
NM1*82*2*GENESIS REHABILITATION HOSPITAL, INC.*****XX*1912947748~
MOA***MA15~
REF*1L*0326415-010-00044- B~
REF*CE*Open Access Aetna Select  8480 NET 01564~
DTM*232*20210910~
DTM*233*20210929~
DTM*050*20211004~
PER*CX**TE*8886323862~
AMT*AU*3700~
SVC*HC>97140>GP*185*0*0420*0**1~
DTM*472*20210929~
CAS*PI*252*185*1~
REF*6R*BROP0000628530-12~
AMT*B6*185~
LQ*HE*N465~
LQ*HE*N517~
SVC*HC>97110>GP*555*0*0420*0**3~
DTM*472*20210929~
CAS*PI*252*555*3~
REF*6R*BROP0000628530-11~
AMT*B6*555~
LQ*HE*N465~
LQ*HE*N517~
SVC*HC>97140>GP*185*0*0420*0**1~
DTM*472*20210922~
CAS*PI*252*185*1~
REF*6R*BROP0000628530-10~
AMT*B6*185~
LQ*HE*N465~
LQ*HE*N517~
SVC*HC>97110>GP*555*0*0420*0**3~
DTM*472*20210922~
CAS*PI*252*555*3~
REF*6R*BROP0000628530-9~
AMT*B6*555~
LQ*HE*N465~
LQ*HE*N517~
SVC*HC>97140>GP*185*0*0420*0**1~
DTM*472*20210920~
CAS*PI*252*185*1~
REF*6R*BROP0000628530-8~
AMT*B6*185~
LQ*HE*N465~
LQ*HE*N517~
SVC*HC>97110>GP*555*0*0420*0**3~
DTM*472*20210920~
CAS*PI*252*555*3~
REF*6R*BROP0000628530-7~
AMT*B6*555~
LQ*HE*N465~
LQ*HE*N517~
SVC*HC>97110>GP*740*0*0420*0**4~
DTM*472*20210913~
CAS*PI*252*740*4~
REF*6R*BROP0000628530-6~
AMT*B6*740~
LQ*HE*N465~
LQ*HE*N517~
SVC*HC>97530>GP*185*0*0420*0**1~
DTM*472*20210910~
CAS*PI*252*185*1~
REF*6R*BROP0000628530-5~
REF*HPI*1871131052~
AMT*B6*185~
LQ*HE*N465~
LQ*HE*N517~
SVC*HC>97110>GP*555*0*0420*0**3~
DTM*472*20210910~
CAS*PI*252*555*3~
REF*6R*BROP0000628530-4~
REF*HPI*1871131052~
AMT*B6*555~
LQ*HE*N465~
LQ*HE*N517~
CLP*NAB0929867*1*525*0*525*12*EDY1WYYF30000*13*3~
NM1*QC*1*COOPER*VIOLET~
NM1*IL*1*COOPER*SCOTT****MI*W209186168~
NM1*82*2*GENESIS REHABILITATION HOSPITAL, INC.*****XX*1912947748~
REF*1L*0835160-012-00001-EB~
REF*CE*Open Access Aetna Select  8480 NET 01564~
DTM*232*20211104~
DTM*233*20211118~
DTM*050*20220115~
PER*CX**TE*8886323862~
AMT*AU*525~
SVC*HC>92507>GN*175*0*0440*0**1~
DTM*472*20211104~
CAS*PR*96*175*1~
REF*6R*BROP0000777307-1~
AMT*B6*94~
LQ*HE*N130~
SVC*HC>92507>GN*175*0*0440*0**1~
DTM*472*20211111~
CAS*PR*96*175*1~
REF*6R*BROP0000777307-2~
AMT*B6*94~
LQ*HE*N130~
SVC*HC>92507>GN*175*0*0440*0**1~
DTM*472*20211118~
CAS*PR*96*175*1~
REF*6R*BROP0000777307-3~
AMT*B6*94~
LQ*HE*N130~
CLP*NAB1246077*1*525*225.6*56.4*13*EFACWVL6S0000*13*3~
NM1*QC*1*SCHNEIDER*GODRIK~
NM1*IL*1*SCHNEIDER*WILLIAM*J***MI*828946862~
NM1*74*1******C*W201761941~
NM1*82*2*GENESIS REHABILITATION HOSPITAL, INC.*****XX*1912947748~
REF*1L*0326477-010-00118-HC~
REF*CE*Aetna Choice  POS II NET 00448~
DTM*232*20211206~
DTM*233*20211220~
DTM*050*20220104~
PER*CX**TE*8886323862~
AMT*AU*525~
SVC*HC>92507>GN*175*75.2*0440*1~
DTM*472*20211206~
CAS*CO*45*81~
CAS*PR*2*18.8~
REF*6R*BROP0000854218-1~
AMT*B6*94~
SVC*HC>92507>GN*175*75.2*0440*1~
DTM*472*20211213~
CAS*CO*45*81~
CAS*PR*2*18.8~
REF*6R*BROP0000854218-2~
AMT*B6*94~
SVC*HC>92507>GN*175*75.2*0440*1~
DTM*472*20211220~
CAS*CO*45*81~
CAS*PR*2*18.8~
REF*6R*BROP0000854218-3~
AMT*B6*94~
CLP*NAB0929627*1*525*0*525*12*EFACW19PL0000*13*3~
NM1*QC*1*COOPER*VESPER~
NM1*IL*1*COOPER*SCOTT****MI*W209186168~
NM1*82*2*GENESIS REHABILITATION HOSPITAL, INC.*****XX*1912947748~
REF*1L*0835160-012-00001-EB~
REF*CE*Open Access Aetna Select  8480 NET 01564~
DTM*232*20211104~
DTM*233*20211118~
DTM*050*20220115~
PER*CX**TE*8886323862~
AMT*AU*525~
SVC*HC>92507>GN*175*0*0440*0**1~
DTM*472*20211104~
CAS*PR*96*175*1~
REF*6R*BROP0000777308-1~
AMT*B6*94~
LQ*HE*N130~
SVC*HC>92507>GN*175*0*0440*0**1~
DTM*472*20211111~
CAS*PR*96*175*1~
REF*6R*BROP0000777308-2~
AMT*B6*94~
LQ*HE*N130~
SVC*HC>92507>GN*175*0*0440*0**1~
DTM*472*20211118~
CAS*PR*96*175*1~
REF*6R*BROP0000777308-3~
AMT*B6*94~
LQ*HE*N130~
CLP*IAB0630255*1*88945*0**13*EFFCWWL9V0000*11*7~
NM1*QC*1*SAUCEDO*MARLENE~
NM1*IL*1*SANTIAGO*EPSERANZA****MI*W462211020~
NM1*74*1*SAUCEDO*MARLENE~
NM1*82*2*GENESIS REHABILITATION HOSPITAL, INC.*****XX*1912947748~
REF*1L*0486870-012-00001-BA~
REF*CE*Aetna Choice  POS II NET 00448~
DTM*232*20211008~
DTM*233*20211026~
DTM*050*20220105~
PER*CX**TE*8886323862~
AMT*AU*88945~
SVC*NU>0118*25200*0**0**18~
DTM*150*20211008~
DTM*151*20211025~
CAS*CO*210*25200*18~
REF*6R*BROO0000859167-1~
AMT*B6*25200~
SVC*NU>0250*19578*0**0**623~
DTM*150*20211008~
DTM*151*20211026~
CAS*CO*210*19578*623~
REF*6R*BROO0000859167-2~
AMT*B6*19578~
SVC*NU>0270*1529*0**0**21~
DTM*150*20211008~
DTM*151*20211026~
CAS*CO*210*1529*21~
REF*6R*BROO0000859167-3~
AMT*B6*1529~
SVC*NU>0300*4176*0**0**5~
DTM*150*20211008~
DTM*151*20211026~
CAS*CO*210*4176*5~
REF*6R*BROO0000859167-4~
AMT*B6*4176~
SVC*NU>0320*2002*0**0**2~
DTM*150*20211008~
DTM*151*20211026~
CAS*CO*210*2002*2~
REF*6R*BROO0000859167-5~
AMT*B6*2002~
SVC*NU>0360*2766*0**0**1~
DTM*150*20211008~
DTM*151*20211026~
CAS*CO*210*2766*1~
REF*6R*BROO0000859167-6~
AMT*B6*2766~
SVC*NU>0410*4943*0**0**49~
DTM*150*20211008~
DTM*151*20211026~
CAS*CO*210*4943*49~
REF*6R*BROO0000859167-7~
AMT*B6*4943~
SVC*NU>0420*5474*0**0**64~
DTM*150*20211008~
DTM*151*20211026~
CAS*CO*210*5474*64~
REF*6R*BROO0000859167-8~
AMT*B6*5474~
SVC*NU>0430*4980*0**0**60~
DTM*150*20211008~
DTM*151*20211026~
CAS*CO*210*4980*60~
REF*6R*BROO0000859167-9~
AMT*B6*4980~
SVC*NU>0440*5931*0**0**28~
DTM*150*20211008~
DTM*151*20211026~
CAS*CO*210*5931*28~
REF*6R*BROO0000859167-10~
AMT*B6*5931~
SVC*NU>0460*7239*0**0**11~
DTM*150*20211008~
DTM*151*20211026~
CAS*CO*210*7239*11~
REF*6R*BROO0000859167-11~
AMT*B6*7239~
SVC*NU>0740*5127*0**0**2~
DTM*150*20211008~
DTM*151*20211026~
CAS*CO*210*5127*2~
REF*6R*BROO0000859167-12~
AMT*B6*5127~
CLP*NAB0966449*1*2395*484.78**13*EFFCW13M70000*13*3~
NM1*QC*1*ALLEN*JUDE~
NM1*IL*1*ALLEN*ALEXANDER****MI*00137681W~
NM1*74*1******C*W217127794~
NM1*82*2*GENESIS REHABILITATION HOSPITAL, INC.*****XX*1912947748~
REF*1L*0895530-010-00304-KD~
REF*CE*Aetna HealthFund  Aetna Choice  POS II NET 00448~
DTM*232*20211102~
DTM*233*20211130~
DTM*050*20220115~
PER*CX**TE*8886323862~
AMT*AU*2395~
SVC*HC>97530>GO*370*65.13*0430*2~
DTM*472*20211102~
CAS*CO*45*304.87~
REF*6R*BROP0000777474-1~
AMT*B6*65.13~
SVC*HC>97530>59>GO*370*65.13*0430*2*HC>97530>GO>59~
DTM*472*20211104~
CAS*CO*45*304.87~
REF*6R*BROP0000777474-2~
AMT*B6*65.13~
SVC*HC>97530>GO*370*65.13*0430*2~
DTM*472*20211109~
CAS*CO*45*304.87~
REF*6R*BROP0000777474-3~
AMT*B6*65.13~
SVC*HC>97530>GO*370*65.13*0430*2~
DTM*472*20211111~
CAS*CO*45*304.87~
REF*6R*BROP0000777474-4~
AMT*B6*65.13~
SVC*HC>97530>GO*370*65.13*0430*2~
DTM*472*20211116~
CAS*CO*45*304.87~
REF*6R*BROP0000777474-5~
AMT*B6*65.13~
SVC*HC>97530>GO*370*65.13*0430*2~
DTM*472*20211130~
CAS*CO*45*304.87~
REF*6R*BROP0000777474-6~
AMT*B6*65.13~
SVC*HC>92507>GN*175*94*0440*1~
DTM*472*20211104~
CAS*CO*45*81~
REF*6R*BROP0000777474-7~
REF*HPI*1598346793~
AMT*B6*94~
CLP*NAB0967105*1*350*0*350*13*EGACW1TRT0000*13*3~
NM1*QC*1*BLOCKER*JADA~
NM1*IL*1*BLOCKER*JAMAL****MI*822019870~
NM1*74*1**JAMAAL****C*W184811237~
NM1*82*2*GENESIS REHABILITATION HOSPITAL, INC.*****XX*1912947748~
REF*1L*0326475-010-00118-AA~
REF*CE*Aetna Choice  POS II NET 00448~
DTM*232*20211103~
DTM*233*20211110~
DTM*050*20220115~
PER*CX**TE*8886323862~
AMT*AU*350~
SVC*HC>92507>GN*175*0*0440*0**1~
DTM*472*20211103~
CAS*PR*96*175*1~
REF*6R*BROP0000778590-1~
AMT*B6*94~
LQ*HE*N130~
SVC*HC>92507>GN*175*0*0440*0**1~
DTM*472*20211110~
CAS*PR*96*175*1~
REF*6R*BROP0000778590-2~
AMT*B6*94~
LQ*HE*N130~
CLP*NAB0968305*1*2530*700.84*123.68*13*EGJMW1QBW0000*13*3~
NM1*QC*1*WILSON*BRYCE~
NM1*IL*1*WILSON*RACHEL****MI*W23973702904~
NM1*74*1******C*W239737029~
NM1*82*2*GENESIS REHABILITATION HOSPITAL, INC.*****XX*1912947748~
REF*1L*0885670-028-00001-EA~
REF*CE*Aetna HealthFund  Aetna Choice  POS II NET 00448~
DTM*232*20211102~
DTM*233*20211130~
DTM*050*20220115~
PER*CX**TE*8886323862~
AMT*AU*2530~
SVC*HC>97530>59>GO*370*55.36*0430*2*HC>97530>GO>59~
DTM*472*20211102~
CAS*CO*45*304.87~
CAS*PR*2*9.77~
REF*6R*BROP0000778641-1~
REF*HPI*1598350373~
AMT*B6*65.13~
SVC*HC>97530>59>GO*370*55.36*0430*2*HC>97530>GO>59~
DTM*472*20211109~
CAS*CO*45*304.87~
CAS*PR*2*9.77~
REF*6R*BROP0000778641-2~
REF*HPI*1598350373~
AMT*B6*65.13~
SVC*HC>97530>GO*370*55.36*0430*2~
DTM*472*20211116~
CAS*CO*45*304.87~
CAS*PR*2*9.77~
REF*6R*BROP0000778641-3~
REF*HPI*1598350373~
AMT*B6*65.13~
SVC*HC>97530>59>GO*370*55.36*0430*2*HC>97530>GO>59~
DTM*472*20211130~
CAS*CO*45*304.87~
CAS*PR*2*9.77~
REF*6R*BROP0000778641-4~
REF*HPI*1598350373~
AMT*B6*65.13~
SVC*HC>92507>GN*175*79.9*0440*1~
DTM*472*20211102~
CAS*CO*45*81~
CAS*PR*2*14.1~
REF*6R*BROP0000778641-5~
AMT*B6*94~
SVC*HC>92507>GN*175*79.9*0440*1~
DTM*472*20211104~
CAS*CO*45*81~
CAS*PR*2*14.1~
REF*6R*BROP0000778641-6~
AMT*B6*94~
SVC*HC>92507>GN*175*79.9*0440*1~
DTM*472*20211109~
CAS*CO*45*81~
CAS*PR*2*14.1~
REF*6R*BROP0000778641-7~
AMT*B6*94~
SVC*HC>92507>GN*175*79.9*0440*1~
DTM*472*20211111~
CAS*CO*45*81~
CAS*PR*2*14.1~
REF*6R*BROP0000778641-8~
AMT*B6*94~
SVC*HC>92507>GN*175*79.9*0440*1~
DTM*472*20211118~
CAS*CO*45*81~
CAS*PR*2*14.1~
REF*6R*BROP0000778641-9~
AMT*B6*94~
SVC*HC>92507>GN*175*79.9*0440*1~
DTM*472*20211130~
CAS*CO*45*81~
CAS*PR*2*14.1~
REF*6R*BROP0000778641-10~
AMT*B6*94~
CLP*NAB0983675*1*5180*599.69*105.8*13*EGTXW117Z0000*13*3~
NM1*QC*1*BORTNICKER*PAUL****MI*W265528649~
NM1*82*2*GENESIS REHABILITATION HOSPITAL, INC.*****XX*1912947748~
REF*1L*0880791-025-00041-JC~
REF*CE*Aetna Choice  POS II NET 00448~
DTM*232*20211102~
DTM*233*20211124~
DTM*050*20220115~
PER*CX**TE*8886323862~
AMT*AU*5180~
SVC*HC>97110>GP*740*86.15*0420*4~
DTM*472*20211102~
CAS*CO*45*638.65~
CAS*PR*2*15.2~
REF*6R*BROP0000778984-1~
REF*HPI*1083389050~
AMT*B6*101.35~
SVC*HC>97110>GP*740*86.15*0420*4~
DTM*472*20211105~
CAS*CO*45*638.65~
CAS*PR*2*15.2~
REF*6R*BROP0000778984-2~
REF*HPI*1083389050~
AMT*B6*101.35~
SVC*HC>97110>GP*555*64.62*0420*3~
DTM*472*20211109~
CAS*CO*45*478.98~
CAS*PR*2*11.4~
REF*6R*BROP0000778984-3~
AMT*B6*76.02~
SVC*HC>97140>GP*185*19.85*0420*1~
DTM*472*20211109~
CAS*CO*45*161.65~
CAS*PR*2*3.5~
REF*6R*BROP0000778984-4~
AMT*B6*23.35~
SVC*HC>97110>GP*555*64.62*0420*3~
DTM*472*20211111~
CAS*CO*45*478.98~
CAS*PR*2*11.4~
REF*6R*BROP0000778984-5~
AMT*B6*76.02~
SVC*HC>97140>GP*185*19.85*0420*1~
DTM*472*20211111~
CAS*CO*45*161.65~
CAS*PR*2*3.5~
REF*6R*BROP0000778984-6~
AMT*B6*23.35~
SVC*HC>97110>GP*740*86.15*0420*4~
DTM*472*20211115~
CAS*CO*45*638.65~
CAS*PR*2*15.2~
REF*6R*BROP0000778984-7~
AMT*B6*101.35~
SVC*HC>97110>GP*740*86.15*0420*4~
DTM*472*20211118~
CAS*CO*45*638.65~
CAS*PR*2*15.2~
REF*6R*BROP0000778984-8~
AMT*B6*101.35~
SVC*HC>97110>GP*740*86.15*0420*4~
DTM*472*20211124~
CAS*CO*45*638.65~
CAS*PR*2*15.2~
REF*6R*BROP0000778984-9~
REF*HPI*1083389050~
AMT*B6*101.35~
CLP*NAB0966025*1*1255*467.08*6.6*13*EG36WYYC00000*13*3~
NM1*QC*1*STOCKTON*JAMES*A**III~
NM1*IL*1*STOCKTON*JAMES****MI*W24428861702~
NM1*74*1******C*W244288617~
NM1*82*2*GENESIS REHABILITATION HOSPITAL, INC.*****XX*1912947748~
MOA***MA15~
REF*1L*0868598-018-00002-AB~
REF*CE*Aetna Choice  POS II NET 08096~
DTM*232*20211102~
DTM*233*20211122~
DTM*050*20220115~
PER*CX**TE*8886323862~
AMT*AU*1255~
SVC*HC>97530>59>GO*185*29.3*0430*1*HC>97530>GO>59~
DTM*472*20211102~
CAS*CO*45*152.44~
CAS*PR*2*3.26~
REF*6R*BROP0000778505-1~
REF*HPI*1548892771~
AMT*B6*32.56~
SVC*HC>97530>59>GO*185*32.56*0430*1*HC>97530>GO>59~
DTM*472*20211104~
CAS*CO*45*152.44~
REF*6R*BROP0000778505-2~
REF*HPI*1548892771~
AMT*B6*32.56~
SVC*HC>97530>59>GO*185*32.56*0430*1*HC>97530>GO>59~
DTM*472*20211109~
CAS*CO*45*152.44~
REF*6R*BROP0000778505-3~
REF*HPI*1548892771~
AMT*B6*32.56~
SVC*HC>92507>GN*175*90.66*0440*1~
DTM*472*20211102~
CAS*CO*45*81~
CAS*PR*2*3.34~
REF*6R*BROP0000778505-4~
AMT*B6*94~
SVC*HC>92507>GN*175*94*0440*1~
DTM*472*20211104~
CAS*CO*45*81~
REF*6R*BROP0000778505-5~
AMT*B6*94~
SVC*HC>92507>GN*175*94*0440*1~
DTM*472*20211109~
CAS*CO*45*81~
REF*6R*BROP0000778505-6~
AMT*B6*94~
SVC*HC>92507>GN*175*94*0440*1~
DTM*472*20211122~
CAS*CO*45*81~
REF*6R*BROP0000778505-7~
AMT*B6*94~
CLP*NAA8512593*1*1909*0*355.94*13*EHFCWGF040000*13*7~
NM1*QC*1*SMITH*EDWIN~
NM1*74*1**DEBRA~
NM1*82*2*GENESIS REHABILITATION HOSPITAL, INC.*****XX*1912947748~
REF*1L*0109081-010-00001- E~
REF*CE*Aetna Choice  POS II NET 00448~
DTM*232*20210217~
DTM*233*20210223~
DTM*050*20211208~
PER*CX**TE*8886323862~
AMT*AU*1909~
SVC*HC>97110>GP*185*0*0420*1~
DTM*472*20210217~
CAS*CO*45*159.66~
CAS*PR*1*25.34~
REF*6R*00000000001~
AMT*B6*25.34~
SVC*HC>97530>GP*370*0*0420*2~
DTM*472*20210217~
CAS*CO*45*304.87~
CAS*PR*1*65.13~
REF*6R*00000000002~
AMT*B6*65.13~
SVC*HC>92507>GP*185*0*0420*1*HC>97110>GP~
DTM*472*20210223~
CAS*CO*45*159.66~
CAS*PR*1*25.34~
REF*6R*00000000003~
AMT*B6*25.34~
SVC*HC>92507>GP*370*0*0420*2*HC>97530>GP~
DTM*472*20210223~
CAS*CO*45*304.87~
CAS*PR*1*65.13~
REF*6R*00000000004~
AMT*B6*65.13~
SVC*HC>97129>GN*156*0*0440*0**1~
DTM*472*20210217~
CAS*CO*55*156*1~
REF*6R*00000000005~
AMT*B6*19.86~
LQ*HE*N563~
SVC*HC>97130>GN*312*0*0440*0**2~
DTM*472*20210217~
CAS*CO*55*312*2~
REF*6R*00000000006~
AMT*B6*37.98~
LQ*HE*N563~
SVC*HC>92507>GN*175*0*0440*0**1~
DTM*472*20210223~
CAS*PR*96*175*1~
REF*6R*00000000007~
AMT*B6*94~
LQ*HE*N130~
SVC*HC>97130>GN*156*0*0440*0**1~
DTM*472*20210223~
CAS*CO*55*156*1~
REF*6R*00000000008~
AMT*B6*18.99~
LQ*HE*N563~
CLP*NAB1208407*1*1730*703.86**13*EHFCWX2G90000*13*2~
NM1*QC*1*WEGEHOFT*EDWARD****MI*82046341002~
NM1*74*1**CASEE****C*W175857979~
NM1*82*2*GENESIS REHABILITATION HOSPITAL, INC.*****XX*1912947748~
REF*1L*0326476-010-00118-BD~
REF*CE*Aetna Choice  POS II NET 00448~
DTM*232*20211221~
DTM*233*20211221~
DTM*050*20220108~
PER*CX**TE*8886323862~
AMT*AU*1730~
SVC*HC>96116*219*102*0918*1~
DTM*472*20211221~
CAS*CO*45*117~
REF*6R*BROP0000865805-1~
AMT*B6*102~
SVC*HC>96132*299*109.98*0918*1~
DTM*472*20211221~
CAS*CO*45*189.02~
REF*6R*BROP0000865805-2~
AMT*B6*109.98~
SVC*HC>96133*456*165.29*0918*2~
DTM*472*20211221~
CAS*CO*45*290.71~
REF*6R*BROP0000865805-3~
AMT*B6*165.29~
SVC*HC>96138*84*36.29*0918*1~
DTM*472*20211221~
CAS*CO*45*47.71~
REF*6R*BROP0000865805-4~
AMT*B6*36.29~
SVC*HC>96139*672*290.3*0918*8~
DTM*472*20211221~
CAS*CO*45*381.7~
REF*6R*BROP0000865805-5~
AMT*B6*290.3~
CLP*NAB1202975*1*350*0*350*12*EHY1W01YM0000*13*3~
NM1*QC*1*COOPER*VIOLET~
NM1*IL*1*COOPER*SCOTT****MI*W209186168~
NM1*82*2*GENESIS REHABILITATION HOSPITAL, INC.*****XX*1912947748~
REF*1L*0835160-012-00001-EB~
REF*CE*Open Access Aetna Select  8480 NET 01564~
DTM*232*20211209~
DTM*233*20211216~
DTM*050*20220115~
PER*CX**TE*8886323862~
AMT*AU*350~
SVC*HC>92507>GN*175*0*0440*0**1~
DTM*472*20211209~
CAS*PR*96*175*1~
REF*6R*BROP0000853854-1~
AMT*B6*94~
LQ*HE*N130~
SVC*HC>92507>GN*175*0*0440*0**1~
DTM*472*20211216~
CAS*PR*96*175*1~
REF*6R*BROP0000853854-2~
AMT*B6*94~
LQ*HE*N130~
CLP*NAB1203147*1*350*0*350*12*EJACW2JZY0000*13*3~
NM1*QC*1*COOPER*VESPER~
NM1*IL*1*COOPER*SCOTT****MI*W209186168~
NM1*82*2*GENESIS REHABILITATION HOSPITAL, INC.*****XX*1912947748~
REF*1L*0835160-012-00001-EB~
REF*CE*Open Access Aetna Select  8480 NET 01564~
DTM*232*20211209~
DTM*233*20211216~
DTM*050*20220115~
PER*CX**TE*8886323862~
AMT*AU*350~
SVC*HC>92507>GN*175*0*0440*0**1~
DTM*472*20211209~
CAS*PR*96*175*1~
REF*6R*BROP0000853855-1~
AMT*B6*94~
LQ*HE*N130~
SVC*HC>92507>GN*175*0*0440*0**1~
DTM*472*20211216~
CAS*PR*96*175*1~
REF*6R*BROP0000853855-2~
AMT*B6*94~
LQ*HE*N130~
CLP*NAB1259157*1*2220*190.08*120*12*EJFCWV1BL0000*13*3~
NM1*QC*1*SPERBECK*BARBARA*E***MI*W240141030~
NM1*82*2*GENESIS REHABILITATION HOSPITAL, INC.*****XX*1912947748~
REF*1L*0326415-010-00044- A~
REF*CE*Open Access Aetna Select  8480 NET 01564~
DTM*232*20211202~
DTM*233*20211213~
DTM*050*20220104~
PER*CX**TE*8886323862~
AMT*AU*2220~
SVC*HC>97110>GP*370*10.68*0420*2~
DTM*472*20211202~
CAS*CO*45*319.32~
CAS*PR*3*40~
REF*6R*BROP0000854797-1~
AMT*B6*50.68~
SVC*HC>97112>GP*185*29.33*0420*1~
DTM*472*20211202~
CAS*CO*45*155.67~
REF*6R*BROP0000854797-2~
AMT*B6*29.33~
SVC*HC>97140>GP*185*23.35*0420*1~
DTM*472*20211202~
CAS*CO*45*161.65~
REF*6R*BROP0000854797-3~
AMT*B6*23.35~
SVC*HC>97110>GP*370*10.68*0420*2~
DTM*472*20211209~
CAS*CO*45*319.32~
CAS*PR*3*40~
REF*6R*BROP0000854797-4~
AMT*B6*50.68~
SVC*HC>97112>GP*185*29.33*0420*1~
DTM*472*20211209~
CAS*CO*45*155.67~
REF*6R*BROP0000854797-5~
AMT*B6*29.33~
SVC*HC>97140>GP*185*23.35*0420*1~
DTM*472*20211209~
CAS*CO*45*161.65~
REF*6R*BROP0000854797-6~
AMT*B6*23.35~
SVC*HC>97110>GP*370*10.68*0420*2~
DTM*472*20211213~
CAS*CO*45*319.32~
CAS*PR*3*40~
REF*6R*BROP0000854797-7~
AMT*B6*50.68~
SVC*HC>97112>GP*185*29.33*0420*1~
DTM*472*20211213~
CAS*CO*45*155.67~
REF*6R*BROP0000854797-8~
AMT*B6*29.33~
SVC*HC>97140>GP*185*23.35*0420*1~
DTM*472*20211213~
CAS*CO*45*161.65~
REF*6R*BROP0000854797-9~
AMT*B6*23.35~
CLP*NAB0715183*1*380*0**13*EJFCW1Y8V0000*13*2~
NM1*QC*1*WILLI*KAREN*A~
NM1*IL*1*WILLI*MICHAEL*J***MI*W154751329~
NM1*82*2*GENESIS REHABILITATION HOSPITAL, INC.*****XX*1912947748~
REF*1L*0666186-022-00002-JA~
REF*CE*Aetna HealthFund  Aetna Choice  POS II NET 00448~
DTM*232*20211028~
DTM*233*20211028~
DTM*050*20220114~
PER*CX**TE*8886323862~
AMT*AU*195~
SVC*HC>97162>GP*195*0*0424*0**1~
DTM*472*20211028~
CAS*CO*151*195*1~
REF*6R*BROP0000725155-2~
AMT*B6*84.85~
LQ*HE*N362~
SVC*HC>97530>GP*185*0*0420*0**1~
DTM*472*20211028~
CAS*OA*18*185*1~
REF*6R*BROP0000725155-1~
CLP*NAB1207523*1*2035*293.12**13*EJFCW2Q160000*13*3~
NM1*QC*1*JONES*JOSEPHINE~
NM1*IL*1*JONES*JACQUELINE****MI*W247382777~
NM1*82*2*GENESIS REHABILITATION HOSPITAL, INC.*****XX*1912947748~
REF*1L*0811400-018-00118- A~
REF*CE*Aetna Choice  POS II NET 00448~
DTM*232*20211201~
DTM*233*20211227~
DTM*050*20220115~
PER*CX**TE*8886323862~
AMT*AU*2035~
SVC*HC>97014>GP*185*11.33*0420*1~
DTM*472*20211201~
CAS*CO*45*173.67~
REF*6R*BROP0000854006-1~
AMT*B6*11.33~
SVC*HC>97530>GP*185*32.56*0420*1~
DTM*472*20211201~
CAS*CO*45*152.44~
REF*6R*BROP0000854006-2~
AMT*B6*32.56~
SVC*HC>97110>GP*185*25.34*0420*1~
DTM*472*20211207~
CAS*CO*45*159.66~
REF*6R*BROP0000854006-3~
AMT*B6*25.34~
SVC*HC>97112>GP*370*58.65*0420*2~
DTM*472*20211207~
CAS*CO*45*311.35~
REF*6R*BROP0000854006-4~
AMT*B6*58.65~
SVC*HC>97140>GP*185*23.35*0420*1~
DTM*472*20211207~
CAS*CO*45*161.65~
REF*6R*BROP0000854006-5~
AMT*B6*23.35~
SVC*HC>97110>GP*370*50.68*0420*2~
DTM*472*20211227~
CAS*CO*45*319.32~
REF*6R*BROP0000854006-6~
AMT*B6*50.68~
SVC*HC>97112>GP*370*58.65*0420*2~
DTM*472*20211227~
CAS*CO*45*311.35~
REF*6R*BROP0000854006-7~
AMT*B6*58.65~
SVC*HC>97530>GP*185*32.56*0420*1~
DTM*472*20211227~
CAS*CO*45*152.44~
REF*6R*BROP0000854006-8~
AMT*B6*32.56~
CLP*NAB1241049*1*740*0*740*13*EJPCW141Q0000*13*3~
NM1*QC*1*BAVARO*MICHAEL~
NM1*IL*1*BAVARO*LOUIS****MI*W259854681~
NM1*82*2*GENESIS REHABILITATION HOSPITAL, INC.*****XX*1912947748~
REF*1L*0148751-011-00001-BA~
REF*CE*Aetna Choice  POS II NET 00448~
DTM*232*20211201~
DTM*233*20211201~
DTM*036*20211130~
DTM*050*20220115~
PER*CX**TE*8886323862~
AMT*AU*740~
SVC*HC>97530>GP*740*0*0420*0**4~
DTM*472*20211201~
CAS*PR*27*740*4~
REF*6R*BROP0000854013-1~
AMT*B6*130.25~
LQ*HE*N650~
CLP*NAB0756847*1*175*0*94*13*EKACWZNT40000*13*4~
NM1*QC*1*KUHN*STEVEN****MI*W258298189~
NM1*82*2*GENESIS REHABILITATION HOSPITAL, INC.*****XX*1912947748~
REF*1L*0783132-033-00001-NX~
REF*CE*Aetna HealthFund  Aetna Choice  POS II NET 00448~
DTM*232*20211103~
DTM*233*20211103~
DTM*050*20220114~
PER*CX**TE*8886323862~
AMT*AU*175~
SVC*HC>92507>GN*175*0*0440*1~
DTM*472*20211103~
CAS*CO*45*81~
CAS*PR*1*94~
REF*6R*BROP0000726808-1~
AMT*B6*94~
CLP*NAB1240981*1*2130*843.92*210.98*13*EKJMW1RJ50000*13*3~
NM1*QC*1*CHESTNUT*LIAM~
NM1*IL*1*CHESNUT*ANTHONY****MI*W157011414~
NM1*74*1*CHESTNUT~
NM1*82*2*GENESIS REHABILITATION HOSPITAL, INC.*****XX*1912947748~
MOA***MA15~
REF*1L*0868598-034-00002-AH~
REF*CE*Aetna Choice  POS II NET 08096~
DTM*232*20211201~
DTM*233*20211230~
DTM*050*20220115~
PER*CX**TE*8886323862~
AMT*AU*2130~
SVC*HC>97530>59>GO*185*26.05*0430*1*HC>97530>GO>59~
DTM*472*20211230~
CAS*CO*45*152.44~
CAS*PR*2*6.51~
REF*6R*BROP0000854078-1~
REF*HPI*1285935395~
AMT*B6*32.56~
SVC*HC>97165>GO*195*65.87*0434*1~
DTM*472*20211230~
CAS*CO*45*112.66~
CAS*PR*2*16.47~
REF*6R*BROP0000854078-2~
REF*HPI*1285935395~
AMT*B6*82.34~
SVC*HC>92507>GN*175*75.2*0440*1~
DTM*472*20211201~
CAS*CO*45*81~
CAS*PR*2*18.8~
REF*6R*BROP0000854078-3~
AMT*B6*94~
SVC*HC>92507>GN*175*75.2*0440*1~
DTM*472*20211202~
CAS*CO*45*81~
CAS*PR*2*18.8~
REF*6R*BROP0000854078-4~
AMT*B6*94~
SVC*HC>92507>GN*175*75.2*0440*1~
DTM*472*20211208~
CAS*CO*45*81~
CAS*PR*2*18.8~
REF*6R*BROP0000854078-5~
AMT*B6*94~
SVC*HC>92507>GN*175*75.2*0440*1~
DTM*472*20211209~
CAS*CO*45*81~
CAS*PR*2*18.8~
REF*6R*BROP0000854078-6~
AMT*B6*94~
SVC*HC>92507>GN*175*75.2*0440*1~
DTM*472*20211215~
CAS*CO*45*81~
CAS*PR*2*18.8~
REF*6R*BROP0000854078-7~
AMT*B6*94~
SVC*HC>92507>GN*175*75.2*0440*1~
DTM*472*20211216~
CAS*CO*45*81~
CAS*PR*2*18.8~
REF*6R*BROP0000854078-8~
AMT*B6*94~
SVC*HC>92507>GN*175*75.2*0440*1~
DTM*472*20211221~
CAS*CO*45*81~
CAS*PR*2*18.8~
REF*6R*BROP0000854078-9~
AMT*B6*94~
SVC*HC>92507>GN*175*75.2*0440*1~
DTM*472*20211222~
CAS*CO*45*81~
CAS*PR*2*18.8~
REF*6R*BROP0000854078-10~
AMT*B6*94~
SVC*HC>92507>GN*175*75.2*0440*1~
DTM*472*20211229~
CAS*CO*45*81~
CAS*PR*2*18.8~
REF*6R*BROP0000854078-11~
AMT*B6*94~
SVC*HC>92507>GN*175*75.2*0440*1~
DTM*472*20211230~
CAS*CO*45*81~
CAS*PR*2*18.8~
REF*6R*BROP0000854078-12~
AMT*B6*94~
CLP*NAB1212813*2*4255*101.99*25.5*15*EKJMW1SJZ0000*13*3~
NM1*QC*1*GAUDET*ANNA*R***MI*4AE3KJ9MQ83~
NM1*74*1******C*W197880441~
NM1*82*2*GENESIS REHABILITATION HOSPITAL, INC.*****XX*1912947748~
REF*1L*0849805-034-00201- C~
REF*CE*Traditional Choice~
DTM*232*20211208~
DTM*233*20211229~
DTM*050*20220115~
PER*CX**TE*8886323862~
AMT*AU*370~
SVC*HC>97110>GP>KX*370*101.99*0420*2~
DTM*472*20211208~
CAS*OA*23*4127.51**94*-3885~
CAS*PR*2*25.5~
REF*6R*BROP0000855151-1~
AMT*B6*637.49~
SVC*HC>97110>GP>KX*370*0*0420*2~
DTM*472*20211213~
CAS*CO*45*370~
REF*6R*BROP0000855151-3~
REF*HPI*1023127826~
LQ*HE*N20~
SVC*HC>97110>GP>KX*370*0*0420*2~
DTM*472*20211215~
CAS*CO*45*370~
REF*6R*BROP0000855151-5~
LQ*HE*N20~
SVC*HC>97110>GP>KX*555*0*0420*3~
DTM*472*20211220~
CAS*CO*45*555~
REF*6R*BROP0000855151-7~
LQ*HE*N20~
SVC*HC>97110>GP>KX*555*0*0420*3~
DTM*472*20211227~
CAS*CO*45*555~
REF*6R*BROP0000855151-9~
LQ*HE*N20~
SVC*HC>97110>GP>KX*370*0*0420*2~
DTM*472*20211229~
CAS*CO*45*370~
REF*6R*BROP0000855151-11~
LQ*HE*N20~
SVC*HC>97530>GP>KX*370*0*0420*2~
DTM*472*20211208~
CAS*CO*45*370~
REF*6R*BROP0000855151-2~
LQ*HE*N20~
SVC*HC>97530>GP>KX*370*0*0420*2~
DTM*472*20211213~
CAS*CO*45*370~
REF*6R*BROP0000855151-4~
REF*HPI*1023127826~
LQ*HE*N20~
SVC*HC>97530>GP>KX*370*0*0420*2~
DTM*472*20211215~
CAS*CO*45*370~
REF*6R*BROP0000855151-6~
LQ*HE*N20~
SVC*HC>97530>GP>KX*185*0*0420*1~
DTM*472*20211220~
CAS*CO*45*185~
REF*6R*BROP0000855151-8~
LQ*HE*N20~
SVC*HC>97530>GP>KX*185*0*0420*1~
DTM*472*20211227~
CAS*CO*45*185~
REF*6R*BROP0000855151-10~
LQ*HE*N20~
SVC*HC>97530>GP>KX*185*0*0420*1~
DTM*472*20211229~
CAS*CO*45*185~
REF*6R*BROP0000855151-12~
LQ*HE*N20~
CLP*NAB0644667*1*740*0**12*EKTXVQQVY0000*13*3~
NM1*QC*1*GOTTSCHALK*GENEVIEVE****MI*W239743420~
NM1*74*1**NATHAN~
NM1*82*2*GENESIS REHABILITATION HOSPITAL, INC.*****XX*1912947748~
REF*1L*0326415-010-00012- B~
REF*CE*Open Access Aetna Select  8480 NET 01564~
DTM*232*20211015~
DTM*233*20211015~
DTM*050*20211103~
PER*CX**TE*8886323862~
AMT*AU*740~
SVC*HC>97112>GP*185*0*0420*0**1~
DTM*472*20211015~
CAS*PI*252*185*1~
REF*6R*BROP0000714200-2~
AMT*B6*185~
LQ*HE*M127~
LQ*HE*N517~
SVC*HC>97110>GP*555*0*0420*0**3~
DTM*472*20211015~
CAS*PI*252*555*3~
REF*6R*BROP0000714200-1~
AMT*B6*555~
LQ*HE*M127~
LQ*HE*N517~
CLP*NAB1239511*1*350*108*80*12*EKTXWT42C0000*13*3~
NM1*QC*1*MILLER*LEO*V~
NM1*IL*1*MILLER*SUSAN****MI*W252174347~
NM1*74*1**FRANCIS~
NM1*82*2*GENESIS REHABILITATION HOSPITAL, INC.*****XX*1912947748~
REF*1L*0326415-010-00014- B~
REF*CE*Open Access Aetna Select  8480 NET 01564~
DTM*232*20211210~
DTM*233*20211220~
DTM*050*20220104~
PER*CX**TE*8886323862~
AMT*AU*350~
SVC*HC>92507>GT>GN*175*54*0440*1*HC>92507>GN>GT~
DTM*472*20211210~
CAS*CO*45*81~
CAS*PR*3*40~
REF*6R*BROP0000854831-1~
AMT*B6*94~
SVC*HC>92507>GT>GN*175*54*0440*1*HC>92507>GN>GT~
DTM*472*20211220~
CAS*CO*45*81~
CAS*PR*3*40~
REF*6R*BROP0000854831-2~
AMT*B6*94~
CLP*NAB1216951*1*1310*522.42**13*EKTXW1VHQ0000*13*2~
NM1*QC*1*GANN*LUKE~
NM1*IL*1*GANN*JOSEPH****MI*W243062048~
NM1*82*2*GENESIS REHABILITATION HOSPITAL, INC.*****XX*1912947748~
REF*1L*0283907-011-00001- D~
REF*CE*Aetna HealthFund  Aetna Choice  POS II NET 00448~
DTM*232*20211206~
DTM*233*20211206~
DTM*050*20220115~
PER*CX**TE*8886323862~
AMT*AU*1310~
SVC*HC>96116*219*102*0918*1~
DTM*472*20211206~
CAS*CO*45*117~
REF*6R*BROP0000855353-1~
AMT*B6*102~
SVC*HC>96132*299*109.98*0918*1~
DTM*472*20211206~
CAS*CO*45*189.02~
REF*6R*BROP0000855353-2~
AMT*B6*109.98~
SVC*HC>96133*456*165.29*0918*2~
DTM*472*20211206~
CAS*CO*45*290.71~
REF*6R*BROP0000855353-3~
AMT*B6*165.29~
SVC*HC>96138*84*36.29*0918*1~
DTM*472*20211206~
CAS*CO*45*47.71~
REF*6R*BROP0000855353-4~
AMT*B6*36.29~
SVC*HC>96139*252*108.86*0918*3~
DTM*472*20211206~
CAS*CO*45*143.14~
REF*6R*BROP0000855353-5~
AMT*B6*108.86~
CLP*NAB0740639*1*565*65.13**13*EK36WYYDG0000*13*2~
NM1*QC*1*BREEDEN*MICHAEL****MI*W235369231~
NM1*74*1**RENEE~
NM1*82*2*GENESIS REHABILITATION HOSPITAL, INC.*****XX*1912947748~
REF*1L*0811255-020-00006- F~
REF*CE*Aetna Choice  POS II NET 00448~
DTM*232*20211029~
DTM*233*20211029~
DTM*050*20220115~
PER*CX**TE*8886323862~
AMT*AU*565~
SVC*HC>97530>GP*370*65.13*0420*2~
DTM*472*20211029~
CAS*CO*45*304.87~
REF*6R*BROP0000731438-1~
AMT*B6*65.13~
SVC*HC>97162>GP*195*0*0424*0**1~
DTM*472*20211029~
CAS*CO*151*195*1~
REF*6R*BROP0000731438-2~
AMT*B6*84.85~
LQ*HE*N362~
CLP*NAB1225943*2*416*38.08**12*EK36WYZC90000*13*2~
CAS*OA*23*152.35~
NM1*QC*1*DANIELS*BARBARA*A***MI*5EV0KN2RV21~
NM1*74*1******C*W240142077~
NM1*82*2*GENESIS REHABILITATION HOSPITAL, INC.*****XX*1912947748~
REF*1L*0326415-013-00100- A~
REF*CE*Open Access Aetna Select  8480 NET 01564~
DTM*232*20211201~
DTM*233*20211201~
DTM*050*20220115~
PER*CX**TE*8886323862~
AMT*AU*216~
SVC*HC>92520>GN*216*190.43*0440*1~
DTM*472*20211201~
CAS*OA*23*225.57**94*-200~
REF*6R*BROP0000853703-1~
AMT*B6*190.43~
SVC*HC>92524>GN*200*0*0444*1~
DTM*472*20211201~
CAS*CO*97*200~
REF*6R*BROP0000853703-2~
LQ*HE*N20~
CLP*NAB1233453*1*12350*9165**13*ELFCW005H0000*13*2~
NM1*QC*1*AMATO*AUSTIN~
NM1*IL*1*AMATO*PHILIP*L***MI*W257314510~
NM1*82*2*GENESIS REHABILITATION HOSPITAL, INC.*****XX*1912947748~
REF*1L*0141889-011-00002-CD~
REF*CE*Aetna Choice  POS II NET 00448~
DTM*232*20211213~
DTM*233*20211230~
DTM*050*20220114~
PER*CX**TE*8886323862~
AMT*AU*12350~
SVC*NU>0932*950*705**1~
DTM*472*20211213~
CAS*CO*45*245~
REF*6R*BROP0000855173-1~
AMT*B6*705~
SVC*NU>0932*950*705**1~
DTM*472*20211214~
CAS*CO*45*245~
REF*6R*BROP0000855173-2~
AMT*B6*705~
SVC*NU>0932*950*705**1~
DTM*472*20211215~
CAS*CO*45*245~
REF*6R*BROP0000855173-3~
AMT*B6*705~
SVC*NU>0932*950*705**1~
DTM*472*20211216~
CAS*CO*45*245~
REF*6R*BROP0000855173-4~
AMT*B6*705~
SVC*NU>0932*950*705**1~
DTM*472*20211217~
CAS*CO*45*245~
REF*6R*BROP0000855173-5~
AMT*B6*705~
SVC*NU>0932*950*705**1~
DTM*472*20211220~
CAS*CO*45*245~
REF*6R*BROP0000855173-6~
AMT*B6*705~
SVC*NU>0932*950*705**1~
DTM*472*20211221~
CAS*CO*45*245~
REF*6R*BROP0000855173-7~
AMT*B6*705~
SVC*NU>0932*950*705**1~
DTM*472*20211222~
CAS*CO*45*245~
REF*6R*BROP0000855173-8~
AMT*B6*705~
SVC*NU>0932*950*705**1~
DTM*472*20211223~
CAS*CO*45*245~
REF*6R*BROP0000855173-9~
AMT*B6*705~
SVC*NU>0932*950*705**1~
DTM*472*20211227~
CAS*CO*45*245~
REF*6R*BROP0000855173-10~
AMT*B6*705~
SVC*NU>0932*950*705**1~
DTM*472*20211228~
CAS*CO*45*245~
REF*6R*BROP0000855173-11~
REF*HPI*1275957300~
AMT*B6*705~
SVC*NU>0932*950*705**1~
DTM*472*20211229~
CAS*CO*45*245~
REF*6R*BROP0000855173-12~
AMT*B6*705~
SVC*NU>0932*950*705**1~
DTM*472*20211230~
CAS*CO*45*245~
REF*6R*BROP0000855173-13~
REF*HPI*1275957300~
AMT*B6*705~
CLP*NAB1226327*1*565*128.47*14.28*13*ELFCW1SXL0000*13*2~
NM1*QC*1*DIAZ*JOSHUA****MI*W260284881~
NM1*82*2*GENESIS REHABILITATION HOSPITAL, INC.*****XX*1912947748~
REF*1L*0783132-012-00001-ME~
REF*CE*Aetna Choice  POS II NET 00448~
DTM*232*20211207~
DTM*233*20211207~
DTM*050*20220115~
PER*CX**TE*8886323862~
AMT*AU*565~
SVC*HC>97110>GP*185*22.81*0420*1~
DTM*472*20211207~
CAS*CO*45*159.66~
CAS*PR*2*2.53~
REF*6R*BROP0000855471-1~
AMT*B6*25.34~
SVC*HC>97530>GP*185*29.3*0420*1~
DTM*472*20211207~
CAS*CO*45*152.44~
CAS*PR*2*3.26~
REF*6R*BROP0000855471-2~
AMT*B6*32.56~
SVC*HC>97161>GP*195*76.36*0424*1~
DTM*472*20211207~
CAS*CO*45*110.15~
CAS*PR*2*8.49~
REF*6R*BROP0000855471-3~
AMT*B6*84.85~
CLP*NAB1218231*2*1665*46.98**15*ELFCW1TXF0000*13*4~
NM1*QC*1*FRIBOURG*DONALD****MI*9TK9UT1WT31~
NM1*74*1******C*W197975368~
NM1*82*2*GENESIS REHABILITATION HOSPITAL, INC.*****XX*1912947748~
REF*1L*0849805-038-00201-GR~
REF*CE*Traditional Choice~
DTM*232*20211207~
DTM*233*20211228~
DTM*050*20220115~
PER*CX**TE*8886323862~
AMT*AU*555~
SVC*HC>97110>GP*555*46.98*0420*3~
DTM*472*20211207~
CAS*OA*23*1618.02**94*-1110~
REF*6R*BROP0000855380-1~
REF*HPI*1457653214~
AMT*B6*234.88~
SVC*HC>97110>GP*740*0*0420*4~
DTM*472*20211221~
CAS*CO*45*740~
REF*6R*BROP0000855380-2~
LQ*HE*N20~
SVC*HC>97750>GP*370*0*0424*2~
DTM*472*20211228~
CAS*CO*45*370~
REF*6R*BROP0000855380-3~
LQ*HE*N20~
CLP*NAB1229329*1*4265*552.09*97.41*13*ELPCWYYFD0000*13*2~
NM1*QC*1*MORALES*JULIO****MI*W21976139701~
NM1*74*1******C*W219761397~
NM1*82*2*GENESIS REHABILITATION HOSPITAL, INC.*****XX*1912947748~
REF*1L*0885670-028-00001- E~
REF*CE*Aetna HealthFund  Aetna Choice  POS II NET 00448~
DTM*232*20211208~
DTM*233*20211229~
DTM*050*20220115~
PER*CX**TE*8886323862~
AMT*AU*4265~
SVC*HC>97110>GP*185*21.54*0420*1~
DTM*472*20211208~
CAS*CO*45*159.66~
CAS*PR*2*3.8~
REF*6R*BROP0000855502-1~
AMT*B6*25.34~
SVC*HC>97530>GP*185*27.68*0420*1~
DTM*472*20211208~
CAS*CO*45*152.44~
CAS*PR*2*4.88~
REF*6R*BROP0000855502-2~
AMT*B6*32.56~
SVC*HC>97110>GP*740*86.15*0420*4~
DTM*472*20211215~
CAS*CO*45*638.65~
CAS*PR*2*15.2~
REF*6R*BROP0000855502-3~
AMT*B6*101.35~
SVC*HC>97110>GP*740*86.15*0420*4~
DTM*472*20211220~
CAS*CO*45*638.65~
CAS*PR*2*15.2~
REF*6R*BROP0000855502-4~
REF*HPI*1144995325~
AMT*B6*101.35~
SVC*HC>97110>GP*740*86.15*0420*4~
DTM*472*20211222~
CAS*CO*45*638.65~
CAS*PR*2*15.2~
REF*6R*BROP0000855502-5~
AMT*B6*101.35~
SVC*HC>97110>GP*740*86.15*0420*4~
DTM*472*20211227~
CAS*CO*45*638.65~
CAS*PR*2*15.2~
REF*6R*BROP0000855502-6~
REF*HPI*1881350676~
AMT*B6*101.35~
SVC*HC>97110>GP*740*86.15*0420*4~
DTM*472*20211229~
CAS*CO*45*638.65~
CAS*PR*2*15.2~
REF*6R*BROP0000855502-7~
AMT*B6*101.35~
SVC*HC>97161>GP*195*72.12*0424*1~
DTM*472*20211208~
CAS*CO*45*110.15~
CAS*PR*2*12.73~
REF*6R*BROP0000855502-8~
AMT*B6*84.85~
CLP*NAB1221327*1*350*0*350*13*ELPCWYYFF0000*13*3~
NM1*QC*1*THOMPSON*CHRISTOPHER*N~
NM1*IL*1*THOMPSON*CHRISTOPHER****MI*W264845398~
NM1*82*2*GENESIS REHABILITATION HOSPITAL, INC.*****XX*1912947748~
REF*1L*0701080-026-00001-CD~
REF*CE*Aetna Choice  POS II NET 00448~
DTM*232*20211214~
DTM*233*20211228~
DTM*050*20220115~
PER*CX**TE*8886323862~
AMT*AU*350~
SVC*HC>92507>GN*175*0*0440*0**1~
DTM*472*20211214~
CAS*PR*96*175*1~
REF*6R*BROP0000854171-1~
AMT*B6*94~
LQ*HE*N130~
SVC*HC>92507>GN*175*0*0440*0**1~
DTM*472*20211228~
CAS*PR*96*175*1~
REF*6R*BROP0000854171-2~
AMT*B6*94~
LQ*HE*N130~
CLP*NAB0839977*1*1017*77.5*19.38*13*EMACW2LFK0000*13*4~
NM1*QC*1*ANDERSON*ANTONIA****MI*W188519489~
NM1*82*2*GENESIS REHABILITATION HOSPITAL, INC.*****XX*1912947748~
REF*1L*0469677-026-00129-UW~
REF*CE*Aetna Choice  POS II NET 00448~
DTM*232*20211101~
DTM*233*20211115~
DTM*050*20220115~
PER*CX**TE*8886323862~
AMT*AU*1017~
SVC*HC>95992>GP*92*25.4*0420*1~
DTM*472*20211101~
CAS*CO*45*60.25~
CAS*PR*2*6.35~
REF*6R*BROP0000751386-1~
AMT*B6*31.75~
SVC*HC>97110>59>GP*370*0*0420*0*HC>97110>GP>59*2~
DTM*472*20211101~
CAS*CO*97*370*2~
REF*6R*BROP0000751386-2~
AMT*B6*370~
LQ*HE*N19~
SVC*HC>97530>59>GP*185*0*0420*0*HC>97530>GP>59*1~
DTM*472*20211101~
CAS*CO*97*185*1~
REF*6R*BROP0000751386-3~
AMT*B6*185~
LQ*HE*N19~
SVC*HC>97530>59>GP*370*52.1*0420*2*HC>97530>GP>59~
DTM*472*20211115~
CAS*CO*45*304.87~
CAS*PR*2*13.03~
REF*6R*BROP0000751386-4~
AMT*B6*65.13~
CLP*NAB1298307*1*4440*521.37*91.98*13*EMTXW10XN0000*13*4~
NM1*QC*1*BORTNICKER*PAUL****MI*W265528649~
NM1*82*2*GENESIS REHABILITATION HOSPITAL, INC.*****XX*1912947748~
REF*1L*0880791-025-00041-JC~
REF*CE*Aetna Choice  POS II NET 00448~
DTM*232*20211201~
DTM*233*20211231~
DTM*050*20220115~
PER*CX**TE*8886323862~
AMT*AU*4440~
SVC*HC>97110>GP*740*86.15*0420*4~
DTM*472*20211201~
CAS*CO*45*638.65~
CAS*PR*2*15.2~
REF*6R*BROP0000860263-1~
AMT*B6*101.35~
SVC*HC>97110>GP*555*64.62*0420*3~
DTM*472*20211210~
CAS*CO*45*478.98~
CAS*PR*2*11.4~
REF*6R*BROP0000860263-2~
AMT*B6*76.02~
SVC*HC>97530>GP*185*27.68*0420*1~
DTM*472*20211210~
CAS*CO*45*152.44~
CAS*PR*2*4.88~
REF*6R*BROP0000860263-3~
AMT*B6*32.56~
SVC*HC>97110>GP*740*86.15*0420*4~
DTM*472*20211214~
CAS*CO*45*638.65~
CAS*PR*2*15.2~
REF*6R*BROP0000860263-4~
AMT*B6*101.35~
SVC*HC>97110>GP*740*86.15*0420*4~
DTM*472*20211221~
CAS*CO*45*638.65~
CAS*PR*2*15.2~
REF*6R*BROP0000860263-5~
AMT*B6*101.35~
SVC*HC>97110>GP*740*86.15*0420*4~
DTM*472*20211228~
CAS*CO*45*638.65~
CAS*PR*2*15.2~
REF*6R*BROP0000860263-6~
AMT*B6*101.35~
SVC*HC>97110>GP*555*64.62*0420*3~
DTM*472*20211231~
CAS*CO*45*478.98~
CAS*PR*2*11.4~
REF*6R*BROP0000860263-7~
AMT*B6*76.02~
SVC*HC>97140>GP*185*19.85*0420*1~
DTM*472*20211231~
CAS*CO*45*161.65~
CAS*PR*2*3.5~
REF*6R*BROP0000860263-8~
AMT*B6*23.35~
CLP*NAB1240257*1*175*0*175*13*EM36W0WY60000*13*3~
NM1*QC*1*BLOCKER*JADA~
NM1*IL*1*BLOCKER*JAMAL****MI*822019870~
NM1*74*1**JAMAAL****C*W184811237~
NM1*82*2*GENESIS REHABILITATION HOSPITAL, INC.*****XX*1912947748~
REF*1L*0326475-010-00118-AA~
REF*CE*Aetna Choice  POS II NET 00448~
DTM*232*20211208~
DTM*233*20211208~
DTM*050*20220115~
PER*CX**TE*8886323862~
AMT*AU*175~
SVC*HC>92507>GN*175*0*0440*0**1~
DTM*472*20211208~
CAS*PR*96*175*1~
REF*6R*BROP0000855010-1~
AMT*B6*94~
LQ*HE*N130~
CLP*NAB0980503*1*2775*0*408.98*13*ENFCWZJ9B0000*13*3~
NM1*QC*1*WILMOT*DEBORAH****MI*W243172122~
NM1*74*1**DEBBIE~
NM1*82*2*GENESIS REHABILITATION HOSPITAL, INC.*****XX*1912947748~
REF*1L*0776367-010-00704- E~
REF*CE*Aetna Choice  POS II NET 00448~
DTM*232*20211102~
DTM*233*20211116~
DTM*050*20220115~
PER*CX**TE*8886323862~
AMT*AU*2775~
SVC*HC>97110>GP*370*0*0420*2~
DTM*472*20211102~
CAS*CO*45*319.32~
CAS*PR*1*50.68~
REF*6R*BROP0000777847-1~
AMT*B6*50.68~
SVC*HC>97530>GP*185*0*0420*1~
DTM*472*20211102~
CAS*CO*45*152.44~
CAS*PR*1*32.56~
REF*6R*BROP0000777847-2~
AMT*B6*32.56~
SVC*HC>97110>GP*555*0*0420*3~
DTM*472*20211109~
CAS*CO*45*478.98~
CAS*PR*1*76.02~
REF*6R*BROP0000777847-3~
AMT*B6*76.02~
SVC*HC>97530>GP*185*0*0420*1~
DTM*472*20211109~
CAS*CO*45*152.44~
CAS*PR*1*32.56~
REF*6R*BROP0000777847-4~
AMT*B6*32.56~
SVC*HC>97110>GP*555*0*0420*3~
DTM*472*20211112~
CAS*CO*45*478.98~
CAS*PR*1*76.02~
REF*6R*BROP0000777847-5~
AMT*B6*76.02~
SVC*HC>97530>GP*185*0*0420*1~
DTM*472*20211112~
CAS*CO*45*152.44~
CAS*PR*1*32.56~
REF*6R*BROP0000777847-6~
AMT*B6*32.56~
SVC*HC>97110>GP*555*0*0420*3~
DTM*472*20211116~
CAS*CO*45*478.98~
CAS*PR*1*76.02~
REF*6R*BROP0000777847-7~
AMT*B6*76.02~
SVC*HC>97530>GP*185*0*0420*1~
DTM*472*20211116~
CAS*CO*45*152.44~
CAS*PR*1*32.56~
REF*6R*BROP0000777847-8~
AMT*B6*32.56~
CLP*NAB0944883*1*1480*196.84*49.22*12*ENPCW1CGW0000*13*3~
NM1*QC*1*HUGHES*STUART~
NM1*IL*1*HUGHES*TABATHA****MI*W256693369~
NM1*82*2*GENESIS REHABILITATION HOSPITAL, INC.*****XX*1912947748~
REF*1L*0144255-013-00001-CA~
REF*CE*Open Access Aetna Select  8480 NET 01564~
DTM*232*20211109~
DTM*233*20211115~
DTM*050*20220115~
PER*CX**TE*8886323862~
AMT*AU*1480~
SVC*HC>97110>GP*185*20.27*0420*1~
DTM*472*20211109~
CAS*CO*45*159.66~
CAS*PR*2*5.07~
REF*6R*BROP0000777864-1~
AMT*B6*25.34~
SVC*HC>97530>GP*555*78.15*0420*3~
DTM*472*20211109~
CAS*CO*45*457.31~
CAS*PR*2*19.54~
REF*6R*BROP0000777864-2~
AMT*B6*97.69~
SVC*HC>97110>GP*185*20.27*0420*1~
DTM*472*20211115~
CAS*CO*45*159.66~
CAS*PR*2*5.07~
REF*6R*BROP0000777864-3~
AMT*B6*25.34~
SVC*HC>97530>GP*555*78.15*0420*3~
DTM*472*20211115~
CAS*CO*45*457.31~
CAS*PR*2*19.54~
REF*6R*BROP0000777864-4~
AMT*B6*97.69~
CLP*NAB0983583*1*2220*238.5*59.61*13*ENY1WZM2S0000*13*3~
NM1*QC*1*WILLIAMS*NICOLE****MI*W248608856~
NM1*82*2*GENESIS REHABILITATION HOSPITAL, INC.*****XX*1912947748~
REF*1L*0724655-044-00001-RC~
REF*CE*Aexcel  Plus Aetna Choice  POS II NET 00448~
DTM*232*20211109~
DTM*233*20211119~
DTM*050*20220115~
PER*CX**TE*8886323862~
AMT*AU*2220~
SVC*HC>97110>GP*555*60.82*0420*3~
DTM*472*20211109~
CAS*CO*45*478.98~
CAS*PR*2*15.2~
REF*6R*BROP0000777898-1~
AMT*B6*76.02~
SVC*HC>97140>GP*185*18.68*0420*1~
DTM*472*20211109~
CAS*CO*45*161.65~
CAS*PR*2*4.67~
REF*6R*BROP0000777898-2~
AMT*B6*23.35~
SVC*HC>97110>GP*555*60.82*0420*3~
DTM*472*20211116~
CAS*CO*45*478.98~
CAS*PR*2*15.2~
REF*6R*BROP0000777898-3~
AMT*B6*76.02~
SVC*HC>97140>GP*185*18.68*0420*1~
DTM*472*20211116~
CAS*CO*45*161.65~
CAS*PR*2*4.67~
REF*6R*BROP0000777898-4~
AMT*B6*23.35~
SVC*HC>97110>GP*555*60.82*0420*3~
DTM*472*20211119~
CAS*CO*45*478.98~
CAS*PR*2*15.2~
REF*6R*BROP0000777898-5~
AMT*B6*76.02~
SVC*HC>97140>GP*185*18.68*0420*1~
DTM*472*20211119~
CAS*CO*45*161.65~
CAS*PR*2*4.67~
REF*6R*BROP0000777898-6~
AMT*B6*23.35~
CLP*NAB0985081*1*2220*0*298.11*13*EPACW1GY90000*13*3~
NM1*QC*1*LAWRENCE*BRIDGET****MI*W140218476~
NM1*74*1*LAWRENCEII*LEWIS~
NM1*82*2*GENESIS REHABILITATION HOSPITAL, INC.*****XX*1912947748~
REF*1L*0868870-013-00010-HD~
REF*CE*Aetna Choice  POS II NET 00448~
DTM*232*20211110~
DTM*233*20211129~
DTM*050*20220115~
PER*CX**TE*8886323862~
AMT*AU*2220~
SVC*HC>97110>GP*555*0*0420*3~
DTM*472*20211110~
CAS*CO*45*478.98~
CAS*PR*1*76.02~
REF*6R*BROP0000777914-1~
AMT*B6*76.02~
SVC*HC>97140>GP*185*0*0420*1~
DTM*472*20211110~
CAS*CO*45*161.65~
CAS*PR*1*23.35~
REF*6R*BROP0000777914-2~
AMT*B6*23.35~
SVC*HC>97110>GP*555*0*0420*3~
DTM*472*20211119~
CAS*CO*45*478.98~
CAS*PR*1*76.02~
REF*6R*BROP0000777914-3~
AMT*B6*76.02~
SVC*HC>97140>GP*185*0*0420*1~
DTM*472*20211119~
CAS*CO*45*161.65~
CAS*PR*1*23.35~
REF*6R*BROP0000777914-4~
AMT*B6*23.35~
SVC*HC>97110>GP*555*0*0420*3~
DTM*472*20211129~
CAS*CO*45*478.98~
CAS*PR*1*76.02~
REF*6R*BROP0000777914-5~
AMT*B6*76.02~
SVC*HC>97140>GP*185*0*0420*1~
DTM*472*20211129~
CAS*CO*45*161.65~
CAS*PR*1*23.35~
REF*6R*BROP0000777914-6~
AMT*B6*23.35~
CLP*NAB0990485*1*2890*819.46*242.83*13*EPFCW1SQW0000*13*3~
NM1*QC*1*ALMEIDA*DANIEL*R~
NM1*IL*1*RUSSO*VANESSA****MI*W267811677~
NM1*74*1*STECKO RUSSO~
NM1*82*2*GENESIS REHABILITATION HOSPITAL, INC.*****XX*1912947748~
REF*1L*0868870-010-00010-AC~
REF*CE*Aetna Choice  POS II NET 00448~
DTM*232*20211103~
DTM*233*20211130~
DTM*050*20220115~
PER*CX**TE*8886323862~
AMT*AU*2890~
SVC*HC>97530>59>GO*185*26.05*0430*1*HC>97530>GO>59~
DTM*472*20211105~
CAS*CO*45*152.44~
CAS*PR*2*6.51~
REF*6R*BROP0000778001-1~
REF*HPI*1508322876~
AMT*B6*32.56~
SVC*HC>97530>GO*370*52.1*0430*2~
DTM*472*20211108~
CAS*CO*45*304.87~
CAS*PR*2*13.03~
REF*6R*BROP0000778001-2~
REF*HPI*1508322876~
AMT*B6*65.13~
SVC*HC>97530>GO*370*52.1*0430*2~
DTM*472*20211115~
CAS*CO*45*304.87~
CAS*PR*2*13.03~
REF*6R*BROP0000778001-3~
REF*HPI*1508322876~
AMT*B6*65.13~
SVC*HC>97530>GO*370*52.1*0430*2~
DTM*472*20211129~
CAS*CO*45*304.87~
CAS*PR*2*13.03~
REF*6R*BROP0000778001-4~
REF*HPI*1508322876~
AMT*B6*65.13~
SVC*HC>97167>GO*195*65.87*0434*1~
DTM*472*20211105~
CAS*CO*45*112.66~
CAS*PR*2*16.47~
REF*6R*BROP0000778001-5~
REF*HPI*1508322876~
AMT*B6*82.34~
SVC*HC>92507>GN*175*44.84*0440*1~
DTM*472*20211103~
CAS*CO*45*81~
CAS*PR*1*37.95**2*11.21~
REF*6R*BROP0000778001-6~
AMT*B6*94~
SVC*HC>92507>GN*175*75.2*0440*1~
DTM*472*20211105~
CAS*CO*45*81~
CAS*PR*2*18.8~
REF*6R*BROP0000778001-7~
AMT*B6*94~
SVC*HC>92507>GN*175*75.2*0440*1~
DTM*472*20211109~
CAS*CO*45*81~
CAS*PR*2*18.8~
REF*6R*BROP0000778001-8~
AMT*B6*94~
SVC*HC>92507>GN*175*75.2*0440*1~
DTM*472*20211111~
CAS*CO*45*81~
CAS*PR*2*18.8~
REF*6R*BROP0000778001-9~
AMT*B6*94~
SVC*HC>92507>GN*175*75.2*0440*1~
DTM*472*20211116~
CAS*CO*45*81~
CAS*PR*2*18.8~
REF*6R*BROP0000778001-10~
AMT*B6*94~
SVC*HC>92507>GN*175*75.2*0440*1~
DTM*472*20211119~
CAS*CO*45*81~
CAS*PR*2*18.8~
REF*6R*BROP0000778001-11~
AMT*B6*94~
SVC*HC>92507>GN*175*75.2*0440*1~
DTM*472*20211123~
CAS*CO*45*81~
CAS*PR*2*18.8~
REF*6R*BROP0000778001-12~
AMT*B6*94~
SVC*HC>92507>GN*175*75.2*0440*1~
DTM*472*20211130~
CAS*CO*45*81~
CAS*PR*2*18.8~
REF*6R*BROP0000778001-13~
AMT*B6*94~
CLP*NAB0987229*1*5920*938.4**13*EPY1W1GT60000*13*3~
NM1*QC*1*BREEDEN*MICHAEL****MI*W235369231~
NM1*74*1**RENEE~
NM1*82*2*GENESIS REHABILITATION HOSPITAL, INC.*****XX*1912947748~
REF*1L*0811255-020-00006- F~
REF*CE*Aetna Choice  POS II NET 00448~
DTM*232*20211101~
DTM*233*20211124~
DTM*050*20220115~
PER*CX**TE*8886323862~
AMT*AU*5920~
SVC*HC>97112>GP*740*117.3*0420*4~
DTM*472*20211101~
CAS*CO*45*622.7~
REF*6R*BROP0000778183-1~
AMT*B6*117.3~
SVC*HC>97112>GP*740*117.3*0420*4~
DTM*472*20211105~
CAS*CO*45*622.7~
REF*6R*BROP0000778183-2~
AMT*B6*117.3~
SVC*HC>97112>GP*740*117.3*0420*4~
DTM*472*20211109~
CAS*CO*45*622.7~
REF*6R*BROP0000778183-3~
AMT*B6*117.3~
SVC*HC>97112>GP*740*117.3*0420*4~
DTM*472*20211112~
CAS*CO*45*622.7~
REF*6R*BROP0000778183-4~
AMT*B6*117.3~
SVC*HC>97112>GP*740*117.3*0420*4~
DTM*472*20211116~
CAS*CO*45*622.7~
REF*6R*BROP0000778183-5~
AMT*B6*117.3~
SVC*HC>97112>GP*740*117.3*0420*4~
DTM*472*20211119~
CAS*CO*45*622.7~
REF*6R*BROP0000778183-6~
AMT*B6*117.3~
SVC*HC>97112>GP*740*117.3*0420*4~
DTM*472*20211122~
CAS*CO*45*622.7~
REF*6R*BROP0000778183-7~
AMT*B6*117.3~
SVC*HC>97112>GP*740*117.3*0420*4~
DTM*472*20211124~
CAS*CO*45*622.7~
REF*6R*BROP0000778183-8~
AMT*B6*117.3~
CLP*NAB1269931*1*1490*281.91**13*EQACWW3G20000*13*2~
NM1*QC*1*GAGNON*AMY****MI*W248402744~
NM1*82*2*GENESIS REHABILITATION HOSPITAL, INC.*****XX*1912947748~
REF*1L*0724655-044-00001-RB~
REF*CE*Aexcel  Plus Aetna Choice  POS II NET 00448~
DTM*232*20211214~
DTM*233*20211216~
DTM*050*20220106~
PER*CX**TE*8886323862~
AMT*AU*1490~
SVC*HC>97110>GP*185*25.34*0420*1~
DTM*472*20211214~
CAS*CO*45*159.66~
REF*6R*BROP0000860167-1~
AMT*B6*25.34~
SVC*HC>97530>59>GP*370*65.13*0420*2*HC>97530>GP>59~
DTM*472*20211214~
CAS*CO*45*304.87~
REF*6R*BROP0000860167-2~
AMT*B6*65.13~
SVC*HC>97110>GP*370*50.68*0420*2~
DTM*472*20211216~
CAS*CO*45*319.32~
REF*6R*BROP0000860167-3~
AMT*B6*50.68~
SVC*HC>97140>GP*185*23.35*0420*1~
DTM*472*20211216~
CAS*CO*45*161.65~
REF*6R*BROP0000860167-4~
AMT*B6*23.35~
SVC*HC>97530>59>GP*185*32.56*0420*1*HC>97530>GP>59~
DTM*472*20211216~
CAS*CO*45*152.44~
REF*6R*BROP0000860167-5~
AMT*B6*32.56~
SVC*HC>97161>GP*195*84.85*0424*1~
DTM*472*20211214~
CAS*CO*45*110.15~
REF*6R*BROP0000860167-6~
AMT*B6*84.85~
CLP*NAB1270437*1*2230*258.02*120*12*ERFCWT3QG0000*13*2~
NM1*QC*1*HARRIS*MARY~
NM1*IL*1*HARRIS*MATTHEW****MI*W239746161~
NM1*82*2*GENESIS REHABILITATION HOSPITAL, INC.*****XX*1912947748~
REF*1L*0326415-010-00005- B~
REF*CE*Open Access Aetna Select  8480 NET 01564~
DTM*232*20211206~
DTM*233*20211227~
DTM*050*20220104~
PER*CX**TE*8886323862~
AMT*AU*2230~
SVC*HC>97110>GP*185*25.34*0420*1~
DTM*472*20211206~
CAS*CO*45*159.66~
REF*6R*BROP0000854558-1~
AMT*B6*25.34~
SVC*HC>97530>GP*370*65.13*0420*2~
DTM*472*20211206~
CAS*CO*45*304.87~
REF*6R*BROP0000854558-2~
AMT*B6*65.13~
SVC*HC>97110>GP*740*61.35*0420*4~
DTM*472*20211221~
CAS*CO*45*638.65~
CAS*PR*3*40~
REF*6R*BROP0000854558-3~
AMT*B6*101.35~
SVC*HC>97110>GP*740*61.35*0420*4~
DTM*472*20211227~
CAS*CO*45*638.65~
CAS*PR*3*40~
REF*6R*BROP0000854558-4~
REF*HPI*1023127826~
AMT*B6*101.35~
SVC*HC>97161>GP*195*44.85*0424*1~
DTM*472*20211206~
CAS*CO*45*110.15~
CAS*PR*3*40~
REF*6R*BROP0000854558-5~
AMT*B6*84.85~
CLP*NAB0940701*1*1480*0*254.38*13*ERFCW1S2Q0000*13*3~
NM1*QC*1*LOMBARDI*NICOLE*M~
NM1*IL*1*HARKER*AARON****MI*W461707628~
NM1*82*2*GENESIS REHABILITATION HOSPITAL, INC.*****XX*1912947748~
REF*1L*0283907-010-00001- B~
REF*CE*Aetna Choice  POS II NET 00448~
DTM*232*20211104~
DTM*233*20211118~
DTM*050*20220115~
PER*CX**TE*8886323862~
AMT*AU*1480~
SVC*HC>97113>GP*740*0*0420*0**4~
DTM*472*20211104~
CAS*CO*45*612.81*4~
CAS*PR*119*127.19*4~
REF*6R*BROP0000778500-1~
AMT*B6*127.19~
LQ*HE*N130~
SVC*HC>97113>GP*740*0*0420*0**4~
DTM*472*20211118~
CAS*CO*45*612.81*4~
CAS*PR*119*127.19*4~
REF*6R*BROP0000778500-2~
AMT*B6*127.19~
LQ*HE*N130~
CLP*NAB0977593*1*175*0*175*13*ERNRWZKFG0000*13*3~
NM1*QC*1*LOMBARDI*NICOLE*M~
NM1*IL*1*HARKER*AARON****MI*W461707628~
NM1*82*2*GENESIS REHABILITATION HOSPITAL, INC.*****XX*1912947748~
REF*1L*0283907-010-00001- B~
REF*CE*Aetna Choice  POS II NET 00448~
DTM*232*20211119~
DTM*233*20211119~
DTM*050*20220115~
PER*CX**TE*8886323862~
AMT*AU*175~
SVC*HC>92507>GN*175*0*0440*0**1~
DTM*472*20211119~
CAS*PR*96*175*1~
REF*6R*BROP0000778501-1~
AMT*B6*94~
LQ*HE*N130~
CLP*NAB1224829*1*195*64.37*20.48*12*ERWZWQ7XR0000*13*2~
NM1*QC*1*LAUNER*DAVID*P~
NM1*IL*1*LAUNER*PATRICIA****MI*W239756497~
NM1*82*2*GENESIS REHABILITATION HOSPITAL, INC.*****XX*1912947748~
REF*1L*0326415-010-00044- B~
REF*CE*Open Access Aetna Select  8480 NET 01564~
DTM*232*20211206~
DTM*233*20211206~
DTM*050*20220104~
PER*CX**TE*8886323862~
AMT*AU*195~
SVC*HC>97162>GP*195*64.37*0424*1~
DTM*472*20211206~
CAS*CO*45*110.15~
CAS*PR*3*20.48~
REF*6R*BROP0000854643-1~
AMT*B6*84.85~
CLP*NAB0365813*1*4245*600.12**13*ERWZWXWRG0000*13*2~
NM1*QC*1*MATHEWS*MICHAEL****MI*W461738002~
NM1*82*2*GENESIS REHABILITATION HOSPITAL, INC.*****XX*1912947748~
REF*1L*0469807-022-00101-CA~
REF*CE*Aetna HealthFund  Aetna Choice  POS II NET 00448~
DTM*232*20210812~
DTM*233*20210830~
DTM*050*20220113~
PER*CX**TE*8886323862~
AMT*AU*4245~
SVC*HC>97110>GP*185*25.34*0420*1~
DTM*472*20210812~
CAS*CO*45*159.66~
REF*6R*BROP0000609889-1~
AMT*B6*25.34~
SVC*HC>97535>GP*165*28.13*0420*1~
DTM*472*20210812~
CAS*CO*45*136.87~
REF*6R*BROP0000609889-2~
AMT*B6*28.13~
SVC*HC>97110>GP*370*50.68*0420*2~
DTM*472*20210816~
CAS*CO*45*319.32~
REF*6R*BROP0000609889-3~
REF*HPI*1023127826~
AMT*B6*50.68~
SVC*HC>97112>GP*370*58.65*0420*2~
DTM*472*20210816~
CAS*CO*45*311.35~
REF*6R*BROP0000609889-4~
REF*HPI*1023127826~
AMT*B6*58.65~
SVC*HC>97110>GP*370*50.68*0420*2~
DTM*472*20210818~
CAS*CO*45*319.32~
REF*6R*BROP0000609889-5~
REF*HPI*1023127826~
AMT*B6*50.68~
SVC*HC>97112>GP*370*58.65*0420*2~
DTM*472*20210818~
CAS*CO*45*311.35~
REF*6R*BROP0000609889-6~
REF*HPI*1023127826~
AMT*B6*58.65~
SVC*HC>97110>GP*370*50.68*0420*2~
DTM*472*20210823~
CAS*CO*45*319.32~
REF*6R*BROP0000609889-7~
AMT*B6*50.68~
SVC*HC>97112>GP*370*58.65*0420*2~
DTM*472*20210823~
CAS*CO*45*311.35~
REF*6R*BROP0000609889-8~
AMT*B6*58.65~
SVC*HC>97110>GP*370*50.68*0420*2~
DTM*472*20210826~
CAS*CO*45*319.32~
REF*6R*BROP0000609889-9~
REF*HPI*1023127826~
AMT*B6*50.68~
SVC*HC>97112>GP*370*58.65*0420*2~
DTM*472*20210826~
CAS*CO*45*311.35~
REF*6R*BROP0000609889-10~
REF*HPI*1023127826~
AMT*B6*58.65~
SVC*HC>97110>GP*370*50.68*0420*2~
DTM*472*20210830~
CAS*CO*45*319.32~
REF*6R*BROP0000609889-11~
AMT*B6*50.68~
SVC*HC>97112>GP*370*58.65*0420*2~
DTM*472*20210830~
CAS*CO*45*311.35~
REF*6R*BROP0000609889-12~
AMT*B6*58.65~
SVC*HC>97162>GP*195*0*0424*0**1~
DTM*472*20210812~
CAS*CO*151*195*1~
REF*6R*BROP0000609889-13~
AMT*B6*84.85~
LQ*HE*N362~
CLP*NAB0933479*1*2960*426.36**12*ERWZWYX830000*13*3~
NM1*QC*1*JONES*JODY*E***MI*W256372773~
NM1*82*2*GENESIS REHABILITATION HOSPITAL, INC.*****XX*1912947748~
REF*1L*0144892-010-00702- C~
REF*CE*Open Access Aetna Select  8480 NET 01564~
DTM*232*20211103~
DTM*233*20211130~
DTM*050*20220115~
PER*CX**TE*8886323862~
AMT*AU*2960~
SVC*HC>97110>GP*370*50.68*0420*2~
DTM*472*20211103~
CAS*CO*45*319.32~
REF*6R*BROP0000778577-1~
AMT*B6*50.68~
SVC*HC>97140>GP*185*23.35*0420*1~
DTM*472*20211103~
CAS*CO*45*161.65~
REF*6R*BROP0000778577-2~
AMT*B6*23.35~
SVC*HC>97530>59>GP*185*32.56*0420*1*HC>97530>GP>59~
DTM*472*20211103~
CAS*CO*45*152.44~
REF*6R*BROP0000778577-3~
AMT*B6*32.56~
SVC*HC>97110>GP*370*50.68*0420*2~
DTM*472*20211104~
CAS*CO*45*319.32~
REF*6R*BROP0000778577-4~
AMT*B6*50.68~
SVC*HC>97140>GP*185*23.35*0420*1~
DTM*472*20211104~
CAS*CO*45*161.65~
REF*6R*BROP0000778577-5~
AMT*B6*23.35~
SVC*HC>97530>59>GP*185*32.56*0420*1*HC>97530>GP>59~
DTM*472*20211104~
CAS*CO*45*152.44~
REF*6R*BROP0000778577-6~
AMT*B6*32.56~
SVC*HC>97110>GP*370*50.68*0420*2~
DTM*472*20211119~
CAS*CO*45*319.32~
REF*6R*BROP0000778577-7~
AMT*B6*50.68~
SVC*HC>97140>GP*185*23.35*0420*1~
DTM*472*20211119~
CAS*CO*45*161.65~
REF*6R*BROP0000778577-8~
AMT*B6*23.35~
SVC*HC>97530>59>GP*185*32.56*0420*1*HC>97530>GP>59~
DTM*472*20211119~
CAS*CO*45*152.44~
REF*6R*BROP0000778577-9~
AMT*B6*32.56~
SVC*HC>97110>GP*370*50.68*0420*2~
DTM*472*20211130~
CAS*CO*45*319.32~
REF*6R*BROP0000778577-10~
AMT*B6*50.68~
SVC*HC>97140>GP*185*23.35*0420*1~
DTM*472*20211130~
CAS*CO*45*161.65~
REF*6R*BROP0000778577-11~
AMT*B6*23.35~
SVC*HC>97530>59>GP*185*32.56*0420*1*HC>97530>GP>59~
DTM*472*20211130~
CAS*CO*45*152.44~
REF*6R*BROP0000778577-12~
AMT*B6*32.56~
CLP*NAB0973787*1*4440*598.2**12*ER58W1T190000*13*3~
NM1*QC*1*QUILLEN*WILLIAM****MI*W235778881~
NM1*82*2*GENESIS REHABILITATION HOSPITAL, INC.*****XX*1912947748~
REF*1L*0288642-010-00748-BE~
REF*CE*Aetna HealthFund  Open Access Aetna Sele NET 01564~
DTM*232*20211102~
DTM*233*20211122~
DTM*050*20220115~
PER*CX**TE*8886323862~
AMT*AU*4440~
SVC*HC>97110>GP*555*76.02*0420*3~
DTM*472*20211102~
CAS*CO*45*478.98~
REF*6R*BROP0000778483-1~
AMT*B6*76.02~
SVC*HC>97140>GP*185*23.35*0420*1~
DTM*472*20211102~
CAS*CO*45*161.65~
REF*6R*BROP0000778483-2~
AMT*B6*23.35~
SVC*HC>97110>GP*555*76.02*0420*3~
DTM*472*20211104~
CAS*CO*45*478.98~
REF*6R*BROP0000778483-3~
AMT*B6*76.02~
SVC*HC>97140>GP*185*23.35*0420*1~
DTM*472*20211104~
CAS*CO*45*161.65~
REF*6R*BROP0000778483-4~
AMT*B6*23.35~
SVC*HC>97110>GP*555*76.02*0420*3~
DTM*472*20211109~
CAS*CO*45*478.98~
REF*6R*BROP0000778483-5~
AMT*B6*76.02~
SVC*HC>97140>GP*185*23.35*0420*1~
DTM*472*20211109~
CAS*CO*45*161.65~
REF*6R*BROP0000778483-6~
AMT*B6*23.35~
SVC*HC>97110>GP*555*76.02*0420*3~
DTM*472*20211116~
CAS*CO*45*478.98~
REF*6R*BROP0000778483-7~
AMT*B6*76.02~
SVC*HC>97140>GP*185*23.35*0420*1~
DTM*472*20211116~
CAS*CO*45*161.65~
REF*6R*BROP0000778483-8~
AMT*B6*23.35~
SVC*HC>97110>GP*555*76.02*0420*3~
DTM*472*20211118~
CAS*CO*45*478.98~
REF*6R*BROP0000778483-9~
AMT*B6*76.02~
SVC*HC>97140>GP*185*23.35*0420*1~
DTM*472*20211118~
CAS*CO*45*161.65~
REF*6R*BROP0000778483-10~
AMT*B6*23.35~
SVC*HC>97110>GP*740*101.35*0420*4~
DTM*472*20211122~
CAS*CO*45*638.65~
REF*6R*BROP0000778483-11~
AMT*B6*101.35~
CLP*NAB0398997*1*6660*983.97**13*ESFCVNFJZ0000*13*3~
NM1*QC*1*MATHEWS*MICHAEL****MI*W461738002~
NM1*82*2*GENESIS REHABILITATION HOSPITAL, INC.*****XX*1912947748~
REF*1L*0469807-022-00101-CA~
REF*CE*Aetna HealthFund  Aetna Choice  POS II NET 00448~
DTM*232*20210901~
DTM*233*20210929~
DTM*050*20220113~
PER*CX**TE*8886323862~
AMT*AU*6660~
SVC*HC>97110>GP*370*50.68*0420*2~
DTM*472*20210901~
CAS*CO*45*319.32~
REF*6R*BROP0000628979-1~
AMT*B6*50.68~
SVC*HC>97112>GP*370*58.65*0420*2~
DTM*472*20210901~
CAS*CO*45*311.35~
REF*6R*BROP0000628979-2~
AMT*B6*58.65~
SVC*HC>97110>GP*370*50.68*0420*2~
DTM*472*20210908~
CAS*CO*45*319.32~
REF*6R*BROP0000628979-3~
AMT*B6*50.68~
SVC*HC>97112>GP*370*58.65*0420*2~
DTM*472*20210908~
CAS*CO*45*311.35~
REF*6R*BROP0000628979-4~
AMT*B6*58.65~
SVC*HC>97110>GP*370*50.68*0420*2~
DTM*472*20210910~
CAS*CO*45*319.32~
REF*6R*BROP0000628979-5~
AMT*B6*50.68~
SVC*HC>97112>GP*370*58.65*0420*2~
DTM*472*20210910~
CAS*CO*45*311.35~
REF*6R*BROP0000628979-6~
AMT*B6*58.65~
SVC*HC>97110>GP*370*50.68*0420*2~
DTM*472*20210913~
CAS*CO*45*319.32~
REF*6R*BROP0000628979-7~
AMT*B6*50.68~
SVC*HC>97112>GP*370*58.65*0420*2~
DTM*472*20210913~
CAS*CO*45*311.35~
REF*6R*BROP0000628979-8~
AMT*B6*58.65~
SVC*HC>97110>GP*370*50.68*0420*2~
DTM*472*20210915~
CAS*CO*45*319.32~
REF*6R*BROP0000628979-9~
AMT*B6*50.68~
SVC*HC>97112>GP*370*58.65*0420*2~
DTM*472*20210915~
CAS*CO*45*311.35~
REF*6R*BROP0000628979-10~
AMT*B6*58.65~
SVC*HC>97110>GP*370*50.68*0420*2~
DTM*472*20210920~
CAS*CO*45*319.32~
REF*6R*BROP0000628979-11~
AMT*B6*50.68~
SVC*HC>97112>GP*370*58.65*0420*2~
DTM*472*20210920~
CAS*CO*45*311.35~
REF*6R*BROP0000628979-12~
AMT*B6*58.65~
SVC*HC>97110>GP*370*50.68*0420*2~
DTM*472*20210922~
CAS*CO*45*319.32~
REF*6R*BROP0000628979-13~
AMT*B6*50.68~
SVC*HC>97112>GP*370*58.65*0420*2~
DTM*472*20210922~
CAS*CO*45*311.35~
REF*6R*BROP0000628979-14~
AMT*B6*58.65~
SVC*HC>97110>GP*370*50.68*0420*2~
DTM*472*20210927~
CAS*CO*45*319.32~
REF*6R*BROP0000628979-15~
AMT*B6*50.68~
SVC*HC>97112>GP*370*58.65*0420*2~
DTM*472*20210927~
CAS*CO*45*311.35~
REF*6R*BROP0000628979-16~
AMT*B6*58.65~
SVC*HC>97110>GP*370*50.68*0420*2~
DTM*472*20210929~
CAS*CO*45*319.32~
REF*6R*BROP0000628979-17~
AMT*B6*50.68~
SVC*HC>97112>GP*370*58.65*0420*2~
DTM*472*20210929~
CAS*CO*45*311.35~
REF*6R*BROP0000628979-18~
AMT*B6*58.65~
CLP*NAB0651581*1*2220*345.67**13*ESPCVLZBH0000*13*3~
NM1*QC*1*MATHEWS*MICHAEL****MI*W461738002~
NM1*82*2*GENESIS REHABILITATION HOSPITAL, INC.*****XX*1912947748~
REF*1L*0469807-022-00101-CA~
REF*CE*Aetna HealthFund  Aetna Choice  POS II NET 00448~
DTM*232*20211004~
DTM*233*20211028~
DTM*050*20220113~
PER*CX**TE*8886323862~
AMT*AU*2220~
SVC*HC>97110>GP*185*25.34*0420*1~
DTM*472*20211004~
CAS*CO*45*159.66~
REF*6R*BROP0000714675-1~
AMT*B6*25.34~
SVC*HC>97112>GP*370*58.65*0420*2~
DTM*472*20211004~
CAS*CO*45*311.35~
REF*6R*BROP0000714675-2~
AMT*B6*58.65~
SVC*HC>97530>GP*185*32.56*0420*1~
DTM*472*20211004~
CAS*CO*45*152.44~
REF*6R*BROP0000714675-3~
AMT*B6*32.56~
SVC*HC>97110>GP*185*25.34*0420*1~
DTM*472*20211006~
CAS*CO*45*159.66~
REF*6R*BROP0000714675-4~
REF*HPI*1063555969~
AMT*B6*25.34~
SVC*HC>97112>GP*370*58.65*0420*2~
DTM*472*20211006~
CAS*CO*45*311.35~
REF*6R*BROP0000714675-5~
REF*HPI*1063555969~
AMT*B6*58.65~
SVC*HC>97530>GP*185*32.56*0420*1~
DTM*472*20211006~
CAS*CO*45*152.44~
REF*6R*BROP0000714675-6~
REF*HPI*1063555969~
AMT*B6*32.56~
SVC*HC>97110>GP*370*50.68*0420*2~
DTM*472*20211028~
CAS*CO*45*319.32~
REF*6R*BROP0000714675-7~
REF*HPI*1417431131~
AMT*B6*50.68~
SVC*HC>97112>GP*185*29.33*0420*1~
DTM*472*20211028~
CAS*CO*45*155.67~
REF*6R*BROP0000714675-8~
REF*HPI*1417431131~
AMT*B6*29.33~
SVC*HC>97530>GP*185*32.56*0420*1~
DTM*472*20211028~
CAS*CO*45*152.44~
REF*6R*BROP0000714675-9~
REF*HPI*1417431131~
AMT*B6*32.56~
CLP*NAB1234653*1*565*50.68**13*ESPCVMZ8Y0000*13*2~
NM1*QC*1*GARCIA TORRES*MARGARITA****MI*W253761303~
NM1*82*2*GENESIS REHABILITATION HOSPITAL, INC.*****XX*1912947748~
REF*1L*0283909-014-00001- F~
REF*CE*Aetna HealthFund  Aetna Choice  POS II NET 00448~
DTM*232*20211229~
DTM*233*20211229~
DTM*050*20220115~
PER*CX**TE*8886323862~
AMT*AU*565~
SVC*HC>97110>GP*370*50.68*0420*2~
DTM*472*20211229~
CAS*CO*45*319.32~
REF*6R*BROP0000865808-1~
AMT*B6*50.68~
SVC*HC>97162>GP*195*0*0424*0**1~
DTM*472*20211229~
CAS*CO*151*195*1~
REF*6R*BROP0000865808-2~
AMT*B6*84.85~
LQ*HE*N362~
CLP*NAB0934939*1*2220*337.71**13*ESY1VNB1R0000*13*3~
NM1*QC*1*MATHEWS*MICHAEL****MI*W461738002~
NM1*82*2*GENESIS REHABILITATION HOSPITAL, INC.*****XX*1912947748~
REF*1L*0469807-022-00101-CA~
REF*CE*Aetna HealthFund  Aetna Choice  POS II NET 00448~
DTM*232*20211103~
DTM*233*20211111~
DTM*050*20220113~
PER*CX**TE*8886323862~
AMT*AU*2220~
SVC*HC>97110>GP*370*50.68*0420*2~
DTM*472*20211103~
CAS*CO*45*319.32~
REF*6R*BROP0000777704-1~
AMT*B6*50.68~
SVC*HC>97112>GP*185*29.33*0420*1~
DTM*472*20211103~
CAS*CO*45*155.67~
REF*6R*BROP0000777704-2~
AMT*B6*29.33~
SVC*HC>97530>GP*185*32.56*0420*1~
DTM*472*20211103~
CAS*CO*45*152.44~
REF*6R*BROP0000777704-3~
AMT*B6*32.56~
SVC*HC>97110>GP*370*50.68*0420*2~
DTM*472*20211109~
CAS*CO*45*319.32~
REF*6R*BROP0000777704-4~
AMT*B6*50.68~
SVC*HC>97112>GP*185*29.33*0420*1~
DTM*472*20211109~
CAS*CO*45*155.67~
REF*6R*BROP0000777704-5~
AMT*B6*29.33~
SVC*HC>97530>GP*185*32.56*0420*1~
DTM*472*20211109~
CAS*CO*45*152.44~
REF*6R*BROP0000777704-6~
AMT*B6*32.56~
SVC*HC>97110>GP*370*50.68*0420*2~
DTM*472*20211111~
CAS*CO*45*319.32~
REF*6R*BROP0000777704-7~
AMT*B6*50.68~
SVC*HC>97112>GP*185*29.33*0420*1~
DTM*472*20211111~
CAS*CO*45*155.67~
REF*6R*BROP0000777704-8~
AMT*B6*29.33~
SVC*HC>97530>GP*185*32.56*0420*1~
DTM*472*20211111~
CAS*CO*45*152.44~
REF*6R*BROP0000777704-9~
AMT*B6*32.56~
CLP*NAB1317897*1*555*207*69*13*ESY1VPCZ50000*13*2~
NM1*QC*1*JOANIS*MAYLIN~
NM1*IL*1*JOANIS*RENALDO****MI*13048881W~
NM1*74*1******C*W196872805~
NM1*82*2*GENESIS REHABILITATION HOSPITAL, INC.*****XX*1912947748~
REF*1L*0895530-010-00304-KD~
REF*CE*Aetna HealthFund  Aetna Choice  POS II NET 00448~
DTM*232*20211231~
DTM*233*20211231~
DTM*050*20220115~
PER*CX**TE*8886323862~
AMT*AU*555~
SVC*HC>92507>GN*175*70.5*0440*1~
DTM*472*20211231~
CAS*CO*45*81~
CAS*PR*2*23.5~
REF*6R*BROP0000871628-1~
AMT*B6*94~
SVC*HC>92523>GN*380*136.5*0444*1~
DTM*472*20211231~
CAS*CO*45*198~
CAS*PR*2*45.5~
REF*6R*BROP0000871628-2~
AMT*B6*182~
CLP*NAB0943993*1*8140*1394.16**13*ETJMVQZ8R0000*13*3~
NM1*QC*1*AMATO*AUSTIN~
NM1*IL*1*AMATO*PHILIP*L***MI*W257314510~
NM1*82*2*GENESIS REHABILITATION HOSPITAL, INC.*****XX*1912947748~
REF*1L*0141889-011-00002-CD~
REF*CE*Aetna Choice  POS II NET 00448~
DTM*232*20211101~
DTM*233*20211124~
DTM*050*20220115~
PER*CX**TE*8886323862~
AMT*AU*8140~
SVC*HC>97112>GP*185*29.33*0420*1~
DTM*472*20211101~
CAS*CO*45*155.67~
REF*6R*BROP0000778813-1~
AMT*B6*29.33~
SVC*HC>97530>GP*555*97.69*0420*3~
DTM*472*20211101~
CAS*CO*45*457.31~
REF*6R*BROP0000778813-2~
AMT*B6*97.69~
SVC*HC>97530>GP*740*130.25*0420*4~
DTM*472*20211103~
CAS*CO*45*609.75~
REF*6R*BROP0000778813-3~
REF*HPI*1992175202~
AMT*B6*130.25~
SVC*HC>97110>GP*185*25.34*0420*1~
DTM*472*20211105~
CAS*CO*45*159.66~
REF*6R*BROP0000778813-4~
AMT*B6*25.34~
SVC*HC>97530>GP*555*97.69*0420*3~
DTM*472*20211105~
CAS*CO*45*457.31~
REF*6R*BROP0000778813-5~
AMT*B6*97.69~
SVC*HC>97530>GP*740*130.25*0420*4~
DTM*472*20211108~
CAS*CO*45*609.75~
REF*6R*BROP0000778813-6~
REF*HPI*1669587226~
AMT*B6*130.25~
SVC*HC>97530>GP*740*130.25*0420*4~
DTM*472*20211110~
CAS*CO*45*609.75~
REF*6R*BROP0000778813-7~
REF*HPI*1669587226~
AMT*B6*130.25~
SVC*HC>97530>GP*740*130.25*0420*4~
DTM*472*20211112~
CAS*CO*45*609.75~
REF*6R*BROP0000778813-8~
AMT*B6*130.25~
SVC*HC>97530>GP*740*130.25*0420*4~
DTM*472*20211117~
CAS*CO*45*609.75~
REF*6R*BROP0000778813-9~
REF*HPI*1669587226~
AMT*B6*130.25~
SVC*HC>97110>GP*185*25.34*0420*1~
DTM*472*20211119~
CAS*CO*45*159.66~
REF*6R*BROP0000778813-10~
AMT*B6*25.34~
SVC*HC>97530>GP*555*97.69*0420*3~
DTM*472*20211119~
CAS*CO*45*457.31~
REF*6R*BROP0000778813-11~
AMT*B6*97.69~
SVC*HC>97530>GP*740*130.25*0420*4~
DTM*472*20211122~
CAS*CO*45*609.75~
REF*6R*BROP0000778813-12~
AMT*B6*130.25~
SVC*HC>97110>GP*185*25.34*0420*1~
DTM*472*20211123~
CAS*CO*45*159.66~
REF*6R*BROP0000778813-13~
REF*HPI*1992175202~
AMT*B6*25.34~
SVC*HC>97530>GP*555*97.69*0420*3~
DTM*472*20211123~
CAS*CO*45*457.31~
REF*6R*BROP0000778813-14~
REF*HPI*1992175202~
AMT*B6*97.69~
SVC*HC>97110>GP*185*25.34*0420*1~
DTM*472*20211124~
CAS*CO*45*159.66~
REF*6R*BROP0000778813-15~
AMT*B6*25.34~
SVC*HC>97112>GP*370*58.65*0420*2~
DTM*472*20211124~
CAS*CO*45*311.35~
REF*6R*BROP0000778813-16~
AMT*B6*58.65~
SVC*HC>97530>GP*185*32.56*0420*1~
DTM*472*20211124~
CAS*CO*45*152.44~
REF*6R*BROP0000778813-17~
AMT*B6*32.56~
CLP*NAB0782755*1*620*153.8**13*ETTXVQQL10000*13*3~
NM1*QC*1*BUCKMANSHAAR*AUGUST~
NM1*IL*1*SHAAR*STEPHANIE****MI*W261013359~
NM1*82*2*GENESIS REHABILITATION HOSPITAL, INC.*****XX*1912947748~
REF*1L*0868654-012-00101-HB~
REF*CE*Aetna Choice  POS II NET 00448~
DTM*232*20211020~
DTM*233*20211020~
DTM*050*20220115~
PER*CX**TE*8886323862~
AMT*AU*620~
SVC*HC>97530>GO*370*65.13*0430*2~
DTM*472*20211020~
CAS*CO*45*304.87~
REF*6R*BROP0000751367-1~
AMT*B6*65.13~
SVC*HC>92609>GN*250*88.67*0440*1~
DTM*472*20211020~
CAS*CO*45*161.33~
REF*6R*BROP0000751367-2~
REF*HPI*1497901599~
AMT*B6*88.67~
CLP*NAB1289359*1*175*84.6*9.4*13*ET36VDQ8G0000*13*3~
NM1*QC*1*NGIN*SAMUEL~
NM1*IL*1*NGIN*NARY****MI*W265182136~
NM1*82*2*GENESIS REHABILITATION HOSPITAL, INC.*****XX*1912947748~
REF*1L*0141981-030-00001-KA~
REF*CE*Aetna Choice  POS II NET 00448~
DTM*232*20211231~
DTM*233*20211231~
DTM*050*20220111~
PER*CX**TE*8886323862~
AMT*AU*175~
SVC*HC>92507>GN*175*84.6*0440*1~
DTM*472*20211231~
CAS*CO*45*81~
CAS*PR*2*9.4~
REF*6R*BROP0000858221-1~
AMT*B6*94~
CLP*NAB0971767*1*2775*348.98*130.25*13*ET36VLM6X0000*13*3~
NM1*QC*1*POWER*CHARLES****MI*10163505W~
NM1*74*1******C*W196847943~
NM1*82*2*GENESIS REHABILITATION HOSPITAL, INC.*****XX*1912947748~
REF*1L*0895530-010-00304-KD~
REF*CE*Aetna HealthFund  Aetna Choice  POS II NET 00448~
DTM*232*20211105~
DTM*233*20211124~
DTM*050*20220115~
PER*CX**TE*8886323862~
AMT*AU*2775~
SVC*HC>97530>59>GP*740*130.25*0420*4*HC>97530>GP>59~
DTM*472*20211105~
CAS*CO*45*609.75~
REF*6R*BROP0000778746-1~
REF*HPI*1992175202~
AMT*B6*130.25~
SVC*HC>97530>59>GP*740*130.25*0420*4*HC>97530>GP>59~
DTM*472*20211117~
CAS*CO*45*609.75~
REF*6R*BROP0000778746-2~
REF*HPI*1669587226~
AMT*B6*130.25~
SVC*HC>97140>GP*185*23.35*0420*1~
DTM*472*20211119~
CAS*CO*45*161.65~
REF*6R*BROP0000778746-3~
AMT*B6*23.35~
SVC*HC>97530>59>GP*370*65.13*0420*2*HC>97530>GP>59~
DTM*472*20211119~
CAS*CO*45*304.87~
REF*6R*BROP0000778746-4~
AMT*B6*65.13~
SVC*HC>97530>59>GP*740*0*0420*0*HC>97530>GP>59*4~
DTM*472*20211124~
CAS*CO*45*609.75*4~
CAS*PR*119*130.25*4~
REF*6R*BROP0000778746-5~
AMT*B6*130.25~
LQ*HE*N130~
CLP*NAB0886861*1*740*0**13*EWFCVPGD70000*13*3~
NM1*QC*1*BAVARO*MICHAEL~
NM1*IL*1*BAVARO*LOUIS****MI*W259854681~
NM1*82*2*GENESIS REHABILITATION HOSPITAL, INC.*****XX*1912947748~
REF*1L*0148751-011-00001-BA~
REF*CE*Aetna Choice  POS II NET 00448~
DTM*232*20210729~
DTM*233*20210729~
DTM*050*20220115~
PER*CX**TE*8886323862~
SVC*HC>97113>GP*740*0*0420*0**4~
DTM*472*20210729~
CAS*OA*18*740*4~
REF*6R*BROP0000782761-1~
CLP*NAB0875147*1*740*0**13*EWY1VNBKG0000*13*3~
NM1*QC*1*LOMBARDI*NICOLE*M~
NM1*IL*1*HARKER*AARON****MI*W461707628~
NM1*82*2*GENESIS REHABILITATION HOSPITAL, INC.*****XX*1912947748~
REF*1L*0283907-010-00001- B~
REF*CE*Aetna Choice  POS II NET 00448~
DTM*232*20211020~
DTM*233*20211020~
DTM*050*20220115~
PER*CX**TE*8886323862~
AMT*AU*740~
SVC*HC>92507>GP*185*0*0420*0*HC>97110>GP*1~
DTM*472*20211020~
CAS*CO*231*185*1~
REF*6R*BROP0000782795-1~
AMT*B6*25.34~
SVC*HC>92507>GP*555*0*0420*0*HC>97530>GP*3~
DTM*472*20211020~
CAS*CO*231*555*3~
REF*6R*BROP0000782795-2~
AMT*B6*97.69~
CLP*NAB0931719*1*2220*377.8**13*EXJMVLM530000*13*3~
NM1*QC*1*PREHODA*TAMARA****MI*W262835455~
NM1*74*1**JOSEPH~
NM1*82*2*GENESIS REHABILITATION HOSPITAL, INC.*****XX*1912947748~
REF*1L*0144162-015-00001- H~
REF*CE*Aetna Choice  POS II NET 08096~
DTM*232*20211104~
DTM*233*20211111~
DTM*050*20220115~
PER*CX**TE*8886323862~
AMT*AU*2220~
SVC*HC>97530>GP*740*130.25*0420*4~
DTM*472*20211104~
CAS*CO*45*609.75~
REF*6R*BROP0000777640-1~
AMT*B6*130.25~
SVC*HC>97112>GP*740*117.3*0420*4~
DTM*472*20211108~
CAS*CO*45*622.7~
REF*6R*BROP0000777640-2~
REF*HPI*1669587226~
AMT*B6*117.3~
SVC*HC>97530>GP*740*130.25*0420*4~
DTM*472*20211111~
CAS*CO*45*609.75~
REF*6R*BROP0000777640-3~
AMT*B6*130.25~
CLP*NAB0813619*1*740*79.5*19.87*13*EXTXVLM520000*13*3~
NM1*QC*1*OHNIMUS*TIMOTHY****MI*828250992~
NM1*74*1******C*W192414796~
NM1*82*2*GENESIS REHABILITATION HOSPITAL, INC.*****XX*1912947748~
REF*1L*0326475-010-00118-AB~
REF*CE*Aetna Choice  POS II NET 00448~
DTM*232*20211019~
DTM*233*20211019~
DTM*050*20220115~
PER*CX**TE*8886323862~
AMT*AU*740~
SVC*HC>97110>GP*555*60.82*0420*3~
DTM*472*20211019~
CAS*CO*45*478.98~
CAS*PR*2*15.2~
REF*6R*BROP0000809046-1~
AMT*B6*76.02~
SVC*HC>97140>GP*185*18.68*0420*1~
DTM*472*20211019~
CAS*CO*45*161.65~
CAS*PR*2*4.67~
REF*6R*BROP0000809046-2~
AMT*B6*23.35~
CLP*NAB0967557*1*1295*200.54**13*EX36VLM5Z0000*13*3~
NM1*QC*1*ELDER*CORBIN~
NM1*IL*1*ELDER*TINA****MI*W204143419~
NM1*82*2*GENESIS REHABILITATION HOSPITAL, INC.*****XX*1912947748~
REF*1L*0666186-024-00001-OB~
REF*CE*Aetna HealthFund  Aetna Choice  POS II NET 00448~
DTM*232*20211108~
DTM*233*20211130~
DTM*050*20220115~
PER*CX**TE*8886323862~
AMT*AU*1295~
SVC*HC>97110>GP*185*25.34*0420*1~
DTM*472*20211108~
CAS*CO*45*159.66~
REF*6R*BROP0000777581-1~
AMT*B6*25.34~
SVC*HC>97112>GP*370*58.65*0420*2~
DTM*472*20211108~
CAS*CO*45*311.35~
REF*6R*BROP0000777581-2~
AMT*B6*58.65~
SVC*HC>97110>GP*185*25.34*0420*1~
DTM*472*20211130~
CAS*CO*45*159.66~
REF*6R*BROP0000777581-3~
AMT*B6*25.34~
SVC*HC>97112>GP*370*58.65*0420*2~
DTM*472*20211130~
CAS*CO*45*311.35~
REF*6R*BROP0000777581-4~
AMT*B6*58.65~
SVC*HC>97530>GP*185*32.56*0420*1~
DTM*472*20211130~
CAS*CO*45*152.44~
REF*6R*BROP0000777581-5~
AMT*B6*32.56~
CLP*NAB1209249*1*740*0*127.19*13*EYFCVLM5Y0000*13*3~
NM1*QC*1*LOMBARDI*NICOLE*M~
NM1*IL*1*HARKER*AARON****MI*W461707628~
NM1*82*2*GENESIS REHABILITATION HOSPITAL, INC.*****XX*1912947748~
REF*1L*0283907-010-00001- B~
REF*CE*Aetna Choice  POS II NET 00448~
DTM*232*20211202~
DTM*233*20211202~
DTM*050*20220115~
PER*CX**TE*8886323862~
AMT*AU*740~
SVC*HC>97113>GP*740*0*0420*0**4~
DTM*472*20211202~
CAS*CO*45*612.81*4~
CAS*PR*119*127.19*4~
REF*6R*BROP0000854930-1~
AMT*B6*127.19~
LQ*HE*N130~
CLP*NAB0878937*1*925*105.55*26.38*13*EYFCVLM5Z0000*13*3~
NM1*QC*1*MCCLAIN*BRYAN****MI*W226594523~
NM1*82*2*GENESIS REHABILITATION HOSPITAL, INC.*****XX*1912947748~
REF*1L*0284067-011-00005- B~
REF*CE*Aetna Choice  POS II NET 00448~
DTM*232*20211020~
DTM*233*20211020~
DTM*050*20220115~
PER*CX**TE*8886323862~
AMT*AU*925~
SVC*HC>97110>GP*555*60.82*0420*3~
DTM*472*20211020~
CAS*CO*45*478.98~
CAS*PR*2*15.2~
REF*6R*BROP0000809051-1~
AMT*B6*76.02~
SVC*HC>97140>GP*185*18.68*0420*1~
DTM*472*20211020~
CAS*CO*45*161.65~
CAS*PR*2*4.67~
REF*6R*BROP0000809051-2~
AMT*B6*23.35~
SVC*HC>97530>59>GP*185*26.05*0420*1*HC>97530>GP>59~
DTM*472*20211020~
CAS*CO*45*152.44~
CAS*PR*2*6.51~
REF*6R*BROP0000809051-3~
AMT*B6*32.56~
CLP*NAB1246387*1*350*0*350*13*EYPCVLM510000*13*3~
NM1*QC*1*LOMBARDI*NICOLE*M~
NM1*IL*1*HARKER*AARON****MI*W461707628~
NM1*82*2*GENESIS REHABILITATION HOSPITAL, INC.*****XX*1912947748~
REF*1L*0283907-010-00001- B~
REF*CE*Aetna Choice  POS II NET 00448~
DTM*232*20211210~
DTM*233*20211231~
DTM*050*20220115~
PER*CX**TE*8886323862~
AMT*AU*350~
SVC*HC>92507>GN*175*0*0440*0**1~
DTM*472*20211210~
CAS*PR*96*175*1~
REF*6R*BROP0000854931-1~
AMT*B6*94~
LQ*HE*N130~
SVC*HC>92507>GN*175*0*0440*0**1~
DTM*472*20211231~
CAS*PR*96*175*1~
REF*6R*BROP0000854931-2~
AMT*B6*94~
LQ*HE*N130~
CLP*NAB0812981*1*740*99.37**13*EYPCVLM520000*13*3~
NM1*QC*1*MCANANY*MARIA****MI*0825258348~
NM1*74*1******C*W185554832~
NM1*82*2*GENESIS REHABILITATION HOSPITAL, INC.*****XX*1912947748~
REF*1L*0326475-012-00118-AB~
REF*CE*Aetna Choice  POS II NET 00448~
DTM*232*20211019~
DTM*233*20211019~
DTM*050*20220115~
PER*CX**TE*8886323862~
AMT*AU*740~
SVC*HC>97110>GP*555*76.02*0420*3~
DTM*472*20211019~
CAS*CO*45*478.98~
REF*6R*BROP0000809108-1~
AMT*B6*76.02~
SVC*HC>97140>GP*185*23.35*0420*1~
DTM*472*20211019~
CAS*CO*45*161.65~
REF*6R*BROP0000809108-2~
AMT*B6*23.35~
CLP*NAB1239387*1*700*338.4*37.6*13*EYY1VLM500000*13*3~
NM1*QC*1*STOCKTON*JAMES~
NM1*74*1******C*W244288617~
NM1*82*2*GENESIS REHABILITATION HOSPITAL, INC.*****XX*1912947748~
REF*1L*0868598-018-00002-AB~
REF*CE*Aetna Choice  POS II NET 08096~
DTM*232*20211209~
DTM*233*20211229~
DTM*050*20220115~
PER*CX**TE*8886323862~
AMT*AU*700~
SVC*HC>92507>GN*175*84.6*0440*1~
DTM*472*20211209~
CAS*CO*45*81~
CAS*PR*2*9.4~
REF*6R*BROP0000854936-1~
AMT*B6*94~
SVC*HC>92507>GN*175*84.6*0440*1~
DTM*472*20211217~
CAS*CO*45*81~
CAS*PR*2*9.4~
REF*6R*BROP0000854936-2~
AMT*B6*94~
SVC*HC>92507>GN*175*84.6*0440*1~
DTM*472*20211222~
CAS*CO*45*81~
CAS*PR*2*9.4~
REF*6R*BROP0000854936-3~
AMT*B6*94~
SVC*HC>92507>GN*175*84.6*0440*1~
DTM*472*20211229~
CAS*CO*45*81~
CAS*PR*2*9.4~
REF*6R*BROP0000854936-4~
AMT*B6*94~
CLP*NAB0812523*1*370*25.13*40*12*EYY1VLM510000*13*3~
NM1*QC*1*BRISTOW*SEAN~
NM1*IL*1*BRISTOW*NICOLE****MI*W239765217~
NM1*82*2*GENESIS REHABILITATION HOSPITAL, INC.*****XX*1912947748~
REF*1L*0326415-010-00035- B~
REF*CE*Open Access Aetna Select  8480 NET 01564~
DTM*232*20211019~
DTM*233*20211019~
DTM*050*20220115~
PER*CX**TE*8886323862~
AMT*AU*370~
SVC*HC>97530>GO*370*25.13*0430*2~
DTM*472*20211019~
CAS*CO*45*304.87~
CAS*PR*3*40~
REF*6R*BROP0000809125-1~
AMT*B6*65.13~
CLP*NAB1227217*1*2600*392.15**13*E0FCVLPF90000*13*3~
NM1*QC*1*STECKLER*ROBIN~
NM1*IL*1*STECKLER*STEVEN****MI*W117296246~
NM1*82*2*GENESIS REHABILITATION HOSPITAL, INC.*****XX*1912947748~
REF*1L*0868870-010-00007-AC~
REF*CE*Aetna Choice  POS II NET 00448~
DTM*232*20211217~
DTM*233*20211231~
DTM*050*20220115~
PER*CX**TE*8886323862~
AMT*AU*2600~
SVC*HC>97161>GP*195*84.85*0424*1~
DTM*472*20211217~
CAS*CO*45*110.15~
REF*6R*BROP0000855095-1~
REF*HPI*1922699792~
AMT*B6*84.85~
SVC*HC>97110>GO*740*101.35*0430*4~
DTM*472*20211220~
CAS*CO*45*638.65~
REF*6R*BROP0000855095-2~
AMT*B6*101.35~
SVC*HC>97110>GO*740*101.35*0430*4~
DTM*472*20211223~
CAS*CO*45*638.65~
REF*6R*BROP0000855095-3~
AMT*B6*101.35~
SVC*HC>97018>GO*185*0*0430*0**1~
DTM*472*20211231~
CAS*CO*97*185*1~
REF*6R*BROP0000855095-4~
AMT*B6*4.99~
LQ*HE*N19~
SVC*HC>97110>GO*185*25.34*0430*1~
DTM*472*20211231~
CAS*CO*45*159.66~
REF*6R*BROP0000855095-5~
AMT*B6*25.34~
SVC*HC>97140>59>GO*370*46.7*0430*2*HC>97140>GO>59~
DTM*472*20211231~
CAS*CO*45*323.3~
REF*6R*BROP0000855095-6~
AMT*B6*46.7~
SVC*HC>97530>59>GO*185*32.56*0430*1*HC>97530>GO>59~
DTM*472*20211231~
CAS*CO*45*152.44~
REF*6R*BROP0000855095-7~
AMT*B6*32.56~
CLP*NAB1151305*1*6455*32.56**13*E0PCVLNTY0000*13*3~
NM1*QC*1*BAVARO*MICHAEL~
NM1*IL*1*BAVARO*LOUIS****MI*W259854681~
NM1*82*2*GENESIS REHABILITATION HOSPITAL, INC.*****XX*1912947748~
REF*1L*0148751-011-00001-BA~
REF*CE*Aetna Choice  POS II NET 00448~
DTM*232*20210901~
DTM*233*20210928~
DTM*050*20220115~
PER*CX**TE*8886323862~
AMT*AU*185~
SVC*HC>97530>59>GO*185*32.56*0430*1*HC>97530>GO>59~
DTM*472*20210909~
CAS*CO*45*152.44~
REF*6R*BROP0000831120-7~
AMT*B6*32.56~
SVC*HC>97110>GO*185*0*0430*0**1~
DTM*472*20210901~
CAS*OA*18*185*1~
REF*6R*BROP0000831120-1~
SVC*HC>97530>GO*555*0*0430*0**3~
DTM*472*20210901~
CAS*OA*18*555*3~
REF*6R*BROP0000831120-2~
SVC*HC>97110>GO*740*0*0430*0**4~
DTM*472*20210902~
CAS*OA*18*740*4~
REF*6R*BROP0000831120-3~
SVC*HC>97110>GO*555*0*0430*0**3~
DTM*472*20210908~
CAS*OA*18*555*3~
REF*6R*BROP0000831120-4~
SVC*HC>97530>GO*185*0*0430*0**1~
DTM*472*20210908~
CAS*OA*18*185*1~
REF*6R*BROP0000831120-5~
SVC*HC>97110>GO*370*0*0430*0**2~
DTM*472*20210909~
CAS*OA*18*370*2~
REF*6R*BROP0000831120-6~
SVC*HC>97535>GO*165*0*0430*0**1~
DTM*472*20210909~
CAS*OA*18*165*1~
REF*6R*BROP0000831120-8~
SVC*HC>97110>GO*740*0*0430*0**4~
DTM*472*20210915~
CAS*OA*18*740*4~
REF*6R*BROP0000831120-9~
SVC*HC>97110>GO*370*0*0430*0**2~
DTM*472*20210917~
CAS*OA*18*370*2~
REF*6R*BROP0000831120-10~
SVC*HC>97112>GO*370*0*0430*0**2~
DTM*472*20210917~
CAS*OA*18*370*2~
REF*6R*BROP0000831120-11~
SVC*HC>97110>GO*185*0*0430*0**1~
DTM*472*20210922~
CAS*OA*18*185*1~
REF*6R*BROP0000831120-12~
SVC*HC>97530>GO*370*0*0430*0**2~
DTM*472*20210922~
CAS*OA*18*370*2~
REF*6R*BROP0000831120-13~
SVC*HC>97110>GO*185*0*0430*0**1~
DTM*472*20210924~
CAS*OA*18*185*1~
REF*6R*BROP0000831120-14~
SVC*HC>97112>GO*370*0*0430*0**2~
DTM*472*20210924~
CAS*OA*18*370*2~
REF*6R*BROP0000831120-15~
SVC*HC>97530>GO*185*0*0430*0**1~
DTM*472*20210924~
CAS*OA*18*185*1~
REF*6R*BROP0000831120-16~
SVC*HC>97112>GO*555*0*0430*0**3~
DTM*472*20210928~
CAS*OA*18*555*3~
REF*6R*BROP0000831120-17~
SVC*HC>97530>GO*185*0*0430*0**1~
DTM*472*20210928~
CAS*OA*18*185*1~
REF*6R*BROP0000831120-18~
CLP*NAB1223397*1*555*276**13*E0Y1VC3WS0000*13*2~
NM1*QC*1*FREDRICK*SHEALYN~
NM1*IL*1*FREDRICK*JOEL****MI*0823757536~
NM1*74*1*FREDERICK*****C*W252165864~
NM1*82*2*GENESIS REHABILITATION HOSPITAL, INC.*****XX*1912947748~
REF*1L*0326477-010-00118-HD~
REF*CE*Aetna Choice  POS II NET 00448~
DTM*232*20211201~
DTM*233*20211201~
DTM*050*20220104~
PER*CX**TE*8886323862~
AMT*AU*555~
SVC*HC>92507>GN*175*94*0440*1~
DTM*472*20211201~
CAS*CO*45*81~
REF*6R*BROP0000855445-1~
AMT*B6*94~
SVC*HC>92523>GN*380*182*0444*1~
DTM*472*20211201~
CAS*CO*45*198~
REF*6R*BROP0000855445-2~
AMT*B6*182~
CLP*NAB1210681*1*3700*648.02**13*E0Y1VLPH10000*13*3~
NM1*QC*1*AMATO*AUSTIN~
NM1*IL*1*AMATO*PHILIP*L***MI*W257314510~
NM1*82*2*GENESIS REHABILITATION HOSPITAL, INC.*****XX*1912947748~
REF*1L*0141889-011-00002-CD~
REF*CE*Aetna Choice  POS II NET 00448~
DTM*232*20211201~
DTM*233*20211210~
DTM*050*20220115~
PER*CX**TE*8886323862~
AMT*AU*3700~
SVC*HC>97530>GP*740*130.25*0420*4~
DTM*472*20211201~
CAS*CO*45*609.75~
REF*6R*BROP0000855172-1~
REF*HPI*1992175202~
AMT*B6*130.25~
SVC*HC>97112>GP*185*29.33*0420*1~
DTM*472*20211203~
CAS*CO*45*155.67~
REF*6R*BROP0000855172-2~
AMT*B6*29.33~
SVC*HC>97530>GP*555*97.69*0420*3~
DTM*472*20211203~
CAS*CO*45*457.31~
REF*6R*BROP0000855172-3~
AMT*B6*97.69~
SVC*HC>97530>GP*740*130.25*0420*4~
DTM*472*20211206~
CAS*CO*45*609.75~
REF*6R*BROP0000855172-4~
REF*HPI*1669587226~
AMT*B6*130.25~
SVC*HC>97530>GP*740*130.25*0420*4~
DTM*472*20211208~
CAS*CO*45*609.75~
REF*6R*BROP0000855172-5~
AMT*B6*130.25~
SVC*HC>97530>GP*740*130.25*0420*4~
DTM*472*20211210~
CAS*CO*45*609.75~
REF*6R*BROP0000855172-6~
REF*HPI*1396383949~
AMT*B6*130.25~
CLP*NAB1334729*1*1480*0*238.84*13*E1ACVL4BS0000*13*4~
NM1*QC*1*MOBLEY*BERNARD****MI*W260904739~
NM1*82*2*GENESIS REHABILITATION HOSPITAL, INC.*****XX*1912947748~
REF*1L*0868951-015-00001-CF~
REF*CE*Aetna Choice  POS II NET 00448~
DTM*232*20220104~
DTM*233*20220106~
DTM*050*20220112~
PER*CX**TE*8886323862~
AMT*AU*1480~
SVC*HC>97110>GO*185*0*0430*1~
DTM*472*20220104~
CAS*CO*45*159.66~
CAS*PR*1*25.34~
REF*6R*BROP0000875466-1~
AMT*B6*25.34~
SVC*HC>97530>GO*555*0*0430*3~
DTM*472*20220104~
CAS*CO*45*457.31~
CAS*PR*1*97.69~
REF*6R*BROP0000875466-2~
AMT*B6*97.69~
SVC*HC>97110>GO*370*0*0430*2~
DTM*472*20220106~
CAS*CO*45*319.32~
CAS*PR*1*50.68~
REF*6R*BROP0000875466-3~
AMT*B6*50.68~
SVC*HC>97530>GO*370*0*0430*2~
DTM*472*20220106~
CAS*CO*45*304.87~
CAS*PR*1*65.13~
REF*6R*BROP0000875466-4~
AMT*B6*65.13~
CLP*NAB1246723*1*3700*486.9**13*E1ACVN8JW0000*13*3~
NM1*QC*1*LEE*SANDRA*L***MI*W229337186~
NM1*82*2*GENESIS REHABILITATION HOSPITAL, INC.*****XX*1912947748~
REF*1L*0868870-010-00013-AC~
REF*CE*Aetna Choice  POS II NET 00448~
DTM*232*20211216~
DTM*233*20211231~
DTM*050*20220115~
PER*CX**TE*8886323862~
AMT*AU*3700~
SVC*HC>97110>GP*370*50.68*0420*2~
DTM*472*20211216~
CAS*CO*45*319.32~
REF*6R*BROP0000854231-1~
AMT*B6*50.68~
SVC*HC>97140>GP*370*46.7*0420*2~
DTM*472*20211216~
CAS*CO*45*323.3~
REF*6R*BROP0000854231-2~
AMT*B6*46.7~
SVC*HC>97110>GP*370*50.68*0420*2~
DTM*472*20211223~
CAS*CO*45*319.32~
REF*6R*BROP0000854231-3~
AMT*B6*50.68~
SVC*HC>97140>GP*370*46.7*0420*2~
DTM*472*20211223~
CAS*CO*45*323.3~
REF*6R*BROP0000854231-4~
AMT*B6*46.7~
SVC*HC>97110>GP*370*50.68*0420*2~
DTM*472*20211224~
CAS*CO*45*319.32~
REF*6R*BROP0000854231-5~
AMT*B6*50.68~
SVC*HC>97140>GP*370*46.7*0420*2~
DTM*472*20211224~
CAS*CO*45*323.3~
REF*6R*BROP0000854231-6~
AMT*B6*46.7~
SVC*HC>97110>GP*370*50.68*0420*2~
DTM*472*20211230~
CAS*CO*45*319.32~
REF*6R*BROP0000854231-7~
AMT*B6*50.68~
SVC*HC>97140>GP*370*46.7*0420*2~
DTM*472*20211230~
CAS*CO*45*323.3~
REF*6R*BROP0000854231-8~
AMT*B6*46.7~
SVC*HC>97110>GP*370*50.68*0420*2~
DTM*472*20211231~
CAS*CO*45*319.32~
REF*6R*BROP0000854231-9~
AMT*B6*50.68~
SVC*HC>97140>GP*370*46.7*0420*2~
DTM*472*20211231~
CAS*CO*45*323.3~
REF*6R*BROP0000854231-10~
AMT*B6*46.7~
CLP*NAB1248081*1*2960*331.1*58.42*13*E1JMVPG4N0000*13*3~
NM1*QC*1*GONZALEZ*KIMBERLY****MI*W210504899~
NM1*82*2*GENESIS REHABILITATION HOSPITAL, INC.*****XX*1912947748~
REF*1L*0885670-028-00001- E~
REF*CE*Aetna HealthFund  Aetna Choice  POS II NET 00448~
DTM*232*20211206~
DTM*233*20211222~
DTM*050*20220115~
PER*CX**TE*8886323862~
AMT*AU*2960~
SVC*HC>97110>GP*555*64.62*0420*3~
DTM*472*20211206~
CAS*CO*45*478.98~
CAS*PR*2*11.4~
REF*6R*BROP0000855253-1~
AMT*B6*76.02~
SVC*HC>97140>GP*185*19.85*0420*1~
DTM*472*20211206~
CAS*CO*45*161.65~
CAS*PR*2*3.5~
REF*6R*BROP0000855253-2~
AMT*B6*23.35~
SVC*HC>97110>GP*555*64.62*0420*3~
DTM*472*20211208~
CAS*CO*45*478.98~
CAS*PR*2*11.4~
REF*6R*BROP0000855253-3~
AMT*B6*76.02~
SVC*HC>97140>GP*185*19.85*0420*1~
DTM*472*20211208~
CAS*CO*45*161.65~
CAS*PR*2*3.5~
REF*6R*BROP0000855253-4~
AMT*B6*23.35~
SVC*HC>97110>GP*185*21.54*0420*1~
DTM*472*20211215~
CAS*CO*45*159.66~
CAS*PR*2*3.8~
REF*6R*BROP0000855253-5~
AMT*B6*25.34~
SVC*HC>97140>GP*555*59.54*0420*3~
DTM*472*20211215~
CAS*CO*45*484.95~
CAS*PR*2*10.51~
REF*6R*BROP0000855253-6~
AMT*B6*70.05~
SVC*HC>97110>GP*185*21.54*0420*1~
DTM*472*20211222~
CAS*CO*45*159.66~
CAS*PR*2*3.8~
REF*6R*BROP0000855253-7~
AMT*B6*25.34~
SVC*HC>97140>GP*555*59.54*0420*3~
DTM*472*20211222~
CAS*CO*45*484.95~
CAS*PR*2*10.51~
REF*6R*BROP0000855253-8~
AMT*B6*70.05~
CLP*NAB1249655*1*2220*256.42*64.1*13*E1TXVPCK50000*13*3~
NM1*QC*1*WILLIAMS*NICOLE****MI*W248608856~
NM1*82*2*GENESIS REHABILITATION HOSPITAL, INC.*****XX*1912947748~
REF*1L*0724655-044-00001-RC~
REF*CE*Aexcel  Plus Aetna Choice  POS II NET 00448~
DTM*232*20211210~
DTM*233*20211223~
DTM*050*20220115~
PER*CX**TE*8886323862~
AMT*AU*2220~
SVC*HC>97110>GP*555*60.82*0420*3~
DTM*472*20211210~
CAS*CO*45*478.98~
CAS*PR*2*15.2~
REF*6R*BROP0000854290-1~
AMT*B6*76.02~
SVC*HC>97530>GP*185*26.05*0420*1~
DTM*472*20211210~
CAS*CO*45*152.44~
CAS*PR*2*6.51~
REF*6R*BROP0000854290-2~
AMT*B6*32.56~
SVC*HC>97110>GP*370*40.54*0420*2~
DTM*472*20211216~
CAS*CO*45*319.32~
CAS*PR*2*10.14~
REF*6R*BROP0000854290-3~
AMT*B6*50.68~
SVC*HC>97112>GP*185*23.46*0420*1~
DTM*472*20211216~
CAS*CO*45*155.67~
CAS*PR*2*5.87~
REF*6R*BROP0000854290-4~
AMT*B6*29.33~
SVC*HC>97140>GP*185*18.68*0420*1~
DTM*472*20211216~
CAS*CO*45*161.65~
CAS*PR*2*4.67~
REF*6R*BROP0000854290-5~
AMT*B6*23.35~
SVC*HC>97110>GP*555*60.82*0420*3~
DTM*472*20211223~
CAS*CO*45*478.98~
CAS*PR*2*15.2~
REF*6R*BROP0000854290-6~
AMT*B6*76.02~
SVC*HC>97530>GP*185*26.05*0420*1~
DTM*472*20211223~
CAS*CO*45*152.44~
CAS*PR*2*6.51~
REF*6R*BROP0000854290-7~
AMT*B6*32.56~
CLP*NAB1207241*1*9281*1279.27**13*E136VLM5M0000*13*3~
NM1*QC*1*MAHAJAN*ARUNDHATI****MI*W099427599~
NM1*74*1*MIRJANKAR*RAJIV~
NM1*82*2*GENESIS REHABILITATION HOSPITAL, INC.*****XX*1912947748~
REF*1L*0868870-010-00010-AC~
REF*CE*Aetna Choice  POS II NET 00448~
DTM*232*20211203~
DTM*233*20211231~
DTM*050*20220115~
PER*CX**TE*8886323862~
AMT*AU*9281~
SVC*HC>97012>GP*72*12.57*0420*1~
DTM*472*20211203~
CAS*CO*45*59.43~
REF*6R*BROP0000855178-1~
AMT*B6*12.57~
SVC*HC>97110>GP*555*76.02*0420*3~
DTM*472*20211203~
CAS*CO*45*478.98~
REF*6R*BROP0000855178-2~
AMT*B6*76.02~
SVC*HC>97012>GP*72*12.57*0420*1~
DTM*472*20211206~
CAS*CO*45*59.43~
REF*6R*BROP0000855178-3~
AMT*B6*12.57~
SVC*HC>97110>GP*555*76.02*0420*3~
DTM*472*20211206~
CAS*CO*45*478.98~
REF*6R*BROP0000855178-4~
AMT*B6*76.02~
SVC*HC>97012>GP*72*12.57*0420*1~
DTM*472*20211209~
CAS*CO*45*59.43~
REF*6R*BROP0000855178-5~
AMT*B6*12.57~
SVC*HC>97110>GP*555*76.02*0420*3~
DTM*472*20211209~
CAS*CO*45*478.98~
REF*6R*BROP0000855178-6~
AMT*B6*76.02~
SVC*HC>97110>GP*740*101.35*0420*4~
DTM*472*20211210~
CAS*CO*45*638.65~
REF*6R*BROP0000855178-7~
AMT*B6*101.35~
SVC*HC>97110>GP*740*101.35*0420*4~
DTM*472*20211213~
CAS*CO*45*638.65~
REF*6R*BROP0000855178-8~
AMT*B6*101.35~
SVC*HC>97110>GP*740*101.35*0420*4~
DTM*472*20211214~
CAS*CO*45*638.65~
REF*6R*BROP0000855178-9~
AMT*B6*101.35~
SVC*HC>97110>GP*740*101.35*0420*4~
DTM*472*20211216~
CAS*CO*45*638.65~
REF*6R*BROP0000855178-10~
AMT*B6*101.35~
SVC*HC>97110>GP*740*101.35*0420*4~
DTM*472*20211220~
CAS*CO*45*638.65~
REF*6R*BROP0000855178-11~
AMT*B6*101.35~
SVC*HC>97110>GP*740*101.35*0420*4~
DTM*472*20211221~
CAS*CO*45*638.65~
REF*6R*BROP0000855178-12~
AMT*B6*101.35~
SVC*HC>97110>GP*740*101.35*0420*4~
DTM*472*20211223~
CAS*CO*45*638.65~
REF*6R*BROP0000855178-13~
AMT*B6*101.35~
SVC*HC>97110>GP*740*101.35*0420*4~
DTM*472*20211227~
CAS*CO*45*638.65~
REF*6R*BROP0000855178-14~
REF*HPI*1881350676~
AMT*B6*101.35~
SVC*HC>97110>GP*740*101.35*0420*4~
DTM*472*20211230~
CAS*CO*45*638.65~
REF*6R*BROP0000855178-15~
AMT*B6*101.35~
SVC*HC>97110>GP*740*101.35*0420*4~
DTM*472*20211231~
CAS*CO*45*638.65~
REF*6R*BROP0000855178-16~
REF*HPI*1952825689~
AMT*B6*101.35~
CLP*NAB1253745*1*895*277.7*69.43*13*E2PCVLM6B0000*13*3~
NM1*QC*1*ALMEIDA*DANIEL*R~
NM1*IL*1*RUSSO*VANESSA****MI*W267811677~
NM1*74*1*STECKO RUSSO~
NM1*82*2*GENESIS REHABILITATION HOSPITAL, INC.*****XX*1912947748~
REF*1L*0868870-010-00010-AC~
REF*CE*Aetna Choice  POS II NET 00448~
DTM*232*20211203~
DTM*233*20211208~
DTM*050*20220115~
PER*CX**TE*8886323862~
AMT*AU*895~
SVC*HC>97530>59>GO*370*52.1*0430*2*HC>97530>GO>59~
DTM*472*20211208~
CAS*CO*45*304.87~
CAS*PR*2*13.03~
REF*6R*BROP0000854358-1~
REF*HPI*1508322876~
AMT*B6*65.13~
SVC*HC>92507>GN*175*75.2*0440*1~
DTM*472*20211203~
CAS*CO*45*81~
CAS*PR*2*18.8~
REF*6R*BROP0000854358-2~
AMT*B6*94~
SVC*HC>92507>GN*175*75.2*0440*1~
DTM*472*20211207~
CAS*CO*45*81~
CAS*PR*2*18.8~
REF*6R*BROP0000854358-3~
AMT*B6*94~
SVC*HC>92507>GN*175*75.2*0440*1~
DTM*472*20211208~
CAS*CO*45*81~
CAS*PR*2*18.8~
REF*6R*BROP0000854358-4~
AMT*B6*94~
CLP*NAB0961293*1*555*0*175*13*E3ACVPDTZ0000*13*2~
NM1*QC*1*THOMPSON*CHRISTOPHER*N~
NM1*IL*1*THOMPSON*CHRISTOPHER****MI*W264845398~
NM1*82*2*GENESIS REHABILITATION HOSPITAL, INC.*****XX*1912947748~
REF*1L*0701080-026-00001-CD~
REF*CE*Aetna Choice  POS II NET 00448~
DTM*232*20211111~
DTM*233*20211111~
DTM*050*20220115~
PER*CX**TE*8886323862~
AMT*AU*555~
SVC*HC>92507>GN*175*0*0440*0**1~
DTM*472*20211111~
CAS*PR*96*175*1~
REF*6R*BROP0000777703-1~
AMT*B6*94~
LQ*HE*N130~
SVC*HC>92523>GN*380*0*0444*0**1~
DTM*472*20211111~
CAS*CO*151*380*1~
REF*6R*BROP0000777703-2~
AMT*B6*182~
LQ*HE*N362~
CLP*NAB1058793*1*175*84.6*9.4*13*E3TXTZSGV0000*13*2~
NM1*QC*1*NGIN*SAMUEL~
NM1*IL*1*NGIN*NARY****MI*W265182136~
NM1*82*2*GENESIS REHABILITATION HOSPITAL, INC.*****XX*1912947748~
REF*1L*0141981-030-00001-KA~
REF*CE*Aetna Choice  POS II NET 00448~
DTM*232*20210715~
DTM*233*20210715~
DTM*050*20220111~
PER*CX**TE*8886323862~
AMT*AU*175~
SVC*HC>92507>GN*175*84.6*0440*1~
DTM*472*20210715~
CAS*CO*45*81~
CAS*PR*2*9.4~
REF*6R*BROP0000795956-1~
AMT*B6*94~
CLP*NAB0956729*1*2230*187.37*187.41*12*E4FCVLM3Y0000*13*2~
NM1*QC*1*PEREZ*ELENA****MI*W244126307~
NM1*74*1**ESTEBAN~
NM1*82*2*GENESIS REHABILITATION HOSPITAL, INC.*****XX*1912947748~
REF*1L*0777998-010-00724- R~
REF*CE*Open Access Aetna Select  8480 NET 01564~
DTM*232*20211104~
DTM*233*20211123~
DTM*050*20220115~
PER*CX**TE*8886323862~
AMT*AU*2230~
SVC*HC>97110>GP*185*12.67*0420*1~
DTM*472*20211104~
CAS*CO*45*159.66~
CAS*PR*2*12.67~
REF*6R*BROP0000778040-1~
AMT*B6*25.34~
SVC*HC>97112>GP*185*14.66*0420*1~
DTM*472*20211104~
CAS*CO*45*155.67~
CAS*PR*2*14.67~
REF*6R*BROP0000778040-2~
AMT*B6*29.33~
SVC*HC>97530>GP*185*16.28*0420*1~
DTM*472*20211104~
CAS*CO*45*152.44~
CAS*PR*2*16.28~
REF*6R*BROP0000778040-3~
AMT*B6*32.56~
SVC*HC>97110>GP*740*50.67*0420*4~
DTM*472*20211118~
CAS*CO*45*638.65~
CAS*PR*2*50.68~
REF*6R*BROP0000778040-4~
AMT*B6*101.35~
SVC*HC>97110>GP*740*50.67*0420*4~
DTM*472*20211123~
CAS*CO*45*638.65~
CAS*PR*2*50.68~
REF*6R*BROP0000778040-5~
AMT*B6*101.35~
SVC*HC>97161>GP*195*42.42*0424*1~
DTM*472*20211104~
CAS*CO*45*110.15~
CAS*PR*2*42.43~
REF*6R*BROP0000778040-6~
AMT*B6*84.85~
CLP*NAB1237683*1*1305*236.88**13*E4FCVL8PV0000*13*2~
NM1*QC*1*FERRARA*LISA****MI*W251355010~
NM1*82*2*GENESIS REHABILITATION HOSPITAL, INC.*****XX*1912947748~
REF*1L*0159928-010-00503-AA~
REF*CE*Aetna Open Access  Managed Choice NET 00448~
DTM*232*20211229~
DTM*233*20211231~
DTM*050*20220117~
PER*CX**TE*8886323862~
AMT*AU*1305~
SVC*HC>97110>GP*370*50.68*0420*2~
DTM*472*20211229~
CAS*CO*45*319.32~
REF*6R*BROP0000885661-1~
AMT*B6*50.68~
SVC*HC>97110>GP*740*101.35*0420*4~
DTM*472*20211231~
CAS*CO*45*638.65~
REF*6R*BROP0000885661-2~
AMT*B6*101.35~
SVC*HC>97161>GP*195*84.85*0424*1~
DTM*472*20211229~
CAS*CO*45*110.15~
REF*6R*BROP0000885661-3~
AMT*B6*84.85~
CLP*NAB1216685*1*2035*335.54**12*E4PCVGSZX0000*13*3~
NM1*QC*1*ADOLF*LEANNE~
NM1*IL*1*ADOLF*SCOTT****MI*W245847747~
NM1*82*2*GENESIS REHABILITATION HOSPITAL, INC.*****XX*1912947748~
REF*1L*0326415-010-00030- B~
REF*CE*Open Access Aetna Select  8480 NET 01564~
DTM*232*20211202~
DTM*233*20211216~
DTM*050*20220104~
PER*CX**TE*8886323862~
AMT*AU*2035~
SVC*HC>97112>GP*370*58.65*0420*2~
DTM*472*20211202~
CAS*CO*45*311.35~
REF*6R*BROP0000853746-1~
AMT*B6*58.65~
SVC*HC>97530>GP*370*65.13*0420*2~
DTM*472*20211202~
CAS*CO*45*304.87~
REF*6R*BROP0000853746-2~
AMT*B6*65.13~
SVC*HC>97112>GP*370*58.65*0420*2~
DTM*472*20211209~
CAS*CO*45*311.35~
REF*6R*BROP0000853746-3~
AMT*B6*58.65~
SVC*HC>97530>GP*370*65.13*0420*2~
DTM*472*20211209~
CAS*CO*45*304.87~
REF*6R*BROP0000853746-4~
AMT*B6*65.13~
SVC*HC>97112>GP*555*87.98*0420*3~
DTM*472*20211216~
CAS*CO*45*467.02~
REF*6R*BROP0000853746-5~
AMT*B6*87.98~
CLP*NAB1236391*1*565*108.42*27.11*13*E4PCVPZ7G0000*13*2~
NM1*QC*1*DAUTERIVE*HEATHER****MI*W257355524~
NM1*82*2*GENESIS REHABILITATION HOSPITAL, INC.*****XX*1912947748~
REF*1L*0141889-011-00002-CD~
REF*CE*Aetna Choice  POS II NET 00448~
DTM*232*20211231~
DTM*233*20211231~
DTM*050*20220117~
PER*CX**TE*8886323862~
AMT*AU*565~
SVC*HC>97110>GP*370*40.54*0420*2~
DTM*472*20211231~
CAS*CO*45*319.32~
CAS*PR*2*10.14~
REF*6R*BROP0000885682-1~
AMT*B6*50.68~
SVC*HC>97161>GP*195*67.88*0424*1~
DTM*472*20211231~
CAS*CO*45*110.15~
CAS*PR*2*16.97~
REF*6R*BROP0000885682-2~
AMT*B6*84.85~
CLP*NAB1058807*1*175*84.6*9.4*13*E4Y1TZSJ50000*13*3~
NM1*QC*1*NGIN*SAMUEL~
NM1*IL*1*NGIN*NARY****MI*W265182136~
NM1*82*2*GENESIS REHABILITATION HOSPITAL, INC.*****XX*1912947748~
REF*1L*0141981-030-00001-KA~
REF*CE*Aetna Choice  POS II NET 00448~
DTM*232*20210813~
DTM*233*20210813~
DTM*050*20220111~
PER*CX**TE*8886323862~
AMT*AU*175~
SVC*HC>92507>GN*175*84.6*0440*1~
DTM*472*20210813~
CAS*CO*45*81~
CAS*PR*2*9.4~
REF*6R*BROP0000795957-1~
AMT*B6*94~
CLP*NAB1058829*1*700*338.4*37.6*13*E5ACTZT6N0000*13*3~
NM1*QC*1*NGIN*SAMUEL~
NM1*IL*1*NGIN*NARY****MI*W265182136~
NM1*82*2*GENESIS REHABILITATION HOSPITAL, INC.*****XX*1912947748~
REF*1L*0141981-030-00001-KA~
REF*CE*Aetna Choice  POS II NET 00448~
DTM*232*20211001~
DTM*233*20211028~
DTM*050*20220111~
PER*CX**TE*8886323862~
AMT*AU*700~
SVC*HC>92507>GN*175*84.6*0440*1~
DTM*472*20211001~
CAS*CO*45*81~
CAS*PR*2*9.4~
REF*6R*BROP0000795959-1~
AMT*B6*94~
SVC*HC>92507>GN*175*84.6*0440*1~
DTM*472*20211007~
CAS*CO*45*81~
CAS*PR*2*9.4~
REF*6R*BROP0000795959-2~
AMT*B6*94~
SVC*HC>92507>GN*175*84.6*0440*1~
DTM*472*20211021~
CAS*CO*45*81~
CAS*PR*2*9.4~
REF*6R*BROP0000795959-3~
AMT*B6*94~
SVC*HC>92507>GN*175*84.6*0440*1~
DTM*472*20211028~
CAS*CO*45*81~
CAS*PR*2*9.4~
REF*6R*BROP0000795959-4~
AMT*B6*94~
CLP*NAB1058835*1*525*253.8*28.2*13*E5JMTZSF50000*13*3~
NM1*QC*1*NGIN*SAMUEL~
NM1*IL*1*NGIN*NARY****MI*W265182136~
NM1*82*2*GENESIS REHABILITATION HOSPITAL, INC.*****XX*1912947748~
REF*1L*0141981-030-00001-KA~
REF*CE*Aetna Choice  POS II NET 00448~
DTM*232*20211104~
DTM*233*20211118~
DTM*050*20220111~
PER*CX**TE*8886323862~
AMT*AU*525~
SVC*HC>92507>GN*175*84.6*0440*1~
DTM*472*20211104~
CAS*CO*45*81~
CAS*PR*2*9.4~
REF*6R*BROP0000795960-1~
AMT*B6*94~
SVC*HC>92507>GN*175*84.6*0440*1~
DTM*472*20211105~
CAS*CO*45*81~
CAS*PR*2*9.4~
REF*6R*BROP0000795960-2~
AMT*B6*94~
SVC*HC>92507>GN*175*84.6*0440*1~
DTM*472*20211118~
CAS*CO*45*81~
CAS*PR*2*9.4~
REF*6R*BROP0000795960-3~
AMT*B6*94~
CLP*NAB1260321*1*1480*180.5*80*12*E5JMVC2F60000*13*3~
NM1*QC*1*LYLES*JULIA~
NM1*IL*1*LYLES*JENNIFER****MI*W239760219~
NM1*82*2*GENESIS REHABILITATION HOSPITAL, INC.*****XX*1912947748~
REF*1L*0326415-010-00005- B~
REF*CE*Open Access Aetna Select  8480 NET 01564~
DTM*232*20211222~
DTM*233*20211229~
DTM*050*20220104~
PER*CX**TE*8886323862~
AMT*AU*1480~
SVC*HC>97530>GO*740*90.25*0430*4~
DTM*472*20211222~
CAS*CO*45*609.75~
CAS*PR*3*40~
REF*6R*BROP0000855430-1~
AMT*B6*130.25~
SVC*HC>97530>GO*740*90.25*0430*4~
DTM*472*20211229~
CAS*CO*45*609.75~
CAS*PR*3*40~
REF*6R*BROP0000855430-2~
AMT*B6*130.25~
CLP*NAB1000827*1*740*0*130.25*13*E5JMVLM140000*13*2~
NM1*QC*1*COLEMAN*THOMAS*M***MI*W147279507~
NM1*82*2*GENESIS REHABILITATION HOSPITAL, INC.*****XX*1912947748~
REF*1L*0697870-034-00001-AV~
REF*CE*Aetna HealthFund  Aetna Choice  POS II NET 00448~
DTM*232*20211122~
DTM*233*20211122~
DTM*050*20220115~
PER*CX**TE*8886323862~
AMT*AU*740~
SVC*HC>97530>GP*740*0*0420*4~
DTM*472*20211122~
CAS*CO*45*609.75~
CAS*PR*1*130.25~
REF*6R*BROP0000782793-1~
AMT*B6*130.25~
CLP*NAB1058813*1*525*253.8*28.2*13*E536T2D5H0000*13*3~
NM1*QC*1*NGIN*SAMUEL~
NM1*IL*1*NGIN*NARY****MI*W265182136~
NM1*82*2*GENESIS REHABILITATION HOSPITAL, INC.*****XX*1912947748~
REF*1L*0141981-030-00001-KA~
REF*CE*Aetna Choice  POS II NET 00448~
DTM*232*20210910~
DTM*233*20210924~
DTM*050*20220111~
PER*CX**TE*8886323862~
AMT*AU*525~
SVC*HC>92507>GN*175*84.6*0440*1~
DTM*472*20210910~
CAS*CO*45*81~
CAS*PR*2*9.4~
REF*6R*BROP0000795958-1~
AMT*B6*94~
SVC*HC>92507>GN*175*84.6*0440*1~
DTM*472*20210917~
CAS*CO*45*81~
CAS*PR*2*9.4~
REF*6R*BROP0000795958-2~
AMT*B6*94~
SVC*HC>92507>GN*175*84.6*0440*1~
DTM*472*20210924~
CAS*CO*45*81~
CAS*PR*2*9.4~
REF*6R*BROP0000795958-3~
AMT*B6*94~
CLP*NAB1206345*1*350*108*80*12*E536VGQFT0000*13*3~
NM1*QC*1*MILLER*KIERAN~
NM1*IL*1*MILLER*SUSAN****MI*W252174347~
NM1*74*1**FRANCIS~
NM1*82*2*GENESIS REHABILITATION HOSPITAL, INC.*****XX*1912947748~
REF*1L*0326415-010-00014- B~
REF*CE*Open Access Aetna Select  8480 NET 01564~
DTM*232*20211213~
DTM*233*20211228~
DTM*050*20220104~
PER*CX**TE*8886323862~
AMT*AU*350~
SVC*HC>92507>GT>GN*175*54*0440*1*HC>92507>GN>GT~
DTM*472*20211213~
CAS*CO*45*81~
CAS*PR*3*40~
REF*6R*BROP0000853776-1~
AMT*B6*94~
SVC*HC>92507>GT>GN*175*54*0440*1*HC>92507>GN>GT~
DTM*472*20211228~
CAS*CO*45*81~
CAS*PR*3*40~
REF*6R*BROP0000853776-2~
AMT*B6*94~
CLP*NAB0965331*1*380*114.9**13*E6Y1VPNQS0000*13*2~
NM1*QC*1*STECKLER*ROBIN~
NM1*IL*1*STECKLER*STEVEN****MI*W117296246~
NM1*82*2*GENESIS REHABILITATION HOSPITAL, INC.*****XX*1912947748~
REF*1L*0868870-010-00007-AC~
REF*CE*Aetna Choice  POS II NET 00448~
DTM*232*20211130~
DTM*233*20211130~
DTM*050*20220115~
PER*CX**TE*8886323862~
AMT*AU*380~
SVC*HC>97530>GO*185*32.56*0430*1~
DTM*472*20211130~
CAS*CO*45*152.44~
REF*6R*BROP0000809124-1~
AMT*B6*32.56~
SVC*HC>97165>GO*195*82.34*0434*1~
DTM*472*20211130~
CAS*CO*45*112.66~
REF*6R*BROP0000809124-2~
AMT*B6*82.34~
CLP*NAB1000023*2*2230*75.38**12*E7ACVH1KC0000*13*2~
CAS*OA*23*301.54~
CAS*PR*2*-120~
NM1*QC*1*URBANSKI*VERNA*P***MI*2EV3T87PT99~
NM1*74*1******C*W240152702~
NM1*82*2*GENESIS REHABILITATION HOSPITAL, INC.*****XX*1912947748~
REF*1L*0326415-013-00100- A~
REF*CE*Open Access Aetna Select  8480 NET 01564~
DTM*232*20211119~
DTM*233*20211129~
DTM*050*20220111~
PER*CX**TE*8886323862~
AMT*AU*185~
SVC*HC>97110>GP*185*256.92*0420*1~
DTM*472*20211119~
CAS*OA*23*1853.08**94*-2045~
CAS*PR*3*120~
REF*6R*BROP0000778109-1~
AMT*B6*376.92~
SVC*HC>97110>GP*740*0*0420*4~
DTM*472*20211123~
CAS*CO*97*740~
REF*6R*BROP0000778109-3~
REF*HPI*1417541467~
LQ*HE*N20~
SVC*HC>97110>GP*740*0*0420*4~
DTM*472*20211129~
CAS*CO*97*740~
REF*6R*BROP0000778109-4~
REF*HPI*1487244828~
LQ*HE*N20~
SVC*HC>97530>GP*370*0*0420*2~
DTM*472*20211119~
CAS*CO*97*370~
REF*6R*BROP0000778109-2~
LQ*HE*N20~
SVC*HC>97161>GP*195*0*0424*1~
DTM*472*20211119~
CAS*CO*97*195~
REF*6R*BROP0000778109-5~
LQ*HE*N20~
CLP*NAB1224237*1*740*130.25**13*E7ACVLT320000*13*2~
NM1*QC*1*PUTZ*ETHAN~
NM1*IL*1*PUTZ*DAVID****MI*W264497406~
NM1*82*2*GENESIS REHABILITATION HOSPITAL, INC.*****XX*1912947748~
REF*1L*0468752-014-00001-BC~
REF*CE*Aetna Choice  POS II NET 00448~
DTM*232*20211207~
DTM*233*20211207~
DTM*050*20220115~
PER*CX**TE*8886323862~
AMT*AU*740~
SVC*HC>97530>GP*740*130.25*0420*4~
DTM*472*20211207~
CAS*CO*45*609.75~
REF*6R*BROP0000854483-1~
AMT*B6*130.25~
CLP*NAB1255215*1*2220*212.97*120*12*E7TXVGZNG0000*13*3~
NM1*QC*1*CALLOWAY*TARA****MI*W240147298~
NM1*74*1*BROWN~
NM1*82*2*GENESIS REHABILITATION HOSPITAL, INC.*****XX*1912947748~
REF*1L*0326415-010-00030- B~
REF*CE*Open Access Aetna Select  8480 NET 01564~
DTM*232*20211202~
DTM*233*20211214~
DTM*050*20220104~
PER*CX**TE*8886323862~
AMT*AU*2220~
SVC*HC>97110>GP*555*36.02*0420*3~
DTM*472*20211202~
CAS*CO*45*478.98~
CAS*PR*3*40~
REF*6R*BROP0000853948-1~
AMT*B6*76.02~
SVC*HC>97530>GP*185*32.56*0420*1~
DTM*472*20211202~
CAS*CO*45*152.44~
REF*6R*BROP0000853948-2~
AMT*B6*32.56~
SVC*HC>97110>GP*555*36.02*0420*3~
DTM*472*20211207~
CAS*CO*45*478.98~
CAS*PR*3*40~
REF*6R*BROP0000853948-3~
AMT*B6*76.02~
SVC*HC>97530>GP*185*32.56*0420*1~
DTM*472*20211207~
CAS*CO*45*152.44~
REF*6R*BROP0000853948-4~
AMT*B6*32.56~
SVC*HC>97110>GP*370*50.68*0420*2~
DTM*472*20211214~
CAS*CO*45*319.32~
REF*6R*BROP0000853948-5~
AMT*B6*50.68~
SVC*HC>97530>GP*370*25.13*0420*2~
DTM*472*20211214~
CAS*CO*45*304.87~
CAS*PR*3*40~
REF*6R*BROP0000853948-6~
AMT*B6*65.13~
CLP*NAB1151279*1*5170*0**13*E736VLM6X0000*13*2~
NM1*QC*1*BAVARO*MICHAEL~
NM1*IL*1*BAVARO*LOUIS****MI*W259854681~
NM1*82*2*GENESIS REHABILITATION HOSPITAL, INC.*****XX*1912947748~
REF*1L*0148751-011-00001-BA~
REF*CE*Aetna Choice  POS II NET 00448~
DTM*232*20210604~
DTM*233*20210630~
DTM*050*20220115~
PER*CX**TE*8886323862~
SVC*HC>97530>GO*370*0*0430*0**2~
DTM*472*20210604~
CAS*OA*18*370*2~
REF*6R*BROP0000831118-1~
SVC*HC>97112>GO*740*0*0430*0**4~
DTM*472*20210609~
CAS*OA*18*740*4~
REF*6R*BROP0000831118-2~
REF*HPI*1508322876~
SVC*HC>97110>GO*370*0*0430*0**2~
DTM*472*20210615~
CAS*OA*18*370*2~
REF*6R*BROP0000831118-3~
REF*HPI*1508322876~
SVC*HC>97112>GO*185*0*0430*0**1~
DTM*472*20210615~
CAS*OA*18*185*1~
REF*6R*BROP0000831118-4~
REF*HPI*1508322876~
SVC*HC>97530>GO*185*0*0430*0**1~
DTM*472*20210615~
CAS*OA*18*185*1~
REF*6R*BROP0000831118-5~
REF*HPI*1508322876~
SVC*HC>97530>GO*740*0*0430*0**4~
DTM*472*20210617~
CAS*OA*18*740*4~
REF*6R*BROP0000831118-6~
REF*HPI*1508322876~
SVC*HC>97110>GO*370*0*0430*0**2~
DTM*472*20210624~
CAS*OA*18*370*2~
REF*6R*BROP0000831118-7~
SVC*HC>97530>GO*370*0*0430*0**2~
DTM*472*20210624~
CAS*OA*18*370*2~
REF*6R*BROP0000831118-8~
SVC*HC>97110>GO*370*0*0430*0**2~
DTM*472*20210628~
CAS*OA*18*370*2~
REF*6R*BROP0000831118-9~
REF*HPI*1508322876~
SVC*HC>97112>GO*370*0*0430*0**2~
DTM*472*20210628~
CAS*OA*18*370*2~
REF*6R*BROP0000831118-10~
REF*HPI*1508322876~
SVC*HC>97110>GO*370*0*0430*0**2~
DTM*472*20210630~
CAS*OA*18*370*2~
REF*6R*BROP0000831118-11~
SVC*HC>97530>59*370*0*0430*0*HC>97530>GO>59*2~
DTM*472*20210630~
CAS*OA*18*370*2~
REF*6R*BROP0000831118-12~
SVC*HC>97535>GO*165*0*0430*0**1~
DTM*472*20210630~
CAS*OA*18*165*1~
REF*6R*BROP0000831118-13~
SVC*HC>97167>GO*195*0*0434*0**1~
DTM*472*20210604~
CAS*OA*18*195*1~
REF*6R*BROP0000831118-14~
CLP*NAA8019415*22*-2960*0**13*E8PCL3Y8Z0000*13*3~
NM1*QC*1*BLIGEWHITE*DOMECA*N***MI*W237287029~
NM1*74*1*WHITE~
NM1*82*2*GENESIS REHABILITATION HOSPITAL, INC.*****XX*1912947748~
REF*1L*0868870-012-00012-XE~
REF*CE*Aexcel  Plus Aetna Choice  POS II NET 00448~
DTM*232*20201104~
DTM*233*20201123~
DTM*050*20201202~
PER*CX**TE*8886323862~
SVC*HC>97110>GP*-740*0*0420*0**4~
DTM*472*20201123~
CAS*CO*226*-740*4~
REF*6R*MT4.97110GP.20201123.4.~
LQ*HE*N517~
SVC*HC>97110>GP>CQ*-740*0*0420*0**4~
DTM*472*20201116~
CAS*CO*226*-740*4~
REF*6R*MT3.97110CQ.20201116.3.~
LQ*HE*N517~
SVC*HC>97110>GP>CQ*-740*0*0420*0**4~
DTM*472*20201109~
CAS*CO*226*-740*4~
REF*6R*MT2.97110CQ.20201109.2.~
LQ*HE*N517~
SVC*HC>97110>GP>CQ*-740*0*0420*0**4~
DTM*472*20201104~
CAS*CO*226*-740*4~
REF*6R*MT1.97110CQ.20201104.1.~
LQ*HE*N517~
CLP*NAA8019415*1*2960*420.24**13*E8PCL3Y8Z0001*13*3~
NM1*QC*1*BLIGEWHITE*DOMECA*N***MI*W237287029~
NM1*74*1*WHITE~
NM1*82*2*GENESIS REHABILITATION HOSPITAL, INC.*****XX*1912947748~
REF*1L*0868870-012-00012-XE~
REF*CE*Aexcel  Plus Aetna Choice  POS II NET 00448~
REF*F8*E8PCL3Y8Z0000~
DTM*232*20201104~
DTM*233*20201123~
DTM*050*20220114~
PER*CX**TE*8886323862~
AMT*AU*2960~
SVC*HC>97110>GP*740*105.06*0420*4~
DTM*472*20201123~
CAS*CO*45*634.94~
REF*6R*MT4.97110GP.20201123.4.~
AMT*B6*105.06~
SVC*HC>97110>GP>CQ*740*105.06*0420*4~
DTM*472*20201116~
CAS*CO*45*634.94~
REF*6R*MT3.97110CQ.20201116.3.~
AMT*B6*105.06~
SVC*HC>97110>GP>CQ*740*105.06*0420*4~
DTM*472*20201109~
CAS*CO*45*634.94~
REF*6R*MT2.97110CQ.20201109.2.~
AMT*B6*105.06~
SVC*HC>97110>GP>CQ*740*105.06*0420*4~
DTM*472*20201104~
CAS*CO*45*634.94~
REF*6R*MT1.97110CQ.20201104.1.~
AMT*B6*105.06~
CLP*NAB0935499*1*2960*376.35*94.1*13*E8PCVLPQJ0000*13*3~
NM1*QC*1*HOUDARI*MUNA****MI*W108133885~
NM1*82*2*GENESIS REHABILITATION HOSPITAL, INC.*****XX*1912947748~
REF*1L*0868870-013-00010-HC~
REF*CE*Aetna Choice  POS II NET 00448~
DTM*232*20211101~
DTM*233*20211122~
DTM*050*20220115~
PER*CX**TE*8886323862~
AMT*AU*2960~
SVC*HC>97110>GP*370*40.54*0420*2~
DTM*472*20211101~
CAS*CO*45*319.32~
CAS*PR*2*10.14~
REF*6R*BROP0000777719-1~
AMT*B6*50.68~
SVC*HC>97530>GP*370*52.1*0420*2~
DTM*472*20211101~
CAS*CO*45*304.87~
CAS*PR*2*13.03~
REF*6R*BROP0000777719-2~
AMT*B6*65.13~
SVC*HC>97110>GP*555*60.82*0420*3~
DTM*472*20211108~
CAS*CO*45*478.98~
CAS*PR*2*15.2~
REF*6R*BROP0000777719-3~
AMT*B6*76.02~
SVC*HC>97530>GP*185*26.05*0420*1~
DTM*472*20211108~
CAS*CO*45*152.44~
CAS*PR*2*6.51~
REF*6R*BROP0000777719-4~
AMT*B6*32.56~
SVC*HC>97110>GP*185*20.27*0420*1~
DTM*472*20211110~
CAS*CO*45*159.66~
CAS*PR*2*5.07~
REF*6R*BROP0000777719-5~
REF*HPI*1053833913~
AMT*B6*25.34~
SVC*HC>97530>GP*555*78.15*0420*3~
DTM*472*20211110~
CAS*CO*45*457.31~
CAS*PR*2*19.54~
REF*6R*BROP0000777719-6~
REF*HPI*1053833913~
AMT*B6*97.69~
SVC*HC>97110>GP*185*20.27*0420*1~
DTM*472*20211122~
CAS*CO*45*159.66~
CAS*PR*2*5.07~
REF*6R*BROP0000777719-7~
AMT*B6*25.34~
SVC*HC>97530>GP*555*78.15*0420*3~
DTM*472*20211122~
CAS*CO*45*457.31~
CAS*PR*2*19.54~
REF*6R*BROP0000777719-8~
AMT*B6*97.69~
CLP*NAB0977657*1*3885*520.2**13*E9ACVGBKC0000*13*3~
NM1*QC*1*LEE*SANDRA*L***MI*W229337186~
NM1*82*2*GENESIS REHABILITATION HOSPITAL, INC.*****XX*1912947748~
REF*1L*0868870-010-00013-AC~
REF*CE*Aetna Choice  POS II NET 00448~
DTM*232*20211104~
DTM*233*20211119~
DTM*050*20220115~
PER*CX**TE*8886323862~
AMT*AU*3885~
SVC*HC>97110>GP*370*50.68*0420*2~
DTM*472*20211104~
CAS*CO*45*319.32~
REF*6R*BROP0000777808-1~
AMT*B6*50.68~
SVC*HC>97140>GP*185*23.35*0420*1~
DTM*472*20211104~
CAS*CO*45*161.65~
REF*6R*BROP0000777808-2~
AMT*B6*23.35~
SVC*HC>97110>GP*370*50.68*0420*2~
DTM*472*20211105~
CAS*CO*45*319.32~
REF*6R*BROP0000777808-3~
REF*HPI*1184779282~
AMT*B6*50.68~
SVC*HC>97140>GP*185*23.35*0420*1~
DTM*472*20211105~
CAS*CO*45*161.65~
REF*6R*BROP0000777808-4~
REF*HPI*1184779282~
AMT*B6*23.35~
SVC*HC>97110>GP*370*50.68*0420*2~
DTM*472*20211111~
CAS*CO*45*319.32~
REF*6R*BROP0000777808-5~
AMT*B6*50.68~
SVC*HC>97140>GP*185*23.35*0420*1~
DTM*472*20211111~
CAS*CO*45*161.65~
REF*6R*BROP0000777808-6~
AMT*B6*23.35~
SVC*HC>97110>GP*555*76.02*0420*3~
DTM*472*20211112~
CAS*CO*45*478.98~
REF*6R*BROP0000777808-7~
REF*HPI*1184779282~
AMT*B6*76.02~
SVC*HC>97140>GP*185*23.35*0420*1~
DTM*472*20211112~
CAS*CO*45*161.65~
REF*6R*BROP0000777808-8~
REF*HPI*1184779282~
AMT*B6*23.35~
SVC*HC>97110>GP*555*76.02*0420*3~
DTM*472*20211118~
CAS*CO*45*478.98~
REF*6R*BROP0000777808-9~
AMT*B6*76.02~
SVC*HC>97140>GP*185*23.35*0420*1~
DTM*472*20211118~
CAS*CO*45*161.65~
REF*6R*BROP0000777808-10~
AMT*B6*23.35~
SVC*HC>97110>GP*555*76.02*0420*3~
DTM*472*20211119~
CAS*CO*45*478.98~
REF*6R*BROP0000777808-11~
AMT*B6*76.02~
SVC*HC>97140>GP*185*23.35*0420*1~
DTM*472*20211119~
CAS*CO*45*161.65~
REF*6R*BROP0000777808-12~
AMT*B6*23.35~
CLP*NAB1259283*1*740*0*101.35*13*E903VF4RN0000*13*3~
NM1*QC*1*MILLER*KARMEN~
NM1*IL*1*MILLER*MARK****MI*12723367W~
NM1*74*1******C*W199799132~
NM1*82*2*GENESIS REHABILITATION HOSPITAL, INC.*****XX*1912947748~
REF*1L*0895530-010-00304-KD~
REF*CE*Aetna HealthFund  Aetna Choice  POS II NET 00448~
DTM*232*20211230~
DTM*233*20211230~
DTM*050*20220115~
PER*CX**TE*8886323862~
AMT*AU*740~
SVC*HC>97110>GP*740*0*0420*4~
DTM*472*20211230~
CAS*CO*45*638.65~
CAS*PR*1*101.35~
REF*6R*BROP0000854451-1~
AMT*B6*101.35~
SE*4568*0420~
ST*835*0421~
BPR*I*1872.34*C*ACH*CCP*01*031100209*DA*0000009108*1066033492**01*063013924*DA*2527179389*20220124~
TRN*1*822019000272355*1066033492~
REF*EV*XXXXXXXXXXXXXXXXXXXXXXXXXXXXXX~
DTM*405*20220119~
N1*PR*AETNA~
N3*151 FARMINGTON AVENUE~
N4*HARTFORD*CT*06156~
REF*2U*60054~
PER*BL*Provider Service~
N1*PE*GENESIS REHABILITATION HOSPITAL, INC.*XX*1912947748~
N3*PO BOX 830677~
N4*BIRMINGHAM*AL*352830677~
REF*PQ*026244390~
REF*TJ*593284221~
LX*1~
TS3*1912947748*22*20221231*9*20105~
CLP*NAB1153733*1*555*94*182*12*EJPCW141P0000*13*1~
NM1*QC*1*DRUMMOND*LEVI~
NM1*IL*1*DRUMMOND*JAMES****MI*W269477244~
NM1*82*2*GENESIS REHABILITATION HOSPITAL, INC.*****XX*1912947748~
REF*1L*0149317-010-00704- X~
REF*CE*Aetna Open Access  Elect Choice NET 01564~
DTM*232*20211215~
DTM*233*20211215~
DTM*050*20220115~
PER*CX**TE*8886323862~
AMT*AU*555~
SVC*HC>92507>GN*175*94*0440*1~
DTM*472*20211215~
CAS*CO*45*81~
REF*6R*BROP0000860187-1~
AMT*B6*94~
SVC*HC>92523>GN*380*0*0444*1~
DTM*472*20211215~
CAS*CO*45*198~
CAS*PR*1*182~
REF*6R*BROP0000860187-2~
AMT*B6*182~
CLP*NAB0653355*1*5305*1240.74**13*EJY1W0Y5D0000*13*3~
NM1*QC*1*WIGGINS*GARY****MI*W226041771~
NM1*82*2*GENESIS REHABILITATION HOSPITAL, INC.*****XX*1912947748~
MOA***MA15~
REF*1L*0837869-014-00001-EA~
REF*CE*Aetna Open Access  Managed Choice NET 00448~
DTM*232*20211005~
DTM*233*20211028~
DTM*050*20220114~
PER*CX**TE*8886323862~
AMT*AU*5305~
SVC*HC>92507>59>GP*370*50.68*0420*2*HC>97110>GP>59~
DTM*472*20211005~
CAS*CO*45*319.32~
REF*6R*BROP0000715779-1~
AMT*B6*50.68~
SVC*HC>92507>59>GP*370*65.13*0420*2*HC>97530>GP>59~
DTM*472*20211005~
CAS*CO*45*304.87~
REF*6R*BROP0000715779-2~
AMT*B6*65.13~
SVC*HC>92507>59>GP*370*50.68*0420*2*HC>97110>GP>59~
DTM*472*20211012~
CAS*CO*45*319.32~
REF*6R*BROP0000715779-3~
AMT*B6*50.68~
SVC*HC>92507>59>GP*370*65.13*0420*2*HC>97530>GP>59~
DTM*472*20211012~
CAS*CO*45*304.87~
REF*6R*BROP0000715779-4~
AMT*B6*65.13~
SVC*HC>92507>59>GP*370*50.68*0420*2*HC>97110>GP>59~
DTM*472*20211019~
CAS*CO*45*319.32~
REF*6R*BROP0000715779-5~
REF*HPI*1053833913~
AMT*B6*50.68~
SVC*HC>92507>59>GP*370*65.13*0420*2*HC>97530>GP>59~
DTM*472*20211019~
CAS*CO*45*304.87~
REF*6R*BROP0000715779-6~
REF*HPI*1053833913~
AMT*B6*65.13~
SVC*HC>92507>59>GP*185*25.34*0420*1*HC>97110>GP>59~
DTM*472*20211021~
CAS*CO*45*159.66~
REF*6R*BROP0000715779-7~
REF*HPI*1053833913~
AMT*B6*25.34~
SVC*HC>92507>59>GP*555*97.69*0420*3*HC>97530>GP>59~
DTM*472*20211021~
CAS*CO*45*457.31~
REF*6R*BROP0000715779-8~
REF*HPI*1053833913~
AMT*B6*97.69~
SVC*HC>92507>GN*175*94*0440*1~
DTM*472*20211005~
CAS*CO*45*81~
REF*6R*BROP0000715779-19~
REF*HPI*1144898859~
AMT*B6*94~
SVC*HC>92507>GN*175*94*0440*1~
DTM*472*20211008~
CAS*CO*45*81~
REF*6R*BROP0000715779-20~
REF*HPI*1144898859~
AMT*B6*94~
SVC*HC>92507>GN*175*94*0440*1~
DTM*472*20211012~
CAS*CO*45*81~
REF*6R*BROP0000715779-21~
REF*HPI*1144898859~
AMT*B6*94~
SVC*HC>92507>GN*175*94*0440*1~
DTM*472*20211019~
CAS*CO*45*81~
REF*6R*BROP0000715779-22~
REF*HPI*1144898859~
AMT*B6*94~
SVC*HC>92507>GN*175*94*0440*1~
DTM*472*20211021~
CAS*CO*45*81~
REF*6R*BROP0000715779-23~
REF*HPI*1144898859~
AMT*B6*94~
SVC*HC>92507>GN*175*94*0440*1~
DTM*472*20211028~
CAS*CO*45*81~
REF*6R*BROP0000715779-24~
REF*HPI*1144898859~
AMT*B6*94~
SVC*HC>92507>59>GO*185*25.34*0430*1*HC>97110>GO>59~
DTM*472*20211005~
CAS*CO*45*159.66~
REF*6R*BROP0000715779-9~
AMT*B6*25.34~
SVC*HC>92507>59>GO*370*65.13*0430*2*HC>97530>GO>59~
DTM*472*20211005~
CAS*CO*45*304.87~
REF*6R*BROP0000715779-10~
AMT*B6*65.13~
SVC*HC>92507>59>GO*370*50.68*0430*2*HC>97110>GO>59~
DTM*472*20211012~
CAS*CO*45*319.32~
REF*6R*BROP0000715779-11~
REF*HPI*1811043623~
AMT*B6*50.68~
SVC*HC>92507>59>GO*370*65.13*0430*2*HC>97530>GO>59~
DTM*472*20211012~
CAS*CO*45*304.87~
REF*6R*BROP0000715779-12~
REF*HPI*1811043623~
AMT*B6*65.13~
CLP*NAB0653355*1*2035*315.61**13*EJY1W0Y5D0001*13*3~
NM1*QC*1*WIGGINS*GARY****MI*W226041771~
NM1*82*2*GENESIS REHABILITATION HOSPITAL, INC.*****XX*1912947748~
MOA***MA15~
REF*1L*0837869-014-00001-EA~
REF*CE*Aetna Open Access  Managed Choice NET 00448~
DTM*232*20211019~
DTM*233*20211028~
DTM*050*20220114~
PER*CX**TE*8886323862~
AMT*AU*2035~
SVC*HC>92507>59>GO*370*50.68*0430*2*HC>97110>GO>59~
DTM*472*20211019~
CAS*CO*45*319.32~
REF*6R*BROP0000715779-13~
AMT*B6*50.68~
SVC*HC>92507>59>GO*370*65.13*0430*2*HC>97530>GO>59~
DTM*472*20211019~
CAS*CO*45*304.87~
REF*6R*BROP0000715779-14~
AMT*B6*65.13~
SVC*HC>92507>59>GO*370*50.68*0430*2*HC>97110>GO>59~
DTM*472*20211021~
CAS*CO*45*319.32~
REF*6R*BROP0000715779-15~
AMT*B6*50.68~
SVC*HC>92507>59>GO*370*58.65*0430*2*HC>97112>GO>59~
DTM*472*20211021~
CAS*CO*45*311.35~
REF*6R*BROP0000715779-16~
AMT*B6*58.65~
SVC*HC>92507>59>GO*185*25.34*0430*1*HC>97110>GO>59~
DTM*472*20211028~
CAS*CO*45*159.66~
REF*6R*BROP0000715779-17~
AMT*B6*25.34~
SVC*HC>92507>59>GO*370*65.13*0430*2*HC>97530>GO>59~
DTM*472*20211028~
CAS*CO*45*304.87~
REF*6R*BROP0000715779-18~
AMT*B6*65.13~
CLP*NAB1338943*1*1480*0*209.93*13*EK36WXGFN0000*13*4~
NM1*QC*1*CLAYTON*ELIZABETH****MI*W267756534~
NM1*82*2*GENESIS REHABILITATION HOSPITAL, INC.*****XX*1912947748~
REF*1L*0149989-011-00001-AG~
REF*CE*OA Managed Choice  POS~
DTM*232*20220105~
DTM*233*20220107~
DTM*050*20220113~
PER*CX**TE*8886323862~
AMT*AU*1480~
SVC*HC>97110>GP*740*0*0420*4~
DTM*472*20220105~
CAS*CO*45*638.65~
CAS*PR*1*101.35~
REF*6R*BROP0000876946-1~
AMT*B6*101.35~
SVC*HC>97110>GP*555*0*0420*3~
DTM*472*20220107~
CAS*CO*45*478.98~
CAS*PR*1*76.02~
REF*6R*BROP0000876946-2~
AMT*B6*76.02~
SVC*HC>97530>GP*185*0*0420*1~
DTM*472*20220107~
CAS*CO*45*152.44~
CAS*PR*1*32.56~
REF*6R*BROP0000876946-3~
AMT*B6*32.56~
CLP*NAB0876043*1*545*75.2*388.8*13*EWPCVPLVN0000*13*3~
NM1*QC*1*SHAPIRO*CALEV~
NM1*IL*1*SHAPIRO*STEVEN****MI*W24092027302~
NM1*74*1******C*W240920273~
NM1*82*2*GENESIS REHABILITATION HOSPITAL, INC.*****XX*1912947748~
REF*1L*0835507-011-00001-BG~
REF*CE*Aetna Open Access  Managed Choice NET 00448~
DTM*232*20211020~
DTM*233*20211020~
DTM*050*20220115~
PER*CX**TE*8886323862~
AMT*AU*545~
SVC*HC>97530>59>GO*370*0*0430*0*HC>97530>GO>59*2~
DTM*472*20211020~
CAS*PR*96*370*2~
REF*6R*BROP0000782787-1~
AMT*B6*65.13~
LQ*HE*N130~
SVC*HC>92507>GN*175*75.2*0440*1~
DTM*472*20211020~
CAS*CO*45*81~
CAS*PR*2*18.8~
REF*6R*BROP0000782787-2~
REF*HPI*1609987346~
AMT*B6*94~
CLP*NAB1251971*1*2590*0*455.91*13*E2FCVPDR50000*13*3~
NM1*QC*1*HALL*JULIET****MI*W228377167~
NM1*74*1**JOEL~
NM1*82*2*GENESIS REHABILITATION HOSPITAL, INC.*****XX*1912947748~
REF*1L*0868287-010-00109-RB~
REF*CE*Aetna Open Access  Managed Choice NET 08096~
DTM*232*20211206~
DTM*233*20211230~
DTM*050*20220115~
PER*CX**TE*8886323862~
AMT*AU*2590~
SVC*HC>97530>GP*370*0*0420*2~
DTM*472*20211206~
CAS*CO*45*304.87~
CAS*PR*1*65.13~
REF*6R*BROP0000854334-1~
AMT*B6*65.13~
SVC*HC>97530>GP*370*0*0420*2~
DTM*472*20211209~
CAS*CO*45*304.87~
CAS*PR*1*65.13~
REF*6R*BROP0000854334-2~
AMT*B6*65.13~
SVC*HC>97530>GP*370*0*0420*2~
DTM*472*20211213~
CAS*CO*45*304.87~
CAS*PR*1*65.13~
REF*6R*BROP0000854334-3~
AMT*B6*65.13~
SVC*HC>97530>GP*370*0*0420*2~
DTM*472*20211216~
CAS*CO*45*304.87~
CAS*PR*1*65.13~
REF*6R*BROP0000854334-4~
AMT*B6*65.13~
SVC*HC>97530>GP*370*0*0420*2~
DTM*472*20211221~
CAS*CO*45*304.87~
CAS*PR*1*65.13~
REF*6R*BROP0000854334-5~
AMT*B6*65.13~
SVC*HC>97530>GP*370*0*0420*2~
DTM*472*20211223~
CAS*CO*45*304.87~
CAS*PR*1*65.13~
REF*6R*BROP0000854334-6~
AMT*B6*65.13~
SVC*HC>97530>GP*370*0*0420*2~
DTM*472*20211230~
CAS*CO*45*304.87~
CAS*PR*1*65.13~
REF*6R*BROP0000854334-7~
AMT*B6*65.13~
CLP*NAB1232487*1*3525*71.59*465.37*13*E3TXVL8NR0000*13*2~
NM1*QC*1*ROLDAN*IAN****MI*W266913443~
NM1*74*1**CHRISTINA~
NM1*82*2*GENESIS REHABILITATION HOSPITAL, INC.*****XX*1912947748~
REF*1L*0169725-011-00001-BD~
REF*CE*OA Managed Choice  POS~
DTM*232*20211217~
DTM*233*20211230~
DTM*050*20220117~
PER*CX**TE*8886323862~
AMT*AU*3525~
SVC*HC>97110>GP*185*0*0420*1~
DTM*472*20211217~
CAS*CO*45*159.66~
CAS*PR*1*25.34~
REF*6R*BROP0000885657-1~
AMT*B6*25.34~
SVC*HC>97140>GP*185*0*0420*1~
DTM*472*20211217~
CAS*CO*45*161.65~
CAS*PR*1*23.35~
REF*6R*BROP0000885657-2~
AMT*B6*23.35~
SVC*HC>97110>GP*555*0*0420*3~
DTM*472*20211221~
CAS*CO*45*478.98~
CAS*PR*1*76.02~
REF*6R*BROP0000885657-3~
AMT*B6*76.02~
SVC*HC>97140>GP*185*0*0420*1~
DTM*472*20211221~
CAS*CO*45*161.65~
CAS*PR*1*23.35~
REF*6R*BROP0000885657-4~
AMT*B6*23.35~
SVC*HC>97110>GP*740*0*0420*4~
DTM*472*20211223~
CAS*CO*45*638.65~
CAS*PR*1*101.35~
REF*6R*BROP0000885657-5~
AMT*B6*101.35~
SVC*HC>97110>GP*740*0*0420*4~
DTM*472*20211228~
CAS*CO*45*638.65~
CAS*PR*1*101.35~
REF*6R*BROP0000885657-6~
AMT*B6*101.35~
SVC*HC>97110>GP*740*71.59*0420*4~
DTM*472*20211230~
CAS*CO*45*638.65~
CAS*PR*1*11.86**2*17.9~
REF*6R*BROP0000885657-7~
AMT*B6*101.35~
SVC*HC>97161>GP*195*0*0424*1~
DTM*472*20211217~
CAS*CO*45*110.15~
CAS*PR*1*84.85~
REF*6R*BROP0000885657-8~
AMT*B6*84.85~
CLP*NAB1273705*1*2045*0*348.71*12*E7TXVPJ8B0000*13*2~
NM1*QC*1*REY*DAVID****MI*W264426209~
NM1*74*1**AMANDA~
NM1*82*2*GENESIS REHABILITATION HOSPITAL, INC.*****XX*1912947748~
MOA***MA15~
REF*1L*0160978-010-00002- J~
REF*CE*Open Choice  PPO~
DTM*232*20211217~
DTM*233*20211230~
DTM*050*20220115~
PER*CX**TE*8886323862~
AMT*AU*2045~
SVC*HC>97110>GP*185*0*0420*1~
DTM*472*20211217~
CAS*CO*45*159.66~
CAS*PR*1*25.34~
REF*6R*BROP0000854576-1~
AMT*B6*25.34~
SVC*HC>97530>59>GP*185*0*0420*1*HC>97530>GP>59~
DTM*472*20211217~
CAS*CO*45*152.44~
CAS*PR*1*32.56~
REF*6R*BROP0000854576-2~
AMT*B6*32.56~
SVC*HC>97110>GP*555*0*0420*3~
DTM*472*20211221~
CAS*CO*45*478.98~
CAS*PR*1*76.02~
REF*6R*BROP0000854576-3~
AMT*B6*76.02~
SVC*HC>97140>GP*185*0*0420*1~
DTM*472*20211221~
CAS*CO*45*161.65~
CAS*PR*1*23.35~
REF*6R*BROP0000854576-4~
AMT*B6*23.35~
SVC*HC>97110>GP*370*0*0420*2~
DTM*472*20211230~
CAS*CO*45*319.32~
CAS*PR*1*50.68~
REF*6R*BROP0000854576-5~
AMT*B6*50.68~
SVC*HC>97140>GP*185*0*0420*1~
DTM*472*20211230~
CAS*CO*45*161.65~
CAS*PR*1*23.35~
REF*6R*BROP0000854576-6~
AMT*B6*23.35~
SVC*HC>97530>59>GP*185*0*0420*1*HC>97530>GP>59~
DTM*472*20211230~
CAS*CO*45*152.44~
CAS*PR*1*32.56~
REF*6R*BROP0000854576-7~
AMT*B6*32.56~
SVC*HC>97161>GP*195*0*0424*1~
DTM*472*20211217~
CAS*CO*45*110.15~
CAS*PR*1*84.85~
REF*6R*BROP0000854576-8~
AMT*B6*84.85~
CLP*NAB1206487*1*2025*75.2*1868.8*13*E9JCVB6DX0000*13*3~
NM1*QC*1*SHAPIRO*CALEV~
NM1*IL*1*SHAPIRO*STEVEN****MI*W24092027302~
NM1*74*1******C*W240920273~
NM1*82*2*GENESIS REHABILITATION HOSPITAL, INC.*****XX*1912947748~
REF*1L*0835507-011-00001-BG~
REF*CE*Aetna Open Access  Managed Choice NET 00448~
DTM*232*20211201~
DTM*233*20211217~
DTM*050*20220115~
PER*CX**TE*8886323862~
AMT*AU*2025~
SVC*HC>97110>GP*185*0*0420*0**1~
DTM*472*20211203~
CAS*PR*96*185*1~
REF*6R*BROP0000854607-1~
AMT*B6*25.34~
LQ*HE*N130~
SVC*HC>97530>GP*185*0*0420*0**1~
DTM*472*20211203~
CAS*PR*96*185*1~
REF*6R*BROP0000854607-2~
AMT*B6*32.56~
LQ*HE*N130~
SVC*HC>97110>GP*370*0*0420*0**2~
DTM*472*20211210~
CAS*PR*96*370*2~
REF*6R*BROP0000854607-3~
AMT*B6*50.68~
LQ*HE*N130~
SVC*HC>97110>GP*185*0*0420*0**1~
DTM*472*20211217~
CAS*PR*96*185*1~
REF*6R*BROP0000854607-4~
AMT*B6*25.34~
LQ*HE*N130~
SVC*HC>97530>GP*185*0*0420*0**1~
DTM*472*20211217~
CAS*PR*96*185*1~
REF*6R*BROP0000854607-5~
AMT*B6*32.56~
LQ*HE*N130~
SVC*HC>97530>59>GO*370*0*0430*0*HC>97530>GO>59*2~
DTM*472*20211201~
CAS*PR*96*370*2~
REF*6R*BROP0000854607-6~
REF*HPI*1982130241~
AMT*B6*65.13~
LQ*HE*N130~
SVC*HC>97530>GO*370*0*0430*0**2~
DTM*472*20211208~
CAS*PR*96*370*2~
REF*6R*BROP0000854607-7~
REF*HPI*1982130241~
AMT*B6*65.13~
LQ*HE*N130~
SVC*HC>92507>GN*175*75.2*0440*1~
DTM*472*20211201~
CAS*CO*45*81~
CAS*PR*2*18.8~
REF*6R*BROP0000854607-8~
REF*HPI*1609987346~
AMT*B6*94~
SE*482*0421~
ST*835*0422~
BPR*I*135.92*C*ACH*CCP*01*031100209*DA*0000009132*1066033492**01*063013924*DA*2527179389*20220124~
TRN*1*822019000272357*1066033492~
REF*EV*XXXXXXXXXXXXXXXXXXXXXXXXXXXXXX~
DTM*405*20220119~
N1*PR*AETNA~
N3*151 FARMINGTON AVENUE~
N4*HARTFORD*CT*06156~
REF*2U*60054~
PER*BL*Provider Service~
N1*PE*GENESIS REHABILITATION HOSPITAL, INC.*XX*1912947748~
N3*PO BOX 830677~
N4*BIRMINGHAM*AL*352830677~
REF*PQ*026244390~
REF*TJ*593284221~
LX*1~
TS3*1912947748*11*20221231*3*56530~
CLP*NAB1226969*2*1400*135.92**13*EKACW0GK00000*13*3~
CAS*OA*23*543.84~
NM1*QC*1*HARLESS*GARY****MI*3EP6Q08AX78~
NM1*74*1******C*W238968174~
NM1*82*2*GENESIS REHABILITATION HOSPITAL, INC.*****XX*1912947748~
REF*1L*0285629-012-00003-DI~
REF*CE*Aetna HealthFund  Aetna Choice  POS II NET 00448~
DTM*232*20211206~
DTM*233*20211230~
DTM*050*20220115~
PER*CX**TE*8004107778~
AMT*AU*175~
SVC*HC>92526>GN*175*679.76*0440*1~
DTM*472*20211206~
CAS*OA*23*720.24**94*-1225~
REF*6R*BROP0000854513-1~
REF*HPI*1184963084~
AMT*B6*679.76~
SVC*HC>92526>GN*175*0*0440*1~
DTM*472*20211210~
CAS*CO*97*175~
REF*6R*BROP0000854513-2~
LQ*HE*N20~
SVC*HC>92526>GN*175*0*0440*1~
DTM*472*20211213~
CAS*CO*97*175~
REF*6R*BROP0000854513-3~
LQ*HE*N20~
SVC*HC>92526>GN*175*0*0440*1~
DTM*472*20211217~
CAS*CO*97*175~
REF*6R*BROP0000854513-4~
LQ*HE*N20~
SVC*HC>92526>GN*175*0*0440*1~
DTM*472*20211220~
CAS*CO*97*175~
REF*6R*BROP0000854513-5~
REF*HPI*1184963084~
LQ*HE*N20~
SVC*HC>92526>GN*175*0*0440*1~
DTM*472*20211221~
CAS*CO*97*175~
REF*6R*BROP0000854513-6~
REF*HPI*1184963084~
LQ*HE*N20~
SVC*HC>92526>GN*175*0*0440*1~
DTM*472*20211228~
CAS*CO*97*175~
REF*6R*BROP0000854513-7~
REF*HPI*1952960478~
LQ*HE*N20~
SVC*HC>92526>GN*175*0*0440*1~
DTM*472*20211230~
CAS*CO*97*175~
REF*6R*BROP0000854513-8~
REF*HPI*1952960478~
LQ*HE*N20~
CLP*IAB1035947*2*53645*0**13*ELPCWPK280000*11*1~
CAS*OA*23*26352.22~
NM1*QC*1*ANDERSON*FLORENCE*P***MI*3NR0EJ8PK29~
NM1*74*1**MICHAEL*A***C*W238908763~
NM1*82*2*GENESIS REHABILITATION HOSPITAL, INC.*****XX*1912947748~
REF*1L*0285629-012-00007-DY~
REF*CE*Aetna HealthFund  Aetna Choice  POS II NET 00448~
DTM*232*20211117~
DTM*233*20211202~
DTM*050*20211230~
PER*CX**TE*8004107778~
SVC*HC>D0104*0*26352.22*0024*15*HP>D0104~
DTM*150*20211117~
DTM*151*20211202~
CAS*OA*23*27292.78**94*-53645~
REF*6R*BROO0000809184-1~
AMT*B6*26352.22~
SVC*NU>0128*21000*0**15~
DTM*150*20211117~
DTM*151*20211201~
CAS*CO*97*21000~
REF*6R*BROO0000809184-2~
LQ*HE*N20~
SVC*NU>0250*11947*0**291~
DTM*150*20211117~
DTM*151*20211202~
CAS*CO*97*11947~
REF*6R*BROO0000809184-3~
LQ*HE*N20~
SVC*NU>0270*480*0**15~
DTM*150*20211117~
DTM*151*20211202~
CAS*CO*97*480~
REF*6R*BROO0000809184-4~
LQ*HE*N20~
SVC*NU>0300*10538*0**11~
DTM*150*20211117~
DTM*151*20211202~
CAS*CO*97*10538~
REF*6R*BROO0000809184-5~
LQ*HE*N20~
SVC*NU>0420*4867*0**58~
DTM*150*20211117~
DTM*151*20211202~
CAS*CO*97*4867~
REF*6R*BROO0000809184-6~
LQ*HE*N20~
SVC*NU>0430*4637*0**56~
DTM*150*20211117~
DTM*151*20211202~
CAS*CO*97*4637~
REF*6R*BROO0000809184-7~
LQ*HE*N20~
SVC*NU>0440*176*0**2~
DTM*150*20211117~
DTM*151*20211202~
CAS*CO*97*176~
REF*6R*BROO0000809184-8~
LQ*HE*N20~
CLP*NAB1243581*1*1485*0*1485*13*E0PCVLNTX0000*13*3~
NM1*QC*1*GRISWOLD*MARIE****MI*W238966167~
NM1*74*1**KENNETH~
NM1*82*2*GENESIS REHABILITATION HOSPITAL, INC.*****XX*1912947748~
REF*1L*0285629-012-00008-EC~
REF*CE*Aetna HealthFund  Aetna Choice  POS II NET 00448~
DTM*232*20211210~
DTM*233*20211231~
DTM*050*20220115~
PER*CX**TE*8004107778~
AMT*AU*1485~
SVC*HC>97535>GO*660*0*0430*0**4~
DTM*472*20211210~
CAS*PR*96*660*4~
REF*6R*BROP0000855099-1~
AMT*B6*112.51~
LQ*HE*N130~
SVC*HC>97535>GO*825*0*0430*0**5~
DTM*472*20211231~
CAS*PR*96*825*5~
REF*6R*BROP0000855099-2~
AMT*B6*140.63~
LQ*HE*N130~
SE*157*0422~
ST*835*0423~
BPR*H*0*C*NON************20220119~
TRN*1*922019000272359*1066033492~
REF*EV*XXXXXXXXXXXXXXXXXXXXXXXXXXXXXX~
DTM*405*20220119~
N1*PR*AETNA~
N3*151 FARMINGTON AVENUE~
N4*HARTFORD*CT*06156~
REF*2U*60054~
PER*BL*Provider Service~
N1*PE*GENESIS REHABILITATION HOSPITAL, INC.*XX*1912947748~
N3*PO BOX 830677~
N4*BIRMINGHAM*AL*352830677~
REF*PQ*026244390~
REF*TJ*593284221~
LX*1~
TS3*1912947748*61*20221231*1*47490~
CLP*IAB1050413*2*47490*0**13*EKTXWZP7Y0000*11*1~
CAS*OA*23*21733.15~
NM1*QC*1*SMITH*JUNE*Y***MI*4FU8TK1JF47~
NM1*74*1**YVONNE*H***C*W239343431~
NM1*82*2*GENESIS REHABILITATION HOSPITAL, INC.*****XX*1912947748~
REF*1L*0285631-014-00001-AB~
REF*CE*Aetna HealthFund  Aetna Choice  POS II NET 00448~
DTM*232*20211120~
DTM*233*20211203~
DTM*050*20220112~
PER*CX**TE*8006388432~
SVC*HC>D0303*0*21733.15*0024*13*HP>D0303~
DTM*150*20211120~
DTM*151*20211203~
CAS*OA*23*25756.85**94*-47490~
REF*6R*BROO0000826739-1~
AMT*B6*21733.15~
SVC*NU>0128*18200*0**13~
DTM*150*20211120~
DTM*151*20211202~
CAS*CO*97*18200~
REF*6R*BROO0000826739-2~
LQ*HE*N20~
SVC*NU>0250*11570*0**381~
DTM*150*20211120~
DTM*151*20211203~
CAS*CO*97*11570~
REF*6R*BROO0000826739-3~
LQ*HE*N20~
SVC*NU>0270*416*0**13~
DTM*150*20211120~
DTM*151*20211203~
CAS*CO*97*416~
REF*6R*BROO0000826739-4~
LQ*HE*N20~
SVC*NU>0300*7307*0**9~
DTM*150*20211120~
DTM*151*20211203~
CAS*CO*97*7307~
REF*6R*BROO0000826739-5~
LQ*HE*N20~
SVC*NU>0420*2954*0**35~
DTM*150*20211120~
DTM*151*20211203~
CAS*CO*97*2954~
REF*6R*BROO0000826739-6~
LQ*HE*N20~
SVC*NU>0430*3247*0**38~
DTM*150*20211120~
DTM*151*20211203~
CAS*CO*97*3247~
REF*6R*BROO0000826739-7~
LQ*HE*N20~
SVC*NU>0440*3796*0**19~
DTM*150*20211120~
DTM*151*20211203~
CAS*CO*97*3796~
REF*6R*BROO0000826739-8~
LQ*HE*N20~
SE*77*0423~
ST*835*0424~
BPR*I*49.22*C*ACH*CCP*01*031100209*DA*0000009134*1066033492**01*063013924*DA*2527179389*20220124~
TRN*1*822019000272360*1066033492~
REF*EV*XXXXXXXXXXXXXXXXXXXXXXXXXXXXXX~
DTM*405*20220119~
N1*PR*AETNA~
N3*151 FARMINGTON AVENUE~
N4*HARTFORD*CT*06156~
REF*2U*60054~
PER*BL*Provider Service~
N1*PE*GENESIS REHABILITATION HOSPITAL, INC.*XX*1912947748~
N3*PO BOX 830677~
N4*BIRMINGHAM*AL*352830677~
REF*PQ*026244390~
REF*TJ*593284221~
LX*1~
TS3*1912947748*22*20221231*1*330~
CLP*NAB1097507*1*330*49.22*5.47*13*EJFCW2Q150000*13*1~
NM1*QC*1*HANCOCK*B*C***MI*W239109258~
NM1*74*1**B CHARLOTTE~
NM1*82*2*GENESIS REHABILITATION HOSPITAL, INC.*****XX*1912947748~
REF*1L*0285630-017-00001-AC~
REF*CE*Aetna HealthFund  Aetna Choice  POS II NET 00448~
DTM*232*20211208~
DTM*233*20211208~
DTM*050*20220115~
PER*CX**TE*2028335751~
AMT*AU*330~
SVC*HC>97542>GP*330*49.22*0420*2~
DTM*472*20211208~
CAS*CO*45*275.31~
CAS*PR*2*5.47~
REF*6R*BROP0000858186-1~
AMT*B6*54.69~
SE*35*0424~
ST*835*1477~
BPR*I*187.39*C*ACH*CCP*01*031100209*DA*0038865237*1066033492**01*063013924*DA*2527179362*20220121~
TRN*1*160118220250427*1066033492~
REF*EV*XXXXXXXXXXXXXXXXXXXXXXXXXXXXXX~
DTM*405*20220119~
N1*PR*AETNA~
N3*151 FARMINGTON AVENUE~
N4*HARTFORD*CT*06156~
REF*2U*60054~
PER*BL*Provider Service~
N1*PE*GENESIS HEALTH DEVELOPMENT, INC*XX*1821030115~
N3*P. O. BOX 830674~
N4*BIRMINGHAM*AL*352830674~
REF*PQ*759702230~
REF*TJ*592249372~
LX*1~
TS3*1710023825*11*20221231*1*875~
CLP*NAB0937855*1*875*187.39*140*13*220114E114300000*11*1~
NM1*QC*1*FLAMAND*ROBERT****MI*MEBT5FHY~
NM1*74*1*FLAMAND JR~
NM1*82*2*GENESIS HEALTH DEVELOPMENT, INC*****XX*1710023825~
REF*1L*467480-011~
REF*CE*PREMIER PLUS PPO NET 03408~
DTM*232*20211101~
DTM*233*20211130~
DTM*050*20220114~
PER*CX**TE*8006240756~
AMT*AU*875~
SVC*HC>92507>GN*175*30.48**1~
DTM*472*20211101~
CAS*CO*45*109.52~
CAS*PR*3*35~
REF*6R*BROP0000774271-1~
AMT*B6*65.48~
LQ*HE*N59~
SVC*HC>92507>GN*350*95.95**2~
DTM*472*20211102~
CAS*CO*45*219.05~
CAS*PR*3*35~
REF*6R*BROP0000774271-2~
AMT*B6*130.95~
LQ*HE*N59~
SVC*HC>92507>GN*175*30.48**1~
DTM*472*20211116~
CAS*CO*45*109.52~
CAS*PR*3*35~
REF*6R*BROP0000774271-3~
AMT*B6*65.48~
LQ*HE*N59~
SVC*HC>92507>GN*175*30.48**1~
DTM*472*20211130~
CAS*CO*45*109.52~
CAS*PR*3*35~
REF*6R*BROP0000774271-4~
AMT*B6*65.48~
LQ*HE*N59~
SE*57*1477~
ST*835*1478~
BPR*I*364.25*C*ACH*CCP*01*031100209*DA*0038865237*1066033492**01*063013924*DA*2527179362*20220121~
TRN*1*160118220257184*1066033492~
REF*EV*XXXXXXXXXXXXXXXXXXXXXXXXXXXXXX~
DTM*405*20220119~
N1*PR*AETNA~
N3*151 FARMINGTON AVENUE~
N4*HARTFORD*CT*06156~
REF*2U*60054~
PER*BL*Provider Service~
N1*PE*GENESIS HEALTH DEVELOPMENT, INC*XX*1033154992~
N3*PO BOX 830674~
N4*BIRMINGHAM*AL*352830674~
REF*PQ*759702230~
REF*TJ*592249372~
LX*1~
TS3*1053877324*11*20221231*1*740~
CLP*NAB0936703*1*740*0**13*220114E114290000*11*1~
NM1*QC*1*FEDYNICH*PETER***JR*MI*MEBVJ97C~
NM1*82*2*GENESIS HEALTH DEVELOPMENT, INC*****XX*1053877324~
REF*1L*467603-024~
REF*CE*GROUP MEDICARE STANDARD PLAN NET 03413~
DTM*232*20211101~
DTM*233*20211101~
DTM*050*20220114~
PER*CX**TE*8006240756~
SVC*HC>97140>GP*185*0**0**1~
DTM*472*20211101~
CAS*CO*151*185*1~
REF*6R*BROP0000773361-2~
SVC*HC>97110>GP*555*0**0**3~
DTM*472*20211101~
CAS*OA*18*555*3~
REF*6R*BROP0000773361-1~
LQ*HE*N522~
LX*2~
TS3*1174961064*11*20221231*1*740~
CLP*NAB0964527*1*740*71.59*35*13*220114E038670000*11*1~
NM1*QC*1*SHEN*JAMES*X***MI*MEBVS1NC~
NM1*82*2*GENESIS HEALTH DEVELOPMENT, INC*****XX*1174961064~
REF*1L*467480-010~
REF*CE*PREMIER PLUS PPO NET 03413~
DTM*232*20211129~
DTM*233*20211129~
DTM*050*20220114~
PER*CX**TE*8006240756~
AMT*AU*740~
SVC*HC>97530>GP>59*185*0**1~
DTM*472*20211129~
CAS*CO*45*152.44~
CAS*PR*3*32.56~
REF*6R*BROP0000799145-3~
AMT*B6*32.56~
SVC*HC>97140>GP*185*20.91**1~
DTM*472*20211129~
CAS*CO*45*161.65~
CAS*PR*3*2.44~
REF*6R*BROP0000799145-2~
AMT*B6*23.35~
LQ*HE*N59~
SVC*HC>97110>GP*370*50.68**2~
DTM*472*20211129~
CAS*CO*45*319.32~
REF*6R*BROP0000799145-1~
AMT*B6*50.68~
LQ*HE*N59~
LX*3~
TS3*1578832911*11*20221231*2*4255~
CLP*NAB0810025*1*740*0**13*220114E024000000*11*1~
NM1*QC*1*FEDYNICH*PETER***JR*MI*MEBVJ97C~
NM1*82*2*GENESIS HEALTH DEVELOPMENT, INC*****XX*1578832911~
REF*1L*467603-024~
REF*CE*GROUP MEDICARE STANDARD PLAN NET 03413~
DTM*232*20211018~
DTM*233*20211018~
DTM*050*20220114~
PER*CX**TE*8006240756~
SVC*HC>97140>GP*185*0**0**1~
DTM*472*20211018~
CAS*CO*151*185*1~
REF*6R*BROP0000808387-2~
SVC*HC>97110>GP*555*0**0**3~
DTM*472*20211018~
CAS*OA*18*555*3~
REF*6R*BROP0000808387-1~
LQ*HE*N522~
CLP*NAB0936725*1*3515*103.36**13*220114E089380000*11*1~
NM1*QC*1*FEDYNICH*PETER***JR*MI*MEBVJ97C~
NM1*82*2*GENESIS HEALTH DEVELOPMENT, INC*****XX*1578832911~
REF*1L*467603-024~
REF*CE*GROUP MEDICARE STANDARD PLAN NET 03413~
DTM*232*20211115~
DTM*233*20211129~
DTM*050*20220114~
PER*CX**TE*8006240756~
AMT*AU*740~
SVC*HC>97140>GP*185*0**0**1~
DTM*472*20211115~
CAS*CO*151*185*1~
REF*6R*BROP0000773363-3~
SVC*HC>97112>GP*185*0**0**1~
DTM*472*20211115~
CAS*OA*18*185*1~
REF*6R*BROP0000773363-2~
LQ*HE*N522~
SVC*HC>97110>GP*370*0**0**2~
DTM*472*20211115~
CAS*OA*18*370*2~
REF*6R*BROP0000773363-1~
LQ*HE*N522~
SVC*HC>97140>GP*185*23.35**1~
DTM*472*20211117~
CAS*CO*45*161.65~
REF*6R*BROP0000773363-6~
AMT*B6*23.35~
LQ*HE*N59~
SVC*HC>97112>GP*185*29.33**1~
DTM*472*20211117~
CAS*CO*45*155.67~
REF*6R*BROP0000773363-5~
AMT*B6*29.33~
LQ*HE*N59~
SVC*HC>97110>GP*370*50.68**2~
DTM*472*20211117~
CAS*CO*45*319.32~
REF*6R*BROP0000773363-4~
AMT*B6*50.68~
LQ*HE*N59~
SVC*HC>97140>GP*185*0**0**1~
DTM*472*20211119~
CAS*CO*151*185*1~
REF*6R*BROP0000773363-9~
SVC*HC>97112>GP*185*0**0**1~
DTM*472*20211119~
CAS*OA*18*185*1~
REF*6R*BROP0000773363-8~
LQ*HE*N522~
SVC*HC>97110>GP*370*0**0**2~
DTM*472*20211119~
CAS*OA*18*370*2~
REF*6R*BROP0000773363-7~
LQ*HE*N522~
SVC*HC>97140>GP*185*0**0**1~
DTM*472*20211122~
CAS*CO*151*185*1~
REF*6R*BROP0000773363-12~
SVC*HC>97112>GP*185*0**0**1~
DTM*472*20211122~
CAS*OA*18*185*1~
REF*6R*BROP0000773363-11~
LQ*HE*N522~
SVC*HC>97110>GP*370*0**0**2~
DTM*472*20211122~
CAS*OA*18*370*2~
REF*6R*BROP0000773363-10~
LQ*HE*N522~
SVC*HC>97110>GP*555*0**0**3~
DTM*472*20211129~
CAS*OA*18*555*3~
REF*6R*BROP0000773363-13~
LQ*HE*N522~
LX*4~
TS3*1861916447*11*20221231*1*3145~
CLP*NAB0936719*1*3145*58.65**13*220114E013620000*11*1~
NM1*QC*1*FEDYNICH*PETER***JR*MI*MEBVJ97C~
NM1*82*2*GENESIS HEALTH DEVELOPMENT, INC*****XX*1861916447~
REF*1L*467603-024~
REF*CE*GROUP MEDICARE STANDARD PLAN NET 03413~
DTM*232*20211103~
DTM*233*20211124~
DTM*050*20220114~
PER*CX**TE*8006240756~
AMT*AU*370~
SVC*HC>97110>GP*740*0**0**4~
DTM*472*20211103~
CAS*OA*18*740*4~
REF*6R*BROP0000773362-1~
LQ*HE*N522~
SVC*HC>97110>GP*370*0**0**2~
DTM*472*20211105~
CAS*OA*18*370*2~
REF*6R*BROP0000773362-2~
LQ*HE*N522~
SVC*HC>97112>GP*370*0**0**2~
DTM*472*20211108~
CAS*CO*151*370*2~
REF*6R*BROP0000773362-4~
SVC*HC>97110>GP*185*0**0**1~
DTM*472*20211108~
CAS*OA*18*185*1~
REF*6R*BROP0000773362-3~
LQ*HE*N522~
SVC*HC>97112>GP*370*58.65**2~
DTM*472*20211110~
CAS*CO*45*311.35~
REF*6R*BROP0000773362-6~
AMT*B6*58.65~
LQ*HE*N59~
SVC*HC>97110>GP*370*0**0**2~
DTM*472*20211110~
CAS*CO*151*370*2~
REF*6R*BROP0000773362-5~
SVC*HC>97110>GP*740*0**0**4~
DTM*472*20211124~
CAS*OA*18*740*4~
REF*6R*BROP0000773362-7~
LQ*HE*N522~
LX*5~
TS3*1922699792*11*20221231*1*935~
CLP*NAB0964511*1*935*130.65*70*13*220114E063910000*11*1~
NM1*QC*1*SHEN*JAMES*X***MI*MEBVS1NC~
NM1*82*2*GENESIS HEALTH DEVELOPMENT, INC*****XX*1922699792~
REF*1L*467480-010~
REF*CE*PREMIER PLUS PPO NET 03413~
DTM*232*20211122~
DTM*233*20211124~
DTM*050*20220114~
PER*CX**TE*8006240756~
AMT*AU*935~
SVC*HC>97530>GP*185*0**1~
DTM*472*20211122~
CAS*CO*45*152.44~
CAS*PR*3*32.56~
REF*6R*BROP0000799144-2~
AMT*B6*32.56~
SVC*HC>97161>GP*195*82.41**1~
DTM*472*20211122~
CAS*CO*45*110.15~
CAS*PR*3*2.44~
REF*6R*BROP0000799144-1~
AMT*B6*84.85~
LQ*HE*N59~
SVC*HC>97530>GP*185*0**1~
DTM*472*20211124~
CAS*CO*45*152.44~
CAS*PR*3*32.56~
REF*6R*BROP0000799144-4~
AMT*B6*32.56~
SVC*HC>97110>GP*370*48.24**2~
DTM*472*20211124~
CAS*CO*45*319.32~
CAS*PR*3*2.44~
REF*6R*BROP0000799144-3~
AMT*B6*50.68~
LQ*HE*N59~
SE*246*1478~
ST*835*1480~
BPR*I*571.35*C*ACH*CCP*01*031100209*DA*0038865237*1066033492**01*063013924*DA*2527179389*20220121~
TRN*1*160118220238615*1066033492~
REF*EV*XXXXXXXXXXXXXXXXXXXXXXXXXXXXXX~
DTM*405*20220119~
N1*PR*AETNA~
N3*151 FARMINGTON AVENUE~
N4*HARTFORD*CT*06156~
REF*2U*60054~
PER*BL*Provider Service~
N1*PE*GENESIS REHABILITATION HOSPITAL*XX*1912947748~
N3*P.O. BOX 830677~
N4*BIRMINGHAM*AL*35283~
REF*PQ*026244390~
REF*TJ*593284221~
LX*1~
TS3*1912947748*13*20221231*4*1652~
CLP*NAA6880487*22*-650*-55.57**13*200511E796180000*13*2~
NM1*QC*1*FOTI*BRIAN****MI*MEBNNRVQ~
NM1*82*2*GENESIS REHABILITATION HOSPITAL*****XX*1912947748~
REF*1L*467101-016~
REF*CE*PREMIER PPO NET 03413~
DTM*232*20200429~
DTM*233*20200429~
DTM*050*20200511~
PER*CX**TE*8006240756~
SVC*HC>97161>GP*-360*-22.73*0424*1~
DTM*472*20200429~
CAS*CO*253*-.46**45*-286.81~
CAS*PR*3*-50~
REF*6R*MT3.97161GP.20200429.3.~
LQ*HE*N59~
SVC*HC>97530>GP>59*-145*-32.84*0420*1~
DTM*472*20200429~
CAS*CO*253*-.67**45*-111.49~
REF*6R*MT2.97530GP.20200429.2.~
LQ*HE*N59~
SVC*HC>97140>GP*-145*0*0420*0**1~
DTM*472*20200429~
CAS*CO*231*-145*1~
REF*6R*MT1.97140GP.20200429.1.~
CLP*NAA6880487*1*650*79.3*50*13*211209C796180000*13*2~
NM1*QC*1*FOTI*BRIAN****MI*MEBNNRVQ~
NM1*82*2*GENESIS REHABILITATION HOSPITAL*****XX*1912947748~
REF*1L*467101-016~
REF*CE*PREMIER PPO NET 03413~
REF*F8*200511E796180000~
DTM*232*20200429~
DTM*233*20200429~
DTM*050*20211209~
PER*CX**TE*8006240756~
AMT*AU*650~
SVC*HC>97161>GP*360*22.73*0424*1~
DTM*472*20200429~
CAS*CO*253*.46**45*286.81~
CAS*PR*3*50~
REF*6R*MT3.97161GP.20200429.3.~
AMT*B6*73.19~
LQ*HE*N59~
SVC*HC>97530>GP>59*145*32.84*0420*1~
DTM*472*20200429~
CAS*CO*253*.67**45*111.49~
REF*6R*MT2.97530GP.20200429.2.~
AMT*B6*33.51~
LQ*HE*N59~
SVC*HC>97140>GP*145*23.73*0420*1~
DTM*472*20200429~
CAS*CO*253*.48**45*120.79~
REF*6R*MT1.97140GP.20200429.1.~
AMT*B6*24.21~
LQ*HE*N59~
CLP*NAB0733787*1*725*283.62*35*13*220114E008900000*13*2~
NM1*QC*1*ORTIZ*JUAN****MI*MEBT6M2V~
NM1*82*2*GENESIS REHABILITATION HOSPITAL*****XX*1912947748~
REF*1L*467480-010~
REF*CE*PREMIER PLUS PPO NET 03413~
DTM*232*20211025~
DTM*233*20211025~
DTM*050*20220114~
PER*CX**TE*8006240756~
AMT*AU*725~
SVC*HC>92522>GN*200*51*0444*1~
DTM*472*20211025~
CAS*CO*45*114~
CAS*PR*3*35~
REF*6R*BROP0000725092-3~
AMT*B6*86~
LQ*HE*N59~
SVC*HC>92610>GN*175*59.62*0444*1~
DTM*472*20211025~
CAS*CO*45*115.38~
REF*6R*BROP0000725092-4~
AMT*B6*59.62~
LQ*HE*N59~
SVC*HC>92507>GN*175*94*0440*1~
DTM*472*20211025~
CAS*CO*45*81~
REF*6R*BROP0000725092-1~
AMT*B6*94~
LQ*HE*N59~
SVC*HC>92526>GN*175*79*0440*1~
DTM*472*20211025~
CAS*CO*45*96~
REF*6R*BROP0000725092-2~
AMT*B6*79~
LQ*HE*N59~
CLP*NAB1207305*1*927*264*90*13*220114E109400000*13*3~
NM1*QC*1*CULLEN*THERESA****MI*MEBT2MVD~
NM1*82*2*GENESIS REHABILITATION HOSPITAL*****XX*1912947748~
REF*1L*467480-010~
REF*CE*PREMIER PLUS PPO NET 03413~
DTM*232*20211201~
DTM*233*20211228~
DTM*050*20220114~
PER*CX**TE*8006240756~
AMT*AU*927~
SVC*HC>90837*309*88*0911*1~
DTM*472*20211201~
CAS*CO*45*191~
CAS*PR*3*30~
REF*6R*BROP0000855021-1~
AMT*B6*118~
LQ*HE*N59~
SVC*HC>90837*309*88*0911*1~
DTM*472*20211209~
CAS*CO*45*191~
CAS*PR*3*30~
REF*6R*BROP0000855021-2~
AMT*B6*118~
LQ*HE*N59~
SVC*HC>90837*309*88*0911*1~
DTM*472*20211228~
CAS*CO*45*191~
CAS*PR*3*30~
REF*6R*BROP0000855021-3~
AMT*B6*118~
LQ*HE*N59~
SE*138*1480~
ST*835*2015~
BPR*I*284.62*C*ACH*CCP*01*031100209*DA*0038865237*1066033492**01*063013924*DA*2527179362*20220121~
TRN*1*160118220273048*1066033492~
REF*EV*XXXXXXXXXXXXXXXXXXXXXXXXXXXXXX~
DTM*405*20220119~
N1*PR*AETNA~
N3*151 FARMINGTON AVENUE~
N4*HARTFORD*CT*06156~
REF*2U*60054~
PER*BL*Provider Service~
N1*PE*GENESIS HEALTH DEVELOPMENT, INC*XX*1033154992~
N3*PO BOX 830674~
N4*BIRMINGHAM*AL*352830674~
REF*PQ*759702230~
REF*TJ*592249372~
LX*1~
TS3*1174961064*11*20221231*1*1480~
CLP*NAB1224737*1*1480*143.92*70*13*220115E010870000*11*1~
NM1*QC*1*SHEN*JAMES*X***MI*MEBVS1NC~
NM1*82*2*GENESIS HEALTH DEVELOPMENT, INC*****XX*1174961064~
REF*1L*467480-010~
REF*CE*PREMIER PLUS PPO NET 03413~
DTM*232*20211206~
DTM*233*20211223~
DTM*050*20220115~
PER*CX**TE*8006240756~
AMT*AU*1480~
SVC*HC>97530>GP*185*0**1~
DTM*472*20211206~
CAS*CO*45*152.44~
CAS*PR*3*32.56~
REF*6R*BROP0000850240-3~
AMT*B6*32.56~
SVC*HC>97112>GP*185*26.89**1~
DTM*472*20211206~
CAS*CO*45*155.67~
CAS*PR*3*2.44~
REF*6R*BROP0000850240-2~
AMT*B6*29.33~
LQ*HE*N59~
SVC*HC>97110>GP*370*50.68**2~
DTM*472*20211206~
CAS*CO*45*319.32~
REF*6R*BROP0000850240-1~
AMT*B6*50.68~
LQ*HE*N59~
SVC*HC>97110>GP*740*66.35**4~
DTM*472*20211223~
CAS*CO*45*638.65~
CAS*PR*3*35~
REF*6R*BROP0000850240-4~
AMT*B6*101.35~
LQ*HE*N59~
LX*2~
TS3*1578832911*11*20221231*1*1480~
CLP*NAB1207137*1*1480*0**13*220115E035960000*11*1~
NM1*QC*1*FEDYNICH*PETER***JR*MI*MEBVJ97C~
NM1*82*2*GENESIS HEALTH DEVELOPMENT, INC*****XX*1578832911~
REF*1L*467603-024~
REF*CE*GROUP MEDICARE STANDARD PLAN NET 03413~
DTM*232*20211201~
DTM*233*20211217~
DTM*050*20220115~
PER*CX**TE*8006240756~
SVC*HC>97110>GP*740*0**0**4~
DTM*472*20211201~
CAS*OA*18*740*4~
REF*6R*BROP0000850290-1~
LQ*HE*N522~
SVC*HC>97140>GP*185*0**0**1~
DTM*472*20211217~
CAS*CO*151*185*1~
REF*6R*BROP0000850290-3~
SVC*HC>97110>GP*555*0**0**3~
DTM*472*20211217~
CAS*CO*151*555*3~
REF*6R*BROP0000850290-2~
LX*3~
TS3*1619353588*11*20221231*1*740~
CLP*NAB1207159*1*740*0**13*220115E086370000*11*1~
NM1*QC*1*FEDYNICH*PETER***JR*MI*MEBVJ97C~
NM1*82*2*GENESIS HEALTH DEVELOPMENT, INC*****XX*1619353588~
REF*1L*467603-024~
REF*CE*GROUP MEDICARE STANDARD PLAN NET 03413~
DTM*232*20211224~
DTM*233*20211224~
DTM*050*20220115~
PER*CX**TE*8006240756~
SVC*HC>97110>GP*740*0**0**4~
DTM*472*20211224~
CAS*OA*18*740*4~
REF*6R*BROP0000850292-1~
LQ*HE*N522~
LX*4~
TS3*1861916447*11*20221231*1*4995~
CLP*NAB1207143*1*4995*25.34**13*220115E061610000*11*1~
NM1*QC*1*FEDYNICH*PETER***JR*MI*MEBVJ97C~
NM1*82*2*GENESIS HEALTH DEVELOPMENT, INC*****XX*1861916447~
REF*1L*467603-024~
REF*CE*GROUP MEDICARE STANDARD PLAN NET 03413~
DTM*232*20211203~
DTM*233*20211231~
DTM*050*20220115~
PER*CX**TE*8006240756~
AMT*AU*185~
SVC*HC>97110>GP*185*25.34**1**3~
DTM*472*20211206~
CAS*CO*45*159.66~
REF*6R*BROP0000850291-2~
AMT*B6*25.34~
LQ*HE*N59~
SVC*HC>97110>GP*370*0**0**1~
DTM*472*20211206~
CAS*CO*151*370*2~
REF*6R*BROP0000850291-2~
SVC*HC>97110>GP*370*0**0**2~
DTM*472*20211203~
CAS*OA*18*370*2~
REF*6R*BROP0000850291-1~
LQ*HE*N522~
SVC*HC>97110>GP*370*0**0**2~
DTM*472*20211208~
CAS*OA*18*370*2~
REF*6R*BROP0000850291-3~
LQ*HE*N522~
SVC*HC>97110>GP*740*0**0**4~
DTM*472*20211213~
CAS*OA*18*740*4~
REF*6R*BROP0000850291-4~
LQ*HE*N522~
SVC*HC>97110>GP*740*0**0**4~
DTM*472*20211220~
CAS*OA*18*740*4~
REF*6R*BROP0000850291-5~
LQ*HE*N522~
SVC*HC>97110>GP*740*0**0**4~
DTM*472*20211227~
CAS*CO*151*740*4~
REF*6R*BROP0000850291-6~
SVC*HC>97110>GP*740*0**0**4~
DTM*472*20211229~
CAS*OA*18*740*4~
REF*6R*BROP0000850291-7~
LQ*HE*N522~
SVC*HC>97110>GP*740*0**0**4~
DTM*472*20211231~
CAS*OA*18*740*4~
REF*6R*BROP0000850291-8~
LQ*HE*N522~
LX*5~
TS3*1922699792*11*20221231*1*1295~
CLP*NAB1224743*1*1295*115.36*70*13*220115E111130000*11*1~
NM1*QC*1*SHEN*JAMES*X***MI*MEBVS1NC~
NM1*82*2*GENESIS HEALTH DEVELOPMENT, INC*****XX*1922699792~
REF*1L*467480-010~
REF*CE*PREMIER PLUS PPO NET 03413~
DTM*232*20211209~
DTM*233*20211213~
DTM*050*20220115~
PER*CX**TE*8006240756~
AMT*AU*1295~
SVC*HC>97112>GP*185*0**1~
DTM*472*20211209~
CAS*CO*45*155.67~
CAS*PR*3*29.33~
REF*6R*BROP0000850241-2~
AMT*B6*29.33~
SVC*HC>97110>GP*370*45.01**2~
DTM*472*20211209~
CAS*CO*45*319.32~
CAS*PR*3*5.67~
REF*6R*BROP0000850241-1~
AMT*B6*50.68~
LQ*HE*N59~
SVC*HC>97112>GP*185*0**1~
DTM*472*20211213~
CAS*CO*45*155.67~
CAS*PR*3*29.33~
REF*6R*BROP0000850241-4~
AMT*B6*29.33~
SVC*HC>97110>GP*555*70.35**3~
DTM*472*20211213~
CAS*CO*45*478.98~
CAS*PR*3*5.67~
REF*6R*BROP0000850241-3~
AMT*B6*76.02~
LQ*HE*N59~
SE*188*2015~
ST*835*2016~
BPR*I*6244.69*C*ACH*CCP*01*031100209*DA*0038865237*1066033492**01*063013924*DA*2527179389*20220121~
TRN*1*160118220263358*1066033492~
REF*EV*XXXXXXXXXXXXXXXXXXXXXXXXXXXXXX~
DTM*405*20220119~
N1*PR*AETNA~
N3*151 FARMINGTON AVENUE~
N4*HARTFORD*CT*06156~
REF*2U*60054~
PER*BL*Provider Service~
N1*PE*GENESIS REHABILITATION HOSPITAL*XX*1912947748~
N3*P.O. BOX 830677~
N4*BIRMINGHAM*AL*35283~
REF*PQ*026244390~
REF*TJ*593284221~
LX*1~
TS3*1912947748*13*20221231*37*64787~
CLP*NAB0968143*1*2960*397.48**13*220115E007080000*13*3~
NM1*QC*1*BINGHI*BARBARA*P***MI*MEBVCT9K~
NM1*82*2*GENESIS REHABILITATION HOSPITAL*****XX*1912947748~
REF*1L*439638-169~
REF*CE*MEDICARE (C04) ESA PPO PLAN NET 03413~
DTM*232*20211101~
DTM*233*20211112~
DTM*050*20220115~
PER*CX**TE*8006240756~
AMT*AU*2960~
SVC*HC>97110>GP*555*76.02*0420*3~
DTM*472*20211101~
CAS*CO*45*478.98~
REF*6R*BROP0000777292-1~
AMT*B6*76.02~
LQ*HE*N59~
SVC*HC>97140>GP*185*23.35*0420*1~
DTM*472*20211101~
CAS*CO*45*161.65~
REF*6R*BROP0000777292-2~
AMT*B6*23.35~
LQ*HE*N59~
SVC*HC>97110>GP*555*76.02*0420*3~
DTM*472*20211104~
CAS*CO*45*478.98~
REF*6R*BROP0000777292-3~
AMT*B6*76.02~
LQ*HE*N59~
SVC*HC>97140>GP*185*23.35*0420*1~
DTM*472*20211104~
CAS*CO*45*161.65~
REF*6R*BROP0000777292-4~
AMT*B6*23.35~
LQ*HE*N59~
SVC*HC>97110>GP*555*76.02*0420*3~
DTM*472*20211110~
CAS*CO*45*478.98~
REF*6R*BROP0000777292-5~
AMT*B6*76.02~
LQ*HE*N59~
SVC*HC>97140>GP*185*23.35*0420*1~
DTM*472*20211110~
CAS*CO*45*161.65~
REF*6R*BROP0000777292-6~
AMT*B6*23.35~
LQ*HE*N59~
SVC*HC>97110>GP*555*76.02*0420*3~
DTM*472*20211112~
CAS*CO*45*478.98~
REF*6R*BROP0000777292-7~
AMT*B6*76.02~
LQ*HE*N59~
SVC*HC>97140>GP*185*23.35*0420*1~
DTM*472*20211112~
CAS*CO*45*161.65~
REF*6R*BROP0000777292-8~
AMT*B6*23.35~
LQ*HE*N59~
CLP*NAB1315855*1*299*89.98*20*13*220115E007090000*13*3~
NM1*QC*1*SMITH*STEVEN*R***MI*MEBS63XC~
NM1*82*2*GENESIS REHABILITATION HOSPITAL*****XX*1912947748~
REF*1L*467480-010~
REF*CE*PREMIER PLUS PPO NET 03413~
DTM*232*20211230~
DTM*233*20211230~
DTM*050*20220115~
PER*CX**TE*8006240756~
AMT*AU*299~
SVC*HC>96132*299*89.98*0918*1~
DTM*472*20211230~
CAS*CO*45*189.02~
CAS*PR*3*20~
REF*6R*BROP0000869198-1~
AMT*B6*109.98~
LQ*HE*N59~
CLP*NAB1270959*1*1120*170.44*70*13*220115E007100000*13*2~
NM1*QC*1*SAMAAN*VICTORIA****MI*MEBMNZ4N~
NM1*82*2*GENESIS REHABILITATION HOSPITAL*****XX*1912947748~
REF*1L*467480-010~
REF*CE*PREMIER PLUS PPO NET 03413~
DTM*232*20211221~
DTM*233*20211229~
DTM*050*20220115~
PER*CX**TE*8006240756~
AMT*AU*1120~
SVC*HC>97161>GP*195*49.85*0424*1~
DTM*472*20211221~
CAS*CO*45*110.15~
CAS*PR*3*35~
REF*6R*BROP0000854560-4~
AMT*B6*84.85~
LQ*HE*N59~
SVC*HC>97530>GP*185*32.56*0420*1~
DTM*472*20211221~
CAS*CO*45*152.44~
REF*6R*BROP0000854560-1~
AMT*B6*32.56~
LQ*HE*N59~
SVC*HC>97110>GP*185*0*0420*1~
DTM*472*20211229~
CAS*CO*45*159.66~
CAS*PR*3*25.34~
REF*6R*BROP0000854560-2~
REF*HPI*1609343326~
AMT*B6*25.34~
SVC*HC>97530>GP*555*88.03*0420*3~
DTM*472*20211229~
CAS*CO*45*457.31~
CAS*PR*3*9.66~
REF*6R*BROP0000854560-3~
REF*HPI*1609343326~
AMT*B6*97.69~
LQ*HE*N59~
CLP*NAB0941881*1*4995*378.31*280*13*220115E007110000*13*3~
NM1*QC*1*BREWER*HENRY****MI*MEBMMRMS~
NM1*82*2*GENESIS REHABILITATION HOSPITAL*****XX*1912947748~
REF*1L*467101-017~
REF*CE*PREMIER PPO NET 03413~
DTM*232*20211102~
DTM*233*20211129~
DTM*050*20220115~
PER*CX**TE*8006240756~
AMT*AU*4995~
SVC*HC>97110>GP*370*10.68*0420*2~
DTM*472*20211102~
CAS*CO*45*319.32~
CAS*PR*3*40~
REF*6R*BROP0000778438-1~
AMT*B6*50.68~
LQ*HE*N59~
SVC*HC>97140>GP*185*23.35*0420*1~
DTM*472*20211102~
CAS*CO*45*161.65~
REF*6R*BROP0000778438-2~
AMT*B6*23.35~
LQ*HE*N59~
SVC*HC>97110>GP*370*10.68*0420*2~
DTM*472*20211104~
CAS*CO*45*319.32~
CAS*PR*3*40~
REF*6R*BROP0000778438-3~
AMT*B6*50.68~
LQ*HE*N59~
SVC*HC>97140>GP*370*46.7*0420*2~
DTM*472*20211104~
CAS*CO*45*323.3~
REF*6R*BROP0000778438-4~
AMT*B6*46.7~
LQ*HE*N59~
SVC*HC>97110>GP*370*10.68*0420*2~
DTM*472*20211109~
CAS*CO*45*319.32~
CAS*PR*3*40~
REF*6R*BROP0000778438-5~
AMT*B6*50.68~
LQ*HE*N59~
SVC*HC>97140>GP*370*46.7*0420*2~
DTM*472*20211109~
CAS*CO*45*323.3~
REF*6R*BROP0000778438-6~
AMT*B6*46.7~
LQ*HE*N59~
SVC*HC>97110>GP*370*10.68*0420*2~
DTM*472*20211111~
CAS*CO*45*319.32~
CAS*PR*3*40~
REF*6R*BROP0000778438-7~
AMT*B6*50.68~
LQ*HE*N59~
SVC*HC>97140>GP*370*46.7*0420*2~
DTM*472*20211111~
CAS*CO*45*323.3~
REF*6R*BROP0000778438-8~
AMT*B6*46.7~
LQ*HE*N59~
SVC*HC>97110>GP*370*10.68*0420*2~
DTM*472*20211117~
CAS*CO*45*319.32~
CAS*PR*3*40~
REF*6R*BROP0000778438-9~
AMT*B6*50.68~
LQ*HE*N59~
SVC*HC>97140>GP*370*46.7*0420*2~
DTM*472*20211117~
CAS*CO*45*323.3~
REF*6R*BROP0000778438-10~
AMT*B6*46.7~
LQ*HE*N59~
SVC*HC>97110>GP*370*10.68*0420*2~
DTM*472*20211118~
CAS*CO*45*319.32~
CAS*PR*3*40~
REF*6R*BROP0000778438-11~
AMT*B6*50.68~
LQ*HE*N59~
SVC*HC>97140>GP*370*46.7*0420*2~
DTM*472*20211118~
CAS*CO*45*323.3~
REF*6R*BROP0000778438-12~
AMT*B6*46.7~
LQ*HE*N59~
SVC*HC>97110>GP*370*10.68*0420*2~
DTM*472*20211129~
CAS*CO*45*319.32~
CAS*PR*3*40~
REF*6R*BROP0000778438-13~
AMT*B6*50.68~
LQ*HE*N59~
SVC*HC>97140>GP*370*46.7*0420*2~
DTM*472*20211129~
CAS*CO*45*323.3~
REF*6R*BROP0000778438-14~
AMT*B6*46.7~
LQ*HE*N59~
CLP*NAB1265309*1*3895*326.12*207.56*13*220115E007120000*13*2~
NM1*QC*1*STOKES*PATRICIA****MI*MEBTQZSW~
NM1*82*2*GENESIS REHABILITATION HOSPITAL*****XX*1912947748~
REF*1L*467480-010~
REF*CE*PREMIER PLUS PPO NET 03413~
DTM*232*20211201~
DTM*233*20211223~
DTM*050*20220115~
PER*CX**TE*8006240756~
AMT*AU*3700~
SVC*HC>97162>GP*195*0*0424*0**1~
DTM*472*20211201~
CAS*CO*119*195*1~
REF*6R*BROP0000853755-11~
LQ*HE*N640~
SVC*HC>97530>GP*185*0*0420*1~
DTM*472*20211201~
CAS*CO*45*152.44~
CAS*PR*3*32.56~
REF*6R*BROP0000853755-1~
AMT*B6*32.56~
SVC*HC>97110>GP*555*41.02*0420*3~
DTM*472*20211206~
CAS*CO*45*478.98~
CAS*PR*3*35~
REF*6R*BROP0000853755-2~
AMT*B6*76.02~
LQ*HE*N59~
SVC*HC>97530>GP*185*32.56*0420*1~
DTM*472*20211206~
CAS*CO*45*152.44~
REF*6R*BROP0000853755-3~
AMT*B6*32.56~
LQ*HE*N59~
SVC*HC>97110>GP*555*41.02*0420*3~
DTM*472*20211208~
CAS*CO*45*478.98~
CAS*PR*3*35~
REF*6R*BROP0000853755-4~
AMT*B6*76.02~
LQ*HE*N59~
SVC*HC>97530>GP*185*32.56*0420*1~
DTM*472*20211208~
CAS*CO*45*152.44~
REF*6R*BROP0000853755-5~
AMT*B6*32.56~
LQ*HE*N59~
SVC*HC>97110>GP*555*41.02*0420*3~
DTM*472*20211216~
CAS*CO*45*478.98~
CAS*PR*3*35~
REF*6R*BROP0000853755-6~
AMT*B6*76.02~
LQ*HE*N59~
SVC*HC>97140>GP*185*23.35*0420*1~
DTM*472*20211216~
CAS*CO*45*161.65~
REF*6R*BROP0000853755-7~
AMT*B6*23.35~
LQ*HE*N59~
SVC*HC>97110>GP*740*66.35*0420*4~
DTM*472*20211220~
CAS*CO*45*638.65~
CAS*PR*3*35~
REF*6R*BROP0000853755-8~
AMT*B6*101.35~
LQ*HE*N59~
SVC*HC>97110>GP*370*15.68*0420*2~
DTM*472*20211223~
CAS*CO*45*319.32~
CAS*PR*3*35~
REF*6R*BROP0000853755-9~
AMT*B6*50.68~
LQ*HE*N59~
SVC*HC>97530>GP*185*32.56*0420*1~
DTM*472*20211223~
CAS*CO*45*152.44~
REF*6R*BROP0000853755-10~
AMT*B6*32.56~
LQ*HE*N59~
CLP*NAB1209157*1*330*36.25*20*13*220115E007130000*13*3~
NM1*QC*1*BARTEE*JAMES****MI*MEBSGNZF~
NM1*74*1******C*MEBVNCQM~
NM1*82*2*GENESIS REHABILITATION HOSPITAL*****XX*1912947748~
REF*1L*467658-015~
REF*CE*PREMIER ESA PPO PLAN NET 03413~
DTM*232*20211201~
DTM*233*20211201~
DTM*050*20220115~
PER*CX**TE*8006240756~
AMT*AU*330~
SVC*HC>97535>GO*330*36.25*0430*2~
DTM*472*20211201~
CAS*CO*45*273.75~
CAS*PR*3*20~
REF*6R*BROP0000854806-1~
AMT*B6*56.25~
LQ*HE*N59~
LQ*HE*N783~
CLP*NAB0960607*1*565*0**13*220115E032050000*13*2~
NM1*QC*1*JONES*FAYE****MI*MEBTY1KD~
NM1*74*1*JOHNSON JONES~
NM1*82*2*GENESIS REHABILITATION HOSPITAL*****XX*1912947748~
REF*1L*467480-010~
REF*CE*PREMIER PLUS PPO NET 03413~
DTM*232*20211111~
DTM*233*20211111~
DTM*050*20220115~
PER*CX**TE*8006240756~
SVC*HC>97161>GP*195*0*0424*0**1~
DTM*472*20211111~
CAS*OA*23*195*1~
REF*6R*BROP0000777245-2~
SVC*HC>97110>GP*370*0*0420*0**2~
DTM*472*20211111~
CAS*OA*23*370*2~
REF*6R*BROP0000777245-1~
CLP*NAB1236461*1*935*390.9**13*220115E032060000*13*2~
NM1*QC*1*LEE*PAUL*H***MI*MEBQ80JW~
NM1*82*2*GENESIS REHABILITATION HOSPITAL*****XX*1912947748~
REF*1L*456920-043~
REF*CE*SEHBP EDUCATORS MEDICARE PLAN NET 03413~
DTM*232*20211228~
DTM*233*20211231~
DTM*050*20220115~
PER*CX**TE*8006240756~
AMT*AU*935~
SVC*HC>92523>GN*380*182*0444*1~
DTM*472*20211228~
CAS*CO*45*198~
REF*6R*BROP0000862961-4~
AMT*B6*182~
LQ*HE*N59~
SVC*HC>92507>GN*175*94*0440*1~
DTM*472*20211228~
CAS*CO*45*81~
REF*6R*BROP0000862961-3~
AMT*B6*94~
LQ*HE*N59~
SVC*HC>97165>GO*195*82.34*0434*1~
DTM*472*20211231~
CAS*CO*45*112.66~
REF*6R*BROP0000862961-2~
REF*HPI*1073986139~
AMT*B6*82.34~
LQ*HE*N59~
SVC*HC>97530>GO*185*32.56*0430*1~
DTM*472*20211231~
CAS*CO*45*152.44~
REF*6R*BROP0000862961-1~
REF*HPI*1073986139~
AMT*B6*32.56~
LQ*HE*N59~
CLP*NAB0972565*1*2220*187.14*105*13*220115E032070000*13*3~
NM1*QC*1*MCDONALD*LINDA****MI*MEBTP3FH~
NM1*82*2*GENESIS REHABILITATION HOSPITAL*****XX*1912947748~
REF*1L*467480-010~
REF*CE*PREMIER PLUS PPO NET 03413~
DTM*232*20211101~
DTM*233*20211108~
DTM*050*20220115~
PER*CX**TE*8006240756~
AMT*AU*2220~
SVC*HC>97110>GP*370*15.68*0420*2~
DTM*472*20211101~
CAS*CO*45*319.32~
CAS*PR*3*35~
REF*6R*BROP0000777473-1~
AMT*B6*50.68~
LQ*HE*N59~
SVC*HC>97140>GP*370*46.7*0420*2~
DTM*472*20211101~
CAS*CO*45*323.3~
REF*6R*BROP0000777473-2~
AMT*B6*46.7~
LQ*HE*N59~
SVC*HC>97110>GP*370*15.68*0420*2~
DTM*472*20211104~
CAS*CO*45*319.32~
CAS*PR*3*35~
REF*6R*BROP0000777473-3~
AMT*B6*50.68~
LQ*HE*N59~
SVC*HC>97140>GP*370*46.7*0420*2~
DTM*472*20211104~
CAS*CO*45*323.3~
REF*6R*BROP0000777473-4~
AMT*B6*46.7~
LQ*HE*N59~
SVC*HC>97110>GP*370*15.68*0420*2~
DTM*472*20211108~
CAS*CO*45*319.32~
CAS*PR*3*35~
REF*6R*BROP0000777473-5~
AMT*B6*50.68~
LQ*HE*N59~
SVC*HC>97140>GP*370*46.7*0420*2~
DTM*472*20211108~
CAS*CO*45*323.3~
REF*6R*BROP0000777473-6~
AMT*B6*46.7~
LQ*HE*N59~
CLP*NAB1203675*1*624*43.56*35*13*220115E032080000*13*3~
NM1*QC*1*BARBER*FRANK****MI*MEBVM50W~
NM1*82*2*GENESIS REHABILITATION HOSPITAL*****XX*1912947748~
REF*1L*467480-010~
REF*CE*PREMIER PLUS PPO NET 03413~
DTM*232*20211217~
DTM*233*20211217~
DTM*050*20220115~
PER*CX**TE*8006240756~
AMT*AU*624~
SVC*HC>97129>GN*468*24.57*0440*3~
DTM*472*20211217~
CAS*CO*45*408.43~
CAS*PR*3*35~
REF*6R*BROP0000854994-1~
AMT*B6*59.57~
LQ*HE*N59~
SVC*HC>97130>GN*156*18.99*0440*1~
DTM*472*20211217~
CAS*CO*45*137.01~
REF*6R*BROP0000854994-2~
AMT*B6*18.99~
LQ*HE*N59~
CLP*NAB0976723*1*1400*472*280*13*220115E032100000*13*3~
NM1*QC*1*ARMS*CECILIA*M***MI*MEBML4XL~
NM1*82*2*GENESIS REHABILITATION HOSPITAL*****XX*1912947748~
REF*1L*467480-010~
REF*CE*PREMIER PLUS PPO NET 03413~
DTM*232*20211103~
DTM*233*20211129~
DTM*050*20220115~
PER*CX**TE*8006240756~
AMT*AU*1400~
SVC*HC>92507>GN*175*59*0440*1~
DTM*472*20211103~
CAS*CO*45*81~
CAS*PR*3*35~
REF*6R*BROP0000777791-1~
AMT*B6*94~
LQ*HE*N59~
SVC*HC>92507>GN*175*59*0440*1~
DTM*472*20211104~
CAS*CO*45*81~
CAS*PR*3*35~
REF*6R*BROP0000777791-2~
AMT*B6*94~
LQ*HE*N59~
SVC*HC>92507>GN*175*59*0440*1~
DTM*472*20211110~
CAS*CO*45*81~
CAS*PR*3*35~
REF*6R*BROP0000777791-3~
AMT*B6*94~
LQ*HE*N59~
SVC*HC>92507>GN*175*59*0440*1~
DTM*472*20211112~
CAS*CO*45*81~
CAS*PR*3*35~
REF*6R*BROP0000777791-4~
AMT*B6*94~
LQ*HE*N59~
SVC*HC>92507>GN*175*59*0440*1~
DTM*472*20211119~
CAS*CO*45*81~
CAS*PR*3*35~
REF*6R*BROP0000777791-5~
AMT*B6*94~
LQ*HE*N59~
SVC*HC>92507>GN*175*59*0440*1~
DTM*472*20211122~
CAS*CO*45*81~
CAS*PR*3*35~
REF*6R*BROP0000777791-6~
AMT*B6*94~
LQ*HE*N59~
SVC*HC>92507>GN*175*59*0440*1~
DTM*472*20211124~
CAS*CO*45*81~
CAS*PR*3*35~
REF*6R*BROP0000777791-7~
AMT*B6*94~
LQ*HE*N59~
SVC*HC>92507>GN*175*59*0440*1~
DTM*472*20211129~
CAS*CO*45*81~
CAS*PR*3*35~
REF*6R*BROP0000777791-8~
AMT*B6*94~
LQ*HE*N59~
CLP*NAB0789563*1*175*59*35*13*220115E032110000*13*3~
NM1*QC*1*ARMS*CECILIA*M***MI*MEBML4XL~
NM1*82*2*GENESIS REHABILITATION HOSPITAL*****XX*1912947748~
REF*1L*467480-010~
REF*CE*PREMIER PLUS PPO NET 03413~
DTM*232*20211020~
DTM*233*20211020~
DTM*050*20220115~
PER*CX**TE*8006240756~
AMT*AU*175~
SVC*HC>92507>GN*175*59*0440*1~
DTM*472*20211020~
CAS*CO*45*81~
CAS*PR*3*35~
REF*6R*BROP0000809042-1~
AMT*B6*94~
LQ*HE*N59~
CLP*NAB1246099*1*1225*413*245*13*220115E032120000*13*3~
NM1*QC*1*ARMS*CECILIA*M***MI*MEBML4XL~
NM1*82*2*GENESIS REHABILITATION HOSPITAL*****XX*1912947748~
REF*1L*467480-010~
REF*CE*PREMIER PLUS PPO NET 03413~
DTM*232*20211203~
DTM*233*20211230~
DTM*050*20220115~
PER*CX**TE*8006240756~
AMT*AU*1225~
SVC*HC>92507>GN*175*59*0440*1~
DTM*472*20211203~
CAS*CO*45*81~
CAS*PR*3*35~
REF*6R*BROP0000854221-1~
AMT*B6*94~
LQ*HE*N59~
SVC*HC>92507>GN*175*59*0440*1~
DTM*472*20211210~
CAS*CO*45*81~
CAS*PR*3*35~
REF*6R*BROP0000854221-2~
AMT*B6*94~
LQ*HE*N59~
SVC*HC>92507>GN*175*59*0440*1~
DTM*472*20211214~
CAS*CO*45*81~
CAS*PR*3*35~
REF*6R*BROP0000854221-3~
AMT*B6*94~
LQ*HE*N59~
SVC*HC>92507>GN*175*59*0440*1~
DTM*472*20211217~
CAS*CO*45*81~
CAS*PR*3*35~
REF*6R*BROP0000854221-4~
AMT*B6*94~
LQ*HE*N59~
SVC*HC>92507>GN*175*59*0440*1~
DTM*472*20211223~
CAS*CO*45*81~
CAS*PR*3*35~
REF*6R*BROP0000854221-5~
AMT*B6*94~
LQ*HE*N59~
SVC*HC>92507>GN*175*59*0440*1~
DTM*472*20211227~
CAS*CO*45*81~
CAS*PR*3*35~
REF*6R*BROP0000854221-6~
AMT*B6*94~
LQ*HE*N59~
SVC*HC>92507>GN*175*59*0440*1~
DTM*472*20211230~
CAS*CO*45*81~
CAS*PR*3*35~
REF*6R*BROP0000854221-7~
AMT*B6*94~
LQ*HE*N59~
CLP*NAB1229209*1*1665*142.73*105*13*220115E032130000*13*2~
NM1*QC*1*MCCORD*MARGARET****MI*MEBVM72V~
NM1*82*2*GENESIS REHABILITATION HOSPITAL*****XX*1912947748~
REF*1L*467480-010~
REF*CE*PREMIER PLUS PPO NET 03413~
DTM*232*20211201~
DTM*233*20211230~
DTM*050*20220115~
PER*CX**TE*8006240756~
AMT*AU*1665~
SVC*HC>97110>GP*185*0*0420*1~
DTM*472*20211201~
CAS*CO*45*159.66~
CAS*PR*3*25.34~
REF*6R*BROP0000854043-1~
AMT*B6*25.34~
SVC*HC>97140>GP*185*13.69*0420*1~
DTM*472*20211201~
CAS*CO*45*161.65~
CAS*PR*3*9.66~
REF*6R*BROP0000854043-2~
AMT*B6*23.35~
LQ*HE*N59~
SVC*HC>97530>GP>59*185*32.56*0420*1~
DTM*472*20211201~
CAS*CO*45*152.44~
REF*6R*BROP0000854043-3~
AMT*B6*32.56~
LQ*HE*N59~
SVC*HC>97110>GP*370*15.68*0420*2~
DTM*472*20211223~
CAS*CO*45*319.32~
CAS*PR*3*35~
REF*6R*BROP0000854043-4~
AMT*B6*50.68~
LQ*HE*N59~
SVC*HC>97530>GP>59*185*32.56*0420*1~
DTM*472*20211223~
CAS*CO*45*152.44~
REF*6R*BROP0000854043-5~
AMT*B6*32.56~
LQ*HE*N59~
SVC*HC>97110>GP*370*15.68*0420*2~
DTM*472*20211230~
CAS*CO*45*319.32~
CAS*PR*3*35~
REF*6R*BROP0000854043-6~
AMT*B6*50.68~
LQ*HE*N59~
SVC*HC>97530>GP>59*185*32.56*0420*1~
DTM*472*20211230~
CAS*CO*45*152.44~
REF*6R*BROP0000854043-7~
AMT*B6*32.56~
LQ*HE*N59~
CLP*NAB1240997*1*740*99.37**13*220115E032140000*13*3~
NM1*QC*1*BINGHI*BARBARA*P***MI*MEBVCT9K~
NM1*82*2*GENESIS REHABILITATION HOSPITAL*****XX*1912947748~
REF*1L*439638-169~
REF*CE*MEDICARE (C04) ESA PPO PLAN NET 03413~
DTM*232*20211206~
DTM*233*20211206~
DTM*050*20220115~
PER*CX**TE*8006240756~
AMT*AU*740~
SVC*HC>97110>GP*555*76.02*0420*3~
DTM*472*20211206~
CAS*CO*45*478.98~
REF*6R*BROP0000853843-1~
AMT*B6*76.02~
LQ*HE*N59~
SVC*HC>97140>GP*185*23.35*0420*1~
DTM*472*20211206~
CAS*CO*45*161.65~
REF*6R*BROP0000853843-2~
AMT*B6*23.35~
LQ*HE*N59~
CLP*NAB1269615*1*1425*320.07*60*13*220115E057510000*13*2~
NM1*QC*1*PALESTRANT*MERYL****MI*MEBMDDLB~
NM1*82*2*GENESIS REHABILITATION HOSPITAL*****XX*1912947748~
REF*1L*467480-010~
REF*CE*PREMIER PLUS PPO NET 03413~
DTM*232*20211216~
DTM*233*20211221~
DTM*050*20220115~
PER*CX**TE*8006240756~
AMT*AU*1425~
SVC*HC>96130*400*92.53*0911*1~
DTM*472*20211216~
CAS*CO*45*287.47~
CAS*PR*3*20~
REF*6R*BROP0000855534-2~
AMT*B6*112.53~
LQ*HE*N59~
SVC*HC>96136*400*25.54*0911*1~
DTM*472*20211216~
CAS*CO*45*374.46~
REF*6R*BROP0000855534-3~
AMT*B6*25.54~
LQ*HE*N59~
SVC*HC>90791*316*114*0911*1~
DTM*472*20211216~
CAS*CO*45*192~
CAS*PR*3*10~
REF*6R*BROP0000855534-1~
AMT*B6*124~
LQ*HE*N59~
SVC*HC>90837*309*88*0911*1~
DTM*472*20211221~
CAS*CO*45*191~
CAS*PR*3*30~
REF*6R*BROP0000855534-4~
AMT*B6*118~
LQ*HE*N59~
CLP*NAB1274461*1*565*100.53*35*13*220115E057520000*13*2~
NM1*QC*1*MASTANDREA*MAUREEN*F***MI*MEBT8L2G~
NM1*82*2*GENESIS REHABILITATION HOSPITAL*****XX*1912947748~
REF*1L*467480-010~
REF*CE*PREMIER PLUS PPO NET 03413~
DTM*232*20211228~
DTM*233*20211228~
DTM*050*20220115~
PER*CX**TE*8006240756~
AMT*AU*565~
SVC*HC>97161>GP*195*49.85*0424*1~
DTM*472*20211228~
CAS*CO*45*110.15~
CAS*PR*3*35~
REF*6R*BROP0000862963-2~
AMT*B6*84.85~
LQ*HE*N59~
SVC*HC>97110>GP*370*50.68*0420*2~
DTM*472*20211228~
CAS*CO*45*319.32~
REF*6R*BROP0000862963-1~
AMT*B6*50.68~
LQ*HE*N59~
CLP*NAB1236031*1*2045*239.24*105*13*220115E057530000*13*2~
NM1*QC*1*ZELLER*JOSEPH****MI*101066693400~
NM1*74*1******C*MEBTCK4L~
NM1*82*2*GENESIS REHABILITATION HOSPITAL*****XX*1912947748~
REF*1L*467480-010~
REF*CE*PREMIER PLUS PPO NET 03413~
DTM*232*20211222~
DTM*233*20211230~
DTM*050*20220115~
PER*CX**TE*8006240756~
AMT*AU*2045~
SVC*HC>97161>GP*195*49.85*0424*1~
DTM*472*20211222~
CAS*CO*45*110.15~
CAS*PR*3*35~
REF*6R*BROP0000860124-7~
AMT*B6*84.85~
LQ*HE*N59~
SVC*HC>97110>GP*370*50.68*0420*2~
DTM*472*20211222~
CAS*CO*45*319.32~
REF*6R*BROP0000860124-1~
AMT*B6*50.68~
LQ*HE*N59~
SVC*HC>97110>GP*370*15.68*0420*2~
DTM*472*20211228~
CAS*CO*45*319.32~
CAS*PR*3*35~
REF*6R*BROP0000860124-2~
AMT*B6*50.68~
LQ*HE*N59~
SVC*HC>97112>GP*185*29.33*0420*1~
DTM*472*20211228~
CAS*CO*45*155.67~
REF*6R*BROP0000860124-3~
AMT*B6*29.33~
LQ*HE*N59~
SVC*HC>97140>GP*185*23.35*0420*1~
DTM*472*20211228~
CAS*CO*45*161.65~
REF*6R*BROP0000860124-4~
AMT*B6*23.35~
LQ*HE*N59~
SVC*HC>97110>GP*555*41.02*0420*3~
DTM*472*20211230~
CAS*CO*45*478.98~
CAS*PR*3*35~
REF*6R*BROP0000860124-5~
AMT*B6*76.02~
LQ*HE*N59~
SVC*HC>97112>GP*185*29.33*0420*1~
DTM*472*20211230~
CAS*CO*45*155.67~
REF*6R*BROP0000860124-6~
AMT*B6*29.33~
LQ*HE*N59~
CLP*NAB1206611*1*740*95.25*35*13*220115E057540000*13*3~
NM1*QC*1*CULLEN*THERESA****MI*MEBT2MVD~
NM1*82*2*GENESIS REHABILITATION HOSPITAL*****XX*1912947748~
REF*1L*467480-010~
REF*CE*PREMIER PLUS PPO NET 03413~
DTM*232*20211208~
DTM*233*20211208~
DTM*050*20220115~
PER*CX**TE*8006240756~
AMT*AU*740~
SVC*HC>97530>GP*740*95.25*0420*4~
DTM*472*20211208~
CAS*CO*45*609.75~
CAS*PR*3*35~
REF*6R*BROP0000855020-1~
AMT*B6*130.25~
LQ*HE*N59~
CLP*NAB1221291*1*4995*431.57*280*13*220115E057550000*13*3~
NM1*QC*1*MURPHY*DARRELL****MI*MEBPMWMR~
NM1*82*2*GENESIS REHABILITATION HOSPITAL*****XX*1912947748~
REF*1L*467101-017~
REF*CE*PREMIER PPO NET 03413~
DTM*232*20211207~
DTM*233*20211230~
DTM*050*20220115~
PER*CX**TE*8006240756~
AMT*AU*4995~
SVC*HC>97110>GP*370*10.68*0420*2~
DTM*472*20211207~
CAS*CO*45*319.32~
CAS*PR*3*40~
REF*6R*BROP0000855416-1~
AMT*B6*50.68~
LQ*HE*N59~
SVC*HC>97530>GP>59*185*32.56*0420*1~
DTM*472*20211207~
CAS*CO*45*152.44~
REF*6R*BROP0000855416-2~
AMT*B6*32.56~
LQ*HE*N59~
SVC*HC>97110>GP*185*0*0420*1~
DTM*472*20211210~
CAS*CO*45*159.66~
CAS*PR*3*25.34~
REF*6R*BROP0000855416-3~
AMT*B6*25.34~
SVC*HC>97140>GP*370*32.04*0420*2~
DTM*472*20211210~
CAS*CO*45*323.3~
CAS*PR*3*14.66~
REF*6R*BROP0000855416-4~
AMT*B6*46.7~
LQ*HE*N59~
SVC*HC>97530>GP>59*185*32.56*0420*1~
DTM*472*20211210~
CAS*CO*45*152.44~
REF*6R*BROP0000855416-5~
AMT*B6*32.56~
LQ*HE*N59~
SVC*HC>97110>GP*185*0*0420*1~
DTM*472*20211217~
CAS*CO*45*159.66~
CAS*PR*3*25.34~
REF*6R*BROP0000855416-6~
AMT*B6*25.34~
SVC*HC>97140>GP*370*32.04*0420*2~
DTM*472*20211217~
CAS*CO*45*323.3~
CAS*PR*3*14.66~
REF*6R*BROP0000855416-7~
AMT*B6*46.7~
LQ*HE*N59~
SVC*HC>97530>GP>59*185*32.56*0420*1~
DTM*472*20211217~
CAS*CO*45*152.44~
REF*6R*BROP0000855416-8~
AMT*B6*32.56~
LQ*HE*N59~
SVC*HC>97110>GP*185*0*0420*1~
DTM*472*20211221~
CAS*CO*45*159.66~
CAS*PR*3*25.34~
REF*6R*BROP0000855416-9~
AMT*B6*25.34~
SVC*HC>97140>GP*370*32.04*0420*2~
DTM*472*20211221~
CAS*CO*45*323.3~
CAS*PR*3*14.66~
REF*6R*BROP0000855416-10~
AMT*B6*46.7~
LQ*HE*N59~
SVC*HC>97530>GP>59*185*32.56*0420*1~
DTM*472*20211221~
CAS*CO*45*152.44~
REF*6R*BROP0000855416-11~
AMT*B6*32.56~
LQ*HE*N59~
SVC*HC>97110>GP*185*0*0420*1~
DTM*472*20211224~
CAS*CO*45*159.66~
CAS*PR*3*25.34~
REF*6R*BROP0000855416-12~
AMT*B6*25.34~
SVC*HC>97140>GP*370*32.04*0420*2~
DTM*472*20211224~
CAS*CO*45*323.3~
CAS*PR*3*14.66~
REF*6R*BROP0000855416-13~
AMT*B6*46.7~
LQ*HE*N59~
SVC*HC>97530>GP>59*185*32.56*0420*1~
DTM*472*20211224~
CAS*CO*45*152.44~
REF*6R*BROP0000855416-14~
AMT*B6*32.56~
LQ*HE*N59~
SVC*HC>97110>GP*555*36.02*0420*3~
DTM*472*20211228~
CAS*CO*45*478.98~
CAS*PR*3*40~
REF*6R*BROP0000855416-15~
REF*HPI*1811664170~
AMT*B6*76.02~
LQ*HE*N59~
SVC*HC>97530>GP>59*185*32.56*0420*1~
DTM*472*20211228~
CAS*CO*45*152.44~
REF*6R*BROP0000855416-16~
REF*HPI*1811664170~
AMT*B6*32.56~
LQ*HE*N59~
SVC*HC>97110>GP*740*61.35*0420*4~
DTM*472*20211230~
CAS*CO*45*638.65~
CAS*PR*3*40~
REF*6R*BROP0000855416-17~
REF*HPI*1811664170~
AMT*B6*101.35~
LQ*HE*N59~
CLP*NAB0809633*1*555*41.02*35*13*220115E057560000*13*3~
NM1*QC*1*THIGPEN*TERRY****MI*MEBVKRDM~
NM1*82*2*GENESIS REHABILITATION HOSPITAL*****XX*1912947748~
REF*1L*467480-010~
REF*CE*PREMIER PLUS PPO NET 03413~
DTM*232*20211019~
DTM*233*20211019~
DTM*050*20220115~
PER*CX**TE*8006240756~
AMT*AU*555~
SVC*HC>97110>GP*555*41.02*0420*3~
DTM*472*20211019~
CAS*CO*45*478.98~
CAS*PR*3*35~
REF*6R*BROP0000809032-1~
AMT*B6*76.02~
LQ*HE*N59~
CLP*NAB1125051*1*5920*0**13*220115E057570000*13*3~
NM1*QC*1*GARNER*ALFONZO****MI*MEBVBY5D~
NM1*82*2*GENESIS REHABILITATION HOSPITAL*****XX*1912947748~
REF*1L*467480-010~
REF*CE*PREMIER PLUS PPO NET 03413~
DTM*232*20210202~
DTM*233*20210219~
DTM*050*20220115~
PER*CX**TE*8006240756~
SVC*HC>97110>GP*185*0*0420*0**1~
DTM*472*20210202~
CAS*CO*29*185*1~
REF*6R*BROP0000822964-1~
REF*HPI*1962757153~
SVC*HC>97530>GP>59*185*0*0420*0**1~
DTM*472*20210202~
CAS*CO*29*185*1~
REF*6R*BROP0000822964-2~
REF*HPI*1962757153~
SVC*HC>97110>GO*555*0*0430*0**3~
DTM*472*20210202~
CAS*CO*29*555*3~
REF*6R*BROP0000822964-10~
SVC*HC>97140>GO*185*0*0430*0**1~
DTM*472*20210202~
CAS*CO*29*185*1~
REF*6R*BROP0000822964-11~
SVC*HC>97110>GP*185*0*0420*0**1~
DTM*472*20210205~
CAS*CO*29*185*1~
REF*6R*BROP0000822964-3~
REF*HPI*1962757153~
SVC*HC>97530>GP>59*555*0*0420*0**3~
DTM*472*20210205~
CAS*CO*29*555*3~
REF*6R*BROP0000822964-4~
REF*HPI*1962757153~
SVC*HC>97110>GO*555*0*0430*0**3~
DTM*472*20210205~
CAS*CO*29*555*3~
REF*6R*BROP0000822964-12~
SVC*HC>97140>GO*185*0*0430*0**1~
DTM*472*20210205~
CAS*CO*29*185*1~
REF*6R*BROP0000822964-13~
SVC*HC>97530>GP>59*555*0*0420*0**3~
DTM*472*20210208~
CAS*CO*29*555*3~
REF*6R*BROP0000822964-5~
REF*HPI*1528565744~
SVC*HC>97110>GP*185*0*0420*0**1~
DTM*472*20210212~
CAS*CO*29*185*1~
REF*6R*BROP0000822964-6~
REF*HPI*1528565744~
SVC*HC>97530>GP>59*185*0*0420*0**1~
DTM*472*20210212~
CAS*CO*29*185*1~
REF*6R*BROP0000822964-7~
REF*HPI*1528565744~
SVC*HC>97110>GO*555*0*0430*0**3~
DTM*472*20210212~
CAS*CO*29*555*3~
REF*6R*BROP0000822964-14~
SVC*HC>97140>GO*185*0*0430*0**1~
DTM*472*20210212~
CAS*CO*29*185*1~
REF*6R*BROP0000822964-15~
SVC*HC>97110>GP*185*0*0420*0**1~
DTM*472*20210215~
CAS*CO*29*185*1~
REF*6R*BROP0000822964-8~
REF*HPI*1528565744~
SVC*HC>97530>GP>59*555*0*0420*0**3~
DTM*472*20210215~
CAS*CO*29*555*3~
REF*6R*BROP0000822964-9~
REF*HPI*1528565744~
SVC*HC>97110>GO*555*0*0430*0**3~
DTM*472*20210215~
CAS*CO*29*555*3~
REF*6R*BROP0000822964-16~
SVC*HC>97140>GO*185*0*0430*0**1~
DTM*472*20210215~
CAS*CO*29*185*1~
REF*6R*BROP0000822964-17~
SVC*HC>97110>GO*185*0*0430*0**1~
DTM*472*20210219~
CAS*CO*29*185*1~
REF*6R*BROP0000822964-18~
CLP*NAB1271425*1*935*125.1*90*13*220115E082600000*13*2~
NM1*QC*1*DARLEY*CARL****MI*MEBKN3BM~
NM1*74*1*DARLEY JR~
NM1*82*2*GENESIS REHABILITATION HOSPITAL*****XX*1912947748~
REF*1L*467101-017~
REF*CE*PREMIER PPO NET 03413~
DTM*232*20211210~
DTM*233*20211221~
DTM*050*20220115~
PER*CX**TE*8006240756~
AMT*AU*935~
SVC*HC>97162>GP*195*34.85*0424*1~
DTM*472*20211210~
CAS*CO*45*110.15~
CAS*PR*3*50~
REF*6R*BROP0000855537-3~
AMT*B6*84.85~
LQ*HE*N59~
SVC*HC>97530>GP*185*32.56*0420*1~
DTM*472*20211210~
CAS*CO*45*152.44~
REF*6R*BROP0000855537-1~
AMT*B6*32.56~
LQ*HE*N59~
SVC*HC>97530>GP*555*57.69*0420*3~
DTM*472*20211221~
CAS*CO*45*457.31~
CAS*PR*3*40~
REF*6R*BROP0000855537-2~
REF*HPI*1437541265~
AMT*B6*97.69~
LQ*HE*N59~
CLP*NAB0739971*1*555*36.02*40*13*220115E082610000*13*3~
NM1*QC*1*HUMBER*MELISSA*A***MI*MEBMBQNW~
NM1*82*2*GENESIS REHABILITATION HOSPITAL*****XX*1912947748~
REF*1L*467101-017~
REF*CE*PREMIER PPO NET 03413~
DTM*232*20211028~
DTM*233*20211028~
DTM*050*20220115~
PER*CX**TE*8006240756~
AMT*AU*555~
SVC*HC>97110>GP*555*36.02*0420*3~
DTM*472*20211028~
CAS*CO*45*478.98~
CAS*PR*3*40~
REF*6R*BROP0000731408-1~
AMT*B6*76.02~
LQ*HE*N59~
CLP*NAB0970355*1*1480*129.93*80*13*220115E082620000*13*3~
NM1*QC*1*HUMBER*MELISSA*A***MI*MEBMBQNW~
NM1*82*2*GENESIS REHABILITATION HOSPITAL*****XX*1912947748~
REF*1L*467101-017~
REF*CE*PREMIER PPO NET 03413~
DTM*232*20211111~
DTM*233*20211118~
DTM*050*20220115~
PER*CX**TE*8006240756~
AMT*AU*1480~
SVC*HC>97110>GP*555*36.02*0420*3~
DTM*472*20211111~
CAS*CO*45*478.98~
CAS*PR*3*40~
REF*6R*BROP0000777096-1~
AMT*B6*76.02~
LQ*HE*N59~
SVC*HC>97530>GP*185*32.56*0420*1~
DTM*472*20211111~
CAS*CO*45*152.44~
REF*6R*BROP0000777096-2~
AMT*B6*32.56~
LQ*HE*N59~
SVC*HC>97110>GP*740*61.35*0420*4~
DTM*472*20211118~
CAS*CO*45*638.65~
CAS*PR*3*40~
REF*6R*BROP0000777096-3~
REF*HPI*1669587226~
AMT*B6*101.35~
LQ*HE*N59~
CLP*NAB0960467*1*1304*282.27**13*220115E082640000*13*2~
NM1*QC*1*STROZIER*CHARLES****MI*MEBTX23F~
NM1*82*2*GENESIS REHABILITATION HOSPITAL*****XX*1912947748~
REF*1L*439638-157~
REF*CE*MEDICARE (C04) ESA PPO PLAN NET 03413~
DTM*232*20211111~
DTM*233*20211130~
DTM*050*20220115~
PER*CX**TE*8006240756~
AMT*AU*1304~
SVC*HC>97162>GP*195*84.85*0424*1~
DTM*472*20211111~
CAS*CO*45*110.15~
REF*6R*BROP0000778618-6~
AMT*B6*84.85~
LQ*HE*N59~
SVC*HC>95992>GP*92*31.75*0420*1~
DTM*472*20211111~
CAS*CO*45*60.25~
REF*6R*BROP0000778618-1~
AMT*B6*31.75~
LQ*HE*N59~
SVC*HC>97110>GP>59*185*25.34*0420*1~
DTM*472*20211111~
CAS*CO*45*159.66~
REF*6R*BROP0000778618-2~
AMT*B6*25.34~
LQ*HE*N59~
SVC*HC>95992>GP*92*31.75*0420*1~
DTM*472*20211119~
CAS*CO*45*60.25~
REF*6R*BROP0000778618-3~
AMT*B6*31.75~
LQ*HE*N59~
SVC*HC>97530>GP>59*185*32.56*0420*1~
DTM*472*20211119~
CAS*CO*45*152.44~
REF*6R*BROP0000778618-4~
AMT*B6*32.56~
LQ*HE*N59~
SVC*HC>97110>GP*555*76.02*0420*3~
DTM*472*20211130~
CAS*CO*45*478.98~
REF*6R*BROP0000778618-5~
AMT*B6*76.02~
LQ*HE*N59~
CLP*NAB0935617*1*2220*271.31*105*13*220115E082650000*13*3~
NM1*QC*1*CULLEN*THERESA****MI*MEBT2MVD~
NM1*82*2*GENESIS REHABILITATION HOSPITAL*****XX*1912947748~
REF*1L*467480-010~
REF*CE*PREMIER PLUS PPO NET 03413~
DTM*232*20211102~
DTM*233*20211130~
DTM*050*20220115~
PER*CX**TE*8006240756~
AMT*AU*2220~
SVC*HC>97110>GP*370*15.68*0420*2~
DTM*472*20211102~
CAS*CO*45*319.32~
CAS*PR*3*35~
REF*6R*BROP0000778605-1~
AMT*B6*50.68~
LQ*HE*N59~
SVC*HC>97530>GP*370*65.13*0420*2~
DTM*472*20211102~
CAS*CO*45*304.87~
REF*6R*BROP0000778605-2~
AMT*B6*65.13~
LQ*HE*N59~
SVC*HC>97530>GP*740*95.25*0420*4~
DTM*472*20211104~
CAS*CO*45*609.75~
CAS*PR*3*35~
REF*6R*BROP0000778605-3~
AMT*B6*130.25~
LQ*HE*N59~
SVC*HC>97530>GP*740*95.25*0420*4~
DTM*472*20211130~
CAS*CO*45*609.75~
CAS*PR*3*35~
REF*6R*BROP0000778605-4~
AMT*B6*130.25~
LQ*HE*N59~
CLP*NAB0786479*1*175*24.62*35*13*220115E082660000*13*3~
NM1*QC*1*ODUM*DONALD****MI*MEBMDLHS~
NM1*82*2*GENESIS REHABILITATION HOSPITAL*****XX*1912947748~
REF*1L*467480-010~
REF*CE*PREMIER PLUS PPO NET 03413~
DTM*232*20211020~
DTM*233*20211020~
DTM*050*20220115~
PER*CX**TE*8006240756~
AMT*AU*175~
SVC*HC>92610>GN*175*24.62*0444*1~
DTM*472*20211020~
CAS*CO*45*115.38~
CAS*PR*3*35~
REF*6R*BROP0000809155-1~
AMT*B6*59.62~
LQ*HE*N59~
CLP*NAB1125045*1*9435*0**13*220115E082670000*13*3~
NM1*QC*1*GARNER*ALFONZO****MI*MEBVBY5D~
NM1*82*2*GENESIS REHABILITATION HOSPITAL*****XX*1912947748~
REF*1L*467480-010~
REF*CE*PREMIER PLUS PPO NET 03413~
DTM*232*20210104~
DTM*233*20210128~
DTM*050*20220115~
PER*CX**TE*8006240756~
SVC*HC>97110>GO*555*0*0430*0**3~
DTM*472*20210104~
CAS*CO*29*555*3~
REF*6R*BROP0000822963-13~
SVC*HC>97140>GO*185*0*0430*0**1~
DTM*472*20210104~
CAS*CO*29*185*1~
REF*6R*BROP0000822963-14~
SVC*HC>97112>GP*370*0*0420*0**2~
DTM*472*20210108~
CAS*CO*29*370*2~
REF*6R*BROP0000822963-1~
REF*HPI*1528565744~
SVC*HC>97530>GP>59*370*0*0420*0**2~
DTM*472*20210108~
CAS*CO*29*370*2~
REF*6R*BROP0000822963-2~
REF*HPI*1528565744~
SVC*HC>97110>GO*555*0*0430*0**3~
DTM*472*20210108~
CAS*CO*29*555*3~
REF*6R*BROP0000822963-15~
SVC*HC>97140>GO*185*0*0430*0**1~
DTM*472*20210108~
CAS*CO*29*185*1~
REF*6R*BROP0000822963-16~
SVC*HC>97110>GP*370*0*0420*0**2~
DTM*472*20210111~
CAS*CO*29*370*2~
REF*6R*BROP0000822963-3~
REF*HPI*1962757153~
SVC*HC>97530>GP>59*370*0*0420*0**2~
DTM*472*20210111~
CAS*CO*29*370*2~
REF*6R*BROP0000822963-4~
REF*HPI*1962757153~
SVC*HC>97110>GO*555*0*0430*0**3~
DTM*472*20210111~
CAS*CO*29*555*3~
REF*6R*BROP0000822963-17~
SVC*HC>97140>GO*185*0*0430*0**1~
DTM*472*20210111~
CAS*CO*29*185*1~
REF*6R*BROP0000822963-18~
SVC*HC>97112>GP*370*0*0420*0**2~
DTM*472*20210115~
CAS*CO*29*370*2~
REF*6R*BROP0000822963-5~
REF*HPI*1528565744~
SVC*HC>97530>GP>59*370*0*0420*0**2~
DTM*472*20210115~
CAS*CO*29*370*2~
REF*6R*BROP0000822963-6~
REF*HPI*1528565744~
SVC*HC>97110>GO*555*0*0430*0**3~
DTM*472*20210115~
CAS*CO*29*555*3~
REF*6R*BROP0000822963-19~
SVC*HC>97140>GO*185*0*0430*0**1~
DTM*472*20210115~
CAS*CO*29*185*1~
REF*6R*BROP0000822963-20~
SVC*HC>97112>GP*370*0*0420*0**2~
DTM*472*20210118~
CAS*CO*29*370*2~
REF*6R*BROP0000822963-7~
REF*HPI*1740680206~
SVC*HC>97530>GP>59*370*0*0420*0**2~
DTM*472*20210118~
CAS*CO*29*370*2~
REF*6R*BROP0000822963-8~
REF*HPI*1740680206~
SVC*HC>97110>GO*555*0*0430*0**3~
DTM*472*20210118~
CAS*CO*29*555*3~
REF*6R*BROP0000822963-21~
SVC*HC>97112>GP*185*0*0420*0**1~
DTM*472*20210125~
CAS*CO*29*185*1~
REF*6R*BROP0000822963-9~
REF*HPI*1740680206~
SVC*HC>97530>GP>59*555*0*0420*0**3~
DTM*472*20210125~
CAS*CO*29*555*3~
REF*6R*BROP0000822963-10~
REF*HPI*1740680206~
SVC*HC>97110>GO*555*0*0430*0**3~
DTM*472*20210125~
CAS*CO*29*555*3~
REF*6R*BROP0000822963-22~
SVC*HC>97140>GO*185*0*0430*0**1~
DTM*472*20210125~
CAS*CO*29*185*1~
REF*6R*BROP0000822963-23~
SVC*HC>97112>GP*370*0*0420*0**2~
DTM*472*20210128~
CAS*CO*29*370*2~
REF*6R*BROP0000822963-11~
REF*HPI*1528565744~
SVC*HC>97530>GP>59*370*0*0420*0**2~
DTM*472*20210128~
CAS*CO*29*370*2~
REF*6R*BROP0000822963-12~
REF*HPI*1528565744~
SVC*HC>97110>GO*555*0*0430*0**3~
DTM*472*20210128~
CAS*CO*29*555*3~
REF*6R*BROP0000822963-24~
SVC*HC>97140>GO*185*0*0430*0**1~
DTM*472*20210128~
CAS*CO*29*185*1~
REF*6R*BROP0000822963-25~
CLP*NAB1273451*1*195*84.85**13*220115E107310000*13*2~
NM1*QC*1*DIEHL*MICHELE****MI*MEBL9Q5H~
NM1*82*2*GENESIS REHABILITATION HOSPITAL*****XX*1912947748~
REF*1L*467101-017~
REF*CE*PREMIER PPO NET 03413~
DTM*232*20211215~
DTM*233*20211215~
DTM*050*20220115~
PER*CX**TE*8006240756~
AMT*AU*195~
SVC*HC>97162>GP*195*84.85*0424*1~
DTM*472*20211215~
CAS*CO*45*110.15~
REF*6R*BROP0000860223-1~
AMT*B6*84.85~
LQ*HE*N59~
CLP*NAB1228015*1*565*107.75*35*13*220115E107320000*13*2~
NM1*QC*1*BOSS*JEANETTE****MI*MEBVNDWJ~
NM1*82*2*GENESIS REHABILITATION HOSPITAL*****XX*1912947748~
REF*1L*467480-010~
REF*CE*PREMIER PLUS PPO NET 03413~
DTM*232*20211231~
DTM*233*20211231~
DTM*050*20220115~
PER*CX**TE*8006240756~
AMT*AU*565~
SVC*HC>97162>GP*195*49.85*0424*1~
DTM*472*20211231~
CAS*CO*45*110.15~
CAS*PR*3*35~
REF*6R*BROP0000875439-3~
AMT*B6*84.85~
LQ*HE*N59~
SVC*HC>97110>GP*185*25.34*0420*1~
DTM*472*20211231~
CAS*CO*45*159.66~
REF*6R*BROP0000875439-1~
AMT*B6*25.34~
LQ*HE*N59~
SVC*HC>97530>GP*185*32.56*0420*1~
DTM*472*20211231~
CAS*CO*45*152.44~
REF*6R*BROP0000875439-2~
AMT*B6*32.56~
LQ*HE*N59~
CLP*NAB1247587*1*740*68.58*40*13*220115E107340000*13*3~
NM1*QC*1*WATKISS*DALE****MI*MEBM954Z~
NM1*82*2*GENESIS REHABILITATION HOSPITAL*****XX*1912947748~
REF*1L*467101-017~
REF*CE*PREMIER PPO NET 03413~
DTM*232*20211213~
DTM*233*20211213~
DTM*050*20220115~
PER*CX**TE*8006240756~
AMT*AU*740~
SVC*HC>97110>GP*555*36.02*0420*3~
DTM*472*20211213~
CAS*CO*45*478.98~
CAS*PR*3*40~
REF*6R*BROP0000855052-1~
AMT*B6*76.02~
LQ*HE*N59~
SVC*HC>97530>GP*185*32.56*0420*1~
DTM*472*20211213~
CAS*CO*45*152.44~
REF*6R*BROP0000855052-2~
AMT*B6*32.56~
LQ*HE*N59~
CLP*NAB0961195*1*750*118.09*50*13*220115E107350000*13*2~
NM1*QC*1*MURPHY*DARRELL****MI*MEBPMWMR~
NM1*82*2*GENESIS REHABILITATION HOSPITAL*****XX*1912947748~
REF*1L*467101-017~
REF*CE*PREMIER PPO NET 03413~
DTM*232*20211117~
DTM*233*20211117~
DTM*050*20220115~
PER*CX**TE*8006240756~
AMT*AU*750~
SVC*HC>97161>GP*195*34.85*0424*1~
DTM*472*20211117~
CAS*CO*45*110.15~
CAS*PR*3*50~
REF*6R*BROP0000779187-3~
AMT*B6*84.85~
LQ*HE*N59~
SVC*HC>97110>GP*370*50.68*0420*2~
DTM*472*20211117~
CAS*CO*45*319.32~
REF*6R*BROP0000779187-1~
AMT*B6*50.68~
LQ*HE*N59~
SVC*HC>97530>GP*185*32.56*0420*1~
DTM*472*20211117~
CAS*CO*45*152.44~
REF*6R*BROP0000779187-2~
AMT*B6*32.56~
LQ*HE*N59~
CLP*NAB0980101*1*1295*111.88*70*13*220115E107360000*13*3~
NM1*QC*1*MCGRIFF*ANDREA*H***MI*MEBQPQFN~
NM1*82*2*GENESIS REHABILITATION HOSPITAL*****XX*1912947748~
REF*1L*467480-010~
REF*CE*PREMIER PLUS PPO NET 03413~
DTM*232*20211108~
DTM*233*20211129~
DTM*050*20220115~
PER*CX**TE*8006240756~
AMT*AU*1295~
SVC*HC>97140>GP*370*11.7*0420*2~
DTM*472*20211108~
CAS*CO*45*323.3~
CAS*PR*3*35~
REF*6R*BROP0000778128-1~
AMT*B6*46.7~
LQ*HE*N59~
SVC*HC>97530>GP>59*370*65.13*0420*2~
DTM*472*20211108~
CAS*CO*45*304.87~
REF*6R*BROP0000778128-2~
AMT*B6*65.13~
LQ*HE*N59~
SVC*HC>97140>GP*555*35.05*0420*3~
DTM*472*20211129~
CAS*CO*45*484.95~
CAS*PR*3*35~
REF*6R*BROP0000778128-3~
AMT*B6*70.05~
LQ*HE*N59~
CLP*NAB0812311*1*185*0*25.34*13*220115E107380000*13*3~
NM1*QC*1*SMITH*SUSAN****MI*MEBTX84Q~
NM1*82*2*GENESIS REHABILITATION HOSPITAL*****XX*1912947748~
REF*1L*467480-010~
REF*CE*PREMIER PLUS PPO NET 03413~
DTM*232*20211019~
DTM*233*20211019~
DTM*050*20220115~
PER*CX**TE*8006240756~
AMT*AU*185~
SVC*HC>97110>GP*185*0*0420*1~
DTM*472*20211019~
CAS*CO*45*159.66~
CAS*PR*3*25.34~
REF*6R*BROP0000808992-1~
AMT*B6*25.34~
CLP*NAB1209973*1*3700*216.85*280*13*220115E107390000*13*3~
NM1*QC*1*BREWER*HENRY****MI*MEBMMRMS~
NM1*82*2*GENESIS REHABILITATION HOSPITAL*****XX*1912947748~
REF*1L*467101-017~
REF*CE*PREMIER PPO NET 03413~
DTM*232*20211203~
DTM*233*20211231~
DTM*050*20220115~
PER*CX**TE*8006240756~
AMT*AU*3700~
SVC*HC>97110>GP*370*10.68*0420*2~
DTM*472*20211203~
CAS*CO*45*319.32~
CAS*PR*3*40~
REF*6R*BROP0000854878-1~
AMT*B6*50.68~
LQ*HE*N59~
SVC*HC>97110>GP*370*10.68*0420*2~
DTM*472*20211206~
CAS*CO*45*319.32~
CAS*PR*3*40~
REF*6R*BROP0000854878-2~
AMT*B6*50.68~
LQ*HE*N59~
SVC*HC>97110>GP*370*10.68*0420*2~
DTM*472*20211210~
CAS*CO*45*319.32~
CAS*PR*3*40~
REF*6R*BROP0000854878-3~
AMT*B6*50.68~
LQ*HE*N59~
SVC*HC>97140>GP*185*23.35*0420*1~
DTM*472*20211210~
CAS*CO*45*161.65~
REF*6R*BROP0000854878-4~
AMT*B6*23.35~
LQ*HE*N59~
SVC*HC>97110>GP*370*10.68*0420*2~
DTM*472*20211215~
CAS*CO*45*319.32~
CAS*PR*3*40~
REF*6R*BROP0000854878-5~
AMT*B6*50.68~
LQ*HE*N59~
SVC*HC>97140>GP*185*23.35*0420*1~
DTM*472*20211215~
CAS*CO*45*161.65~
REF*6R*BROP0000854878-6~
AMT*B6*23.35~
LQ*HE*N59~
SVC*HC>97110>GP*370*10.68*0420*2~
DTM*472*20211220~
CAS*CO*45*319.32~
CAS*PR*3*40~
REF*6R*BROP0000854878-7~
AMT*B6*50.68~
LQ*HE*N59~
SVC*HC>97140>GP*185*23.35*0420*1~
DTM*472*20211220~
CAS*CO*45*161.65~
REF*6R*BROP0000854878-8~
AMT*B6*23.35~
LQ*HE*N59~
SVC*HC>97110>GP*370*10.68*0420*2~
DTM*472*20211222~
CAS*CO*45*319.32~
CAS*PR*3*40~
REF*6R*BROP0000854878-9~
AMT*B6*50.68~
LQ*HE*N59~
SVC*HC>97140>GP*185*23.35*0420*1~
DTM*472*20211222~
CAS*CO*45*161.65~
REF*6R*BROP0000854878-10~
AMT*B6*23.35~
LQ*HE*N59~
SVC*HC>97110>GP*555*36.02*0420*3~
DTM*472*20211231~
CAS*CO*45*478.98~
CAS*PR*3*40~
REF*6R*BROP0000854878-11~
REF*HPI*1457936643~
AMT*B6*76.02~
LQ*HE*N59~
SVC*HC>97140>GP*185*23.35*0420*1~
DTM*472*20211231~
CAS*CO*45*161.65~
REF*6R*BROP0000854878-12~
REF*HPI*1457936643~
AMT*B6*23.35~
LQ*HE*N59~
CLP*NAB1251085*1*1860*233.48*130*13*220115E107400000*13*2~
NM1*QC*1*MAYBERRY*SANDRA*G***MI*MEBJ54DB~
NM1*82*2*GENESIS REHABILITATION HOSPITAL*****XX*1912947748~
REF*1L*467101-017~
REF*CE*PREMIER PPO NET 03413~
DTM*232*20211203~
DTM*233*20211228~
DTM*050*20220115~
PER*CX**TE*8006240756~
AMT*AU*1860~
SVC*HC>97163>GP*195*34.85*0424*1~
DTM*472*20211203~
CAS*CO*45*110.15~
CAS*PR*3*50~
REF*6R*BROP0000853788-6~
AMT*B6*84.85~
LQ*HE*N59~
SVC*HC>97530>GP*370*65.13*0420*2~
DTM*472*20211203~
CAS*CO*45*304.87~
REF*6R*BROP0000853788-1~
AMT*B6*65.13~
LQ*HE*N59~
SVC*HC>97110>GP*185*0*0420*1~
DTM*472*20211210~
CAS*CO*45*159.66~
CAS*PR*3*25.34~
REF*6R*BROP0000853788-2~
REF*HPI*1770156515~
AMT*B6*25.34~
SVC*HC>97530>GP*370*50.47*0420*2~
DTM*472*20211210~
CAS*CO*45*304.87~
CAS*PR*3*14.66~
REF*6R*BROP0000853788-3~
REF*HPI*1770156515~
AMT*B6*65.13~
LQ*HE*N59~
SVC*HC>97110>GP*185*0*0420*1~
DTM*472*20211228~
CAS*CO*45*159.66~
CAS*PR*3*25.34~
REF*6R*BROP0000853788-4~
AMT*B6*25.34~
SVC*HC>97530>GP*555*83.03*0420*3~
DTM*472*20211228~
CAS*CO*45*457.31~
CAS*PR*3*14.66~
REF*6R*BROP0000853788-5~
AMT*B6*97.69~
LQ*HE*N59~
SE*1624*2016~
ST*835*0430~
BPR*I*1918.39*C*ACH*CCP*01*011900445*DA*0000009046*1066033492**01*063013924*DA*2527179435*20220124~
TRN*1*822019000274447*1066033492~
REF*EV*XXXXXXXXXXXXXXXXXXXXXXXXXXXXXX~
DTM*405*20220119~
N1*PR*AETNA~
N3*151 FARMINGTON AVENUE~
N4*HARTFORD*CT*06156~
REF*2U*60054~
PER*BL*Provider Service~
N1*PE*PHYSICAL MEDICINE SPECIALISTS INC.*XX*1952343261~
N3*PO BOX 830529~
N4*BIRMINGHAM*AL*352830529~
REF*PQ*900964000~
REF*TJ*593530305~
LX*1~
TS3*1053644203*21*20221231*2*284~
CLP*AAB1340356*1*142*0*74.46*13*EKTXW0CTN0000*21*1~
NM1*QC*1*DAILEY*KIMBERLY****MI*W087749514~
NM1*82*1*TONUZI*GENEVA*L***XX*1952343261~
REF*1L*0836425-011-00009- D~
REF*CE*Aetna Choice  POS II NET 00448~
DTM*232*20220107~
DTM*233*20220107~
DTM*050*20220113~
PER*CX**TE*8886323862~
AMT*AU*142~
SVC*HC>99232*142*0**1~
DTM*472*20220107~
CAS*CO*45*67.54~
CAS*PR*1*74.46~
REF*6R*BRPP0000876856-1~
AMT*B6*74.46~
CLP*AAB1368988*1*142*0*74.46*13*EV36VP6QD0000*21*1~
NM1*QC*1*DAILEY*KIMBERLY****MI*W087749514~
NM1*82*1*TONUZI*GENEVA*L***XX*1952343261~
REF*1L*0836425-011-00009- D~
REF*CE*Aetna Choice  POS II NET 00448~
DTM*232*20220110~
DTM*233*20220110~
DTM*050*20220117~
PER*CX**TE*8886323862~
AMT*AU*142~
SVC*HC>99232*142*0**1~
DTM*472*20220110~
CAS*CO*45*67.54~
CAS*PR*1*74.46~
REF*6R*BRPP0000885534-1~
AMT*B6*74.46~
LX*2~
TS3*1013371301*11*20221231*1*288~
CLP*AAB1368874*1*288*0*146.35*13*E1TXVP4SY0000*11*1~
NM1*QC*1*PHILLIPS*MIRIAM****MI*W240914048~
NM1*74*1*HARRIS*EVAN~
NM1*82*2*BROOKS REHABILITATION MEDICAL GROUP*****XX*1952343261~
REF*1L*0287132-011-00222-AA~
REF*CE*Aetna Choice  POS II NET 00448~
DTM*232*20220110~
DTM*233*20220110~
DTM*050*20220117~
PER*CX**TE*8886323862~
AMT*AU*288~
SVC*HC>99215*288*0**1~
DTM*472*20220110~
CAS*CO*45*141.65~
CAS*PR*1*146.35~
REF*6R*BRPP0000885298-1~
AMT*B6*146.35~
LX*3~
TS3*1134186125*21*20221231*2*284~
CLP*AAB1339562*1*142*0*74.46*13*EM36WZD930000*21*1~
NM1*QC*1*MOULTRIE*LORETTA****MI*W115019493~
NM1*82*2*BROOKS REHABILITATION MEDICAL GROUP*****XX*1952343261~
REF*1L*0800100-030-00001-KA~
REF*CE*Aetna Choice  POS II NET 00448~
DTM*232*20220107~
DTM*233*20220107~
DTM*050*20220113~
PER*CX**TE*8886323862~
AMT*AU*142~
SVC*HC>99232*142*0**1~
DTM*472*20220107~
CAS*CO*45*67.54~
CAS*PR*1*74.46~
REF*6R*BRPP0000876821-1~
AMT*B6*74.46~
CLP*AAB1335332*1*142*0*74.46*13*E4PCVL7ZL0000*21*1~
NM1*QC*1*MOULTRIE*LORETTA****MI*W115019493~
NM1*82*2*BROOKS REHABILITATION MEDICAL GROUP*****XX*1952343261~
REF*1L*0800100-030-00001-KA~
REF*CE*Aetna Choice  POS II NET 00448~
DTM*232*20220106~
DTM*233*20220106~
DTM*050*20220112~
PER*CX**TE*8886323862~
AMT*AU*142~
SVC*HC>99232*142*0**1~
DTM*472*20220106~
CAS*CO*45*67.54~
CAS*PR*1*74.46~
REF*6R*BRPP0000875296-1~
AMT*B6*74.46~
LX*4~
TS3*1386691319*21*20221231*2*284~
CLP*AAB1369074*1*142*52.12*22.34*12*E0PCVMF1X0000*21*1~
NM1*QC*1*LOPEZ*HEATHER*B***MI*W226615934~
NM1*82*2*BROOKS REHABILITATION MEDICAL GROUP*****XX*1952343261~
REF*1L*0314877-015-00004-AB~
REF*CE*Aetna Open Access  Elect Choice NET 01564~
DTM*232*20220110~
DTM*233*20220110~
DTM*050*20220117~
PER*CX**TE*8886323862~
AMT*AU*142~
SVC*HC>99232*142*52.12**1~
DTM*472*20220110~
CAS*CO*45*67.54~
CAS*PR*2*22.34~
REF*6R*BRPP0000885354-1~
AMT*B6*74.46~
CLP*AAB1377958*1*142*52.12*22.34*12*E0Y1VMGQX0000*21*1~
NM1*QC*1*LOPEZ*HEATHER*B***MI*W226615934~
NM1*82*2*BROOKS REHABILITATION MEDICAL GROUP*****XX*1952343261~
REF*1L*0314877-015-00004-AB~
REF*CE*Aetna Open Access  Elect Choice NET 01564~
DTM*232*20220112~
DTM*233*20220112~
DTM*050*20220117~
PER*CX**TE*8886323862~
AMT*AU*142~
SVC*HC>99232*142*52.12**1~
DTM*472*20220112~
CAS*CO*45*67.54~
CAS*PR*2*22.34~
REF*6R*BRPP0000887207-1~
AMT*B6*74.46~
LX*5~
TS3*1508952045*11*20221231*5*925~
CLP*AAB1341724*1*142*59.57*14.89*13*EPFCW01HS0000*21*1~
NM1*QC*1*SAUCEDO*MARLENE****MI*W462211020~
NM1*82*2*BROOKS REHABILITATION MEDICAL GROUP*****XX*1952343261~
REF*1L*0486870-012-00001-BA~
REF*CE*Aetna Choice  POS II NET 00448~
DTM*232*20211009~
DTM*233*20211009~
DTM*050*20220114~
PER*CX**TE*8886323862~
AMT*AU*142~
SVC*HC>99232*142*59.57**1~
DTM*472*20211009~
CAS*CO*45*67.54~
CAS*PR*2*14.89~
REF*6R*BRPP0000878597-1~
AMT*B6*74.46~
CLP*AAB1369052*1*284*104.24*44.68*12*EZTXVMFFT0000*21*1~
NM1*QC*1*LOPEZ*HEATHER*B***MI*W226615934~
NM1*82*2*BROOKS REHABILITATION MEDICAL GROUP*****XX*1952343261~
REF*1L*0314877-015-00004-AB~
REF*CE*Aetna Open Access  Elect Choice NET 01564~
DTM*232*20220106~
DTM*233*20220107~
DTM*050*20220117~
PER*CX**TE*8886323862~
AMT*AU*284~
SVC*HC>99232*142*52.12**1~
DTM*472*20220106~
CAS*CO*45*67.54~
CAS*PR*2*22.34~
REF*6R*BRPP0000885352-1~
AMT*B6*74.46~
SVC*HC>99232*142*52.12**1~
DTM*472*20220107~
CAS*CO*45*67.54~
CAS*PR*2*22.34~
REF*6R*BRPP0000885352-2~
AMT*B6*74.46~
CLP*AAB1386336*1*142*52.12*22.34*12*E0FCVM6XL0000*21*1~
NM1*QC*1*LOPEZ*HEATHER*B***MI*W226615934~
NM1*82*2*BROOKS REHABILITATION MEDICAL GROUP*****XX*1952343261~
REF*1L*0314877-015-00004-AB~
REF*CE*Aetna Open Access  Elect Choice NET 01564~
DTM*232*20220113~
DTM*233*20220113~
DTM*050*20220118~
PER*CX**TE*8886323862~
AMT*AU*142~
SVC*HC>99232*142*52.12**1~
DTM*472*20220113~
CAS*CO*45*67.54~
CAS*PR*2*22.34~
REF*6R*BRPP0000890163-1~
AMT*B6*74.46~
CLP*AAB1373402*1*142*52.12*22.34*12*E0PCVMF3C0000*21*1~
NM1*QC*1*LOPEZ*HEATHER*B***MI*W226615934~
NM1*82*2*BROOKS REHABILITATION MEDICAL GROUP*****XX*1952343261~
REF*1L*0314877-015-00004-AB~
REF*CE*Aetna Open Access  Elect Choice NET 01564~
DTM*232*20220111~
DTM*233*20220111~
DTM*050*20220117~
PER*CX**TE*8886323862~
AMT*AU*142~
SVC*HC>99232*142*52.12**1~
DTM*472*20220111~
CAS*CO*45*67.54~
CAS*PR*2*22.34~
REF*6R*BRPP0000886871-1~
AMT*B6*74.46~
CLP*AAB1371998*1*215*68.24*40*12*E2PCVMFGM0000*11*1~
NM1*QC*1*SUBIRANA REYES*KATHERINE*K***MI*W259256396~
NM1*82*2*BROOKS REHABILITATION MEDICAL GROUP*****XX*1952343261~
REF*1L*0326415-010-00017- A~
REF*CE*Open Access Aetna Select  8480 NET 01564~
DTM*232*20220111~
DTM*233*20220111~
DTM*050*20220117~
PER*CX**TE*8886323862~
AMT*AU*215~
SVC*HC>99214*215*68.24**1~
DTM*472*20220111~
CAS*CO*45*106.76~
CAS*PR*3*40~
REF*6R*BRPP0000886783-1~
AMT*B6*108.24~
LX*6~
TS3*1609300235*21*20221231*21*3165~
CLP*AAB1341660*1*142*0**13*ENPCW0LY50000*21*1~
NM1*QC*1*SAUCEDO*MARLENE****MI*W462211020~
NM1*82*2*BROOKS REHABILITATION MEDICAL GROUP*****XX*1952343261~
REF*1L*0486870-012-00001-BA~
REF*CE*Aetna Choice  POS II NET 00448~
DTM*232*20211013~
DTM*233*20211013~
DTM*050*20220114~
PER*CX**TE*8886323862~
SVC*HC>99232*142*0**0**1~
DTM*472*20211013~
CAS*OA*18*142*1~
REF*6R*BRPP0000878591-1~
CLP*AAB1341654*1*142*0**13*ENPCW0L7V0000*21*1~
NM1*QC*1*SAUCEDO*MARLENE****MI*W462211020~
NM1*82*2*BROOKS REHABILITATION MEDICAL GROUP*****XX*1952343261~
REF*1L*0486870-012-00001-BA~
REF*CE*Aetna Choice  POS II NET 00448~
DTM*232*20211014~
DTM*233*20211014~
DTM*050*20220114~
PER*CX**TE*8886323862~
SVC*HC>99232*142*0**0**1~
DTM*472*20211014~
CAS*OA*18*142*1~
REF*6R*BRPP0000878590-1~
CLP*AAB1341682*1*142*0**13*ENY1WYWVR0000*21*1~
NM1*QC*1*SAUCEDO*MARLENE****MI*W462211020~
NM1*82*2*BROOKS REHABILITATION MEDICAL GROUP*****XX*1952343261~
REF*1L*0486870-012-00001-BA~
REF*CE*Aetna Choice  POS II NET 00448~
DTM*232*20211012~
DTM*233*20211012~
DTM*050*20220114~
PER*CX**TE*8886323862~
SVC*HC>99232*142*0**0**1~
DTM*472*20211012~
CAS*OA*18*142*1~
REF*6R*BRPP0000878593-1~
CLP*AAB1341698*1*205*85.28*21.32*13*EPACW0QDJ0000*21*1~
NM1*QC*1*SAUCEDO*MARLENE****MI*W462211020~
NM1*82*2*BROOKS REHABILITATION MEDICAL GROUP*****XX*1952343261~
REF*1L*0486870-012-00001-BA~
REF*CE*Aetna Choice  POS II NET 00448~
DTM*232*20211011~
DTM*233*20211011~
DTM*050*20220114~
PER*CX**TE*8886323862~
AMT*AU*205~
SVC*HC>99233*205*85.28**1~
DTM*472*20211011~
CAS*CO*45*98.4~
CAS*PR*2*21.32~
REF*6R*BRPP0000878594-1~
AMT*B6*106.6~
CLP*AAB1341534*1*139*0**13*EPPCWX5WD0000*21*1~
NM1*QC*1*SAUCEDO*MARLENE****MI*W462211020~
NM1*82*2*BROOKS REHABILITATION MEDICAL GROUP*****XX*1952343261~
REF*1L*0486870-012-00001-BA~
REF*CE*Aetna Choice  POS II NET 00448~
DTM*232*20211026~
DTM*233*20211026~
DTM*050*20220114~
PER*CX**TE*8886323862~
SVC*HC>99238*139*0**0**1~
DTM*472*20211026~
CAS*OA*18*139*1~
REF*6R*BRPP0000879260-1~
CLP*AAB1341540*1*205*0**13*EPPCWX5430000*21*1~
NM1*QC*1*SAUCEDO*MARLENE****MI*W462211020~
NM1*82*2*BROOKS REHABILITATION MEDICAL GROUP*****XX*1952343261~
REF*1L*0486870-012-00001-BA~
REF*CE*Aetna Choice  POS II NET 00448~
DTM*232*20211025~
DTM*233*20211025~
DTM*050*20220114~
PER*CX**TE*8886323862~
SVC*HC>99233*205*0**0**1~
DTM*472*20211025~
CAS*OA*18*205*1~
REF*6R*BRPP0000879234-1~
CLP*AAB1341604*1*142*0**13*EQACW1HTG0000*21*1~
NM1*QC*1*SAUCEDO*MARLENE****MI*W462211020~
NM1*82*2*BROOKS REHABILITATION MEDICAL GROUP*****XX*1952343261~
REF*1L*0486870-012-00001-BA~
REF*CE*Aetna Choice  POS II NET 00448~
DTM*232*20211020~
DTM*233*20211020~
DTM*050*20220114~
PER*CX**TE*8886323862~
SVC*HC>99232*142*0**0**1~
DTM*472*20211020~
CAS*OA*18*142*1~
REF*6R*BRPP0000879267-1~
CLP*AAB1341610*1*142*0**13*EQJMW026S0000*21*1~
NM1*QC*1*SAUCEDO*MARLENE****MI*W462211020~
NM1*82*2*BROOKS REHABILITATION MEDICAL GROUP*****XX*1952343261~
REF*1L*0486870-012-00001-BA~
REF*CE*Aetna Choice  POS II NET 00448~
DTM*232*20211019~
DTM*233*20211019~
DTM*050*20220114~
PER*CX**TE*8886323862~
SVC*HC>99232*142*0**0**1~
DTM*472*20211019~
CAS*OA*18*142*1~
REF*6R*BRPP0000879268-1~
CLP*AAB1341626*1*142*59.57*14.89*13*EQJMW03HG0000*21*1~
NM1*QC*1*SAUCEDO*MARLENE****MI*W462211020~
NM1*82*2*BROOKS REHABILITATION MEDICAL GROUP*****XX*1952343261~
REF*1L*0486870-012-00001-BA~
REF*CE*Aetna Choice  POS II NET 00448~
DTM*232*20211018~
DTM*233*20211018~
DTM*050*20220114~
PER*CX**TE*8886323862~
AMT*AU*142~
SVC*HC>99232*142*59.57**1~
DTM*472*20211018~
CAS*CO*45*67.54~
CAS*PR*2*14.89~
REF*6R*BRPP0000879269-1~
AMT*B6*74.46~
CLP*AAB1341648*1*142*59.57*14.89*13*EQTXW01YS0000*21*1~
NM1*QC*1*SAUCEDO*MARLENE****MI*W462211020~
NM1*82*2*BROOKS REHABILITATION MEDICAL GROUP*****XX*1952343261~
REF*1L*0486870-012-00001-BA~
REF*CE*Aetna Choice  POS II NET 00448~
DTM*232*20211015~
DTM*233*20211015~
DTM*050*20220114~
PER*CX**TE*8886323862~
AMT*AU*142~
SVC*HC>99232*142*59.57**1~
DTM*472*20211015~
CAS*CO*45*67.54~
CAS*PR*2*14.89~
REF*6R*BRPP0000879271-1~
AMT*B6*74.46~
CLP*AAB1341578*1*142*0**13*EQ36WYSN90000*21*1~
NM1*QC*1*SAUCEDO*MARLENE****MI*W462211020~
NM1*82*2*BROOKS REHABILITATION MEDICAL GROUP*****XX*1952343261~
REF*1L*0486870-012-00001-BA~
REF*CE*Aetna Choice  POS II NET 00448~
DTM*232*20211022~
DTM*233*20211022~
DTM*050*20220114~
PER*CX**TE*8886323862~
SVC*HC>99232*142*0**0**1~
DTM*472*20211022~
CAS*OA*18*142*1~
REF*6R*BRPP0000879264-1~
CLP*AAB1341584*1*142*0**13*EQ36WYSY00000*21*1~
NM1*QC*1*SAUCEDO*MARLENE****MI*W462211020~
NM1*82*2*BROOKS REHABILITATION MEDICAL GROUP*****XX*1952343261~
REF*1L*0486870-012-00001-BA~
REF*CE*Aetna Choice  POS II NET 00448~
DTM*232*20211021~
DTM*233*20211021~
DTM*050*20220114~
PER*CX**TE*8886323862~
SVC*HC>99232*142*0**0**1~
DTM*472*20211021~
CAS*OA*18*142*1~
REF*6R*BRPP0000879265-1~
CLP*AAB1341604*1*142*0**13*PATXWTHGR0000*21*1~
NM1*QC*1*SAUCEDO*MARLENE****MI*W462211020~
NM1*74*1*SANTIAGO*ESPERANZA****C*W215676916~
NM1*82*2*BROOKS REHABILITATION MEDICAL GROUP*****XX*1952343261~
REF*1L*0811370-014-00111- V~
REF*CE*Aetna HealthFund  Aetna Choice  POS II NET 00448~
DTM*232*20211020~
DTM*233*20211020~
DTM*050*20220114~
PER*CX**TE*8886323862~
SVC*HC>99232*142*0**0**1~
DTM*472*20211020~
CAS*OA*18*142*1~
REF*6R*BRPP0000879267-1~
CLP*AAB1341578*1*142*0**13*PFACWTSZN0000*21*1~
NM1*QC*1*SAUCEDO*MARLENE****MI*W462211020~
NM1*74*1*SANTIAGO*ESPERANZA****C*W215676916~
NM1*82*2*BROOKS REHABILITATION MEDICAL GROUP*****XX*1952343261~
REF*1L*0811370-014-00111- V~
REF*CE*Aetna HealthFund  Aetna Choice  POS II NET 00448~
DTM*232*20211022~
DTM*233*20211022~
DTM*050*20220114~
PER*CX**TE*8886323862~
SVC*HC>99232*142*0**0**1~
DTM*472*20211022~
CAS*OA*18*142*1~
REF*6R*BRPP0000879264-1~
CLP*AAB1341660*1*142*0**13*PFFCWTLNX0000*21*1~
NM1*QC*1*SAUCEDO*MARLENE****MI*W462211020~
NM1*74*1*SANTIAGO*ESPERANZA****C*W215676916~
NM1*82*2*BROOKS REHABILITATION MEDICAL GROUP*****XX*1952343261~
REF*1L*0811370-014-00111- V~
REF*CE*Aetna HealthFund  Aetna Choice  POS II NET 00448~
DTM*232*20211013~
DTM*233*20211013~
DTM*050*20220114~
PER*CX**TE*8886323862~
SVC*HC>99232*142*0**0**1~
DTM*472*20211013~
CAS*OA*18*142*1~
REF*6R*BRPP0000878591-1~
CLP*AAB1341534*1*139*0**13*PGTXWTKL60000*21*1~
NM1*QC*1*SAUCEDO*MARLENE****MI*W462211020~
NM1*74*1*SANTIAGO*ESPERANZA****C*W215676916~
NM1*82*2*BROOKS REHABILITATION MEDICAL GROUP*****XX*1952343261~
REF*1L*0811370-014-00111- V~
REF*CE*Aetna HealthFund  Aetna Choice  POS II NET 00448~
DTM*232*20211026~
DTM*233*20211026~
DTM*050*20220114~
PER*CX**TE*8886323862~
SVC*HC>99238*139*0**0**1~
DTM*472*20211026~
CAS*OA*18*139*1~
REF*6R*BRPP0000879260-1~
CLP*AAB1341540*1*205*0**13*PHY1WSJ1D0000*21*1~
NM1*QC*1*SAUCEDO*MARLENE****MI*W462211020~
NM1*74*1*SANTIAGO*ESPERANZA****C*W215676916~
NM1*82*2*BROOKS REHABILITATION MEDICAL GROUP*****XX*1952343261~
REF*1L*0811370-014-00111- V~
REF*CE*Aetna HealthFund  Aetna Choice  POS II NET 00448~
DTM*232*20211025~
DTM*233*20211025~
DTM*050*20220114~
PER*CX**TE*8886323862~
SVC*HC>99233*205*0**0**1~
DTM*472*20211025~
CAS*OA*18*205*1~
REF*6R*BRPP0000879234-1~
CLP*AAB1341682*1*142*0**13*PQACWTQ200000*21*1~
NM1*QC*1*SAUCEDO*MARLENE****MI*W462211020~
NM1*74*1*SANTIAGO*ESPERANZA****C*W215676916~
NM1*82*2*BROOKS REHABILITATION MEDICAL GROUP*****XX*1952343261~
REF*1L*0811370-014-00111- V~
REF*CE*Aetna HealthFund  Aetna Choice  POS II NET 00448~
DTM*232*20211012~
DTM*233*20211012~
DTM*050*20220114~
PER*CX**TE*8886323862~
SVC*HC>99232*142*0**0**1~
DTM*472*20211012~
CAS*OA*18*142*1~
REF*6R*BRPP0000878593-1~
CLP*AAB1341584*1*142*0**13*P536VFXKV0000*21*1~
NM1*QC*1*SAUCEDO*MARLENE****MI*W462211020~
NM1*74*1*SANTIAGO*ESPERANZA****C*W215676916~
NM1*82*2*BROOKS REHABILITATION MEDICAL GROUP*****XX*1952343261~
REF*1L*0811370-014-00111- V~
REF*CE*Aetna HealthFund  Aetna Choice  POS II NET 00448~
DTM*232*20211021~
DTM*233*20211021~
DTM*050*20220114~
PER*CX**TE*8886323862~
SVC*HC>99232*142*0**0**1~
DTM*472*20211021~
CAS*OA*18*142*1~
REF*6R*BRPP0000879265-1~
CLP*AAB1341610*1*142*0**13*P8FCVFXPR0000*21*1~
NM1*QC*1*SAUCEDO*MARLENE****MI*W462211020~
NM1*74*1*SANTIAGO*ESPERANZA****C*W215676916~
NM1*82*2*BROOKS REHABILITATION MEDICAL GROUP*****XX*1952343261~
REF*1L*0811370-014-00111- V~
REF*CE*Aetna HealthFund  Aetna Choice  POS II NET 00448~
DTM*232*20211019~
DTM*233*20211019~
DTM*050*20220114~
PER*CX**TE*8886323862~
SVC*HC>99232*142*0**0**1~
DTM*472*20211019~
CAS*OA*18*142*1~
REF*6R*BRPP0000879268-1~
CLP*AAB1341654*1*142*0**13*P9RVT3VLJ0000*21*1~
NM1*QC*1*SAUCEDO*MARLENE****MI*W462211020~
NM1*74*1*SANTIAGO*ESPERANZA****C*W215676916~
NM1*82*2*BROOKS REHABILITATION MEDICAL GROUP*****XX*1952343261~
REF*1L*0811370-014-00111- V~
REF*CE*Aetna HealthFund  Aetna Choice  POS II NET 00448~
DTM*232*20211014~
DTM*233*20211014~
DTM*050*20220114~
PER*CX**TE*8886323862~
SVC*HC>99232*142*0**0**1~
DTM*472*20211014~
CAS*OA*18*142*1~
REF*6R*BRPP0000878590-1~
LX*7~
TS3*1366457046*21*20221231*6*852~
CLP*AAB1154802*2*142*14.44**12*EDFCWW56Z0000*21*1~
CAS*OA*23*57.74~
NM1*QC*1*DODD*HARRY*T~
NM1*IL*1*LEZNOFF*JOANNE****MI*W253068418~
NM1*82*1*DEPADUA*VIRGILIO*G***XX*1952343261~
REF*1L*0326415-013-00200- B~
REF*CE*Open Access Aetna Select  8480 NET 01564~
DTM*232*20211218~
DTM*233*20211218~
DTM*050*20220106~
PER*CX**TE*8886323862~
AMT*AU*142~
SVC*HC>99232*142*72.18**1~
DTM*472*20211218~
CAS*OA*23*69.82~
REF*6R*BRPP0000861960-1~
AMT*B6*72.18~
CLP*AAB1149028*2*142*14.44**12*EK36WSTB90000*21*1~
CAS*OA*23*57.74~
NM1*QC*1*DODD*HARRY*T~
NM1*IL*1*LEZNOFF*JOANNE****MI*W253068418~
NM1*82*1*DEPADUA*VIRGILIO*G***XX*1952343261~
REF*1L*0326415-013-00200- B~
REF*CE*Open Access Aetna Select  8480 NET 01564~
DTM*232*20211217~
DTM*233*20211217~
DTM*050*20220106~
PER*CX**TE*8886323862~
AMT*AU*142~
SVC*HC>99232*142*72.18**1~
DTM*472*20211217~
CAS*OA*23*69.82~
REF*6R*BRPP0000859075-1~
AMT*B6*72.18~
CLP*AAB1340758*1*142*0*74.46*13*ELY1W0SWM0000*21*1~
NM1*QC*1*FORMELLA*PETER****MI*W270278917~
NM1*82*1*DEPADUA*VIRGILIO*G***XX*1952343261~
REF*1L*0175014-020-00001- C~
REF*CE*Aetna Choice  POS II NET 00448~
DTM*232*20220102~
DTM*233*20220102~
DTM*050*20220114~
PER*CX**TE*8886323862~
AMT*AU*142~
SVC*HC>99232*142*0**1~
DTM*472*20220102~
CAS*CO*45*67.54~
CAS*PR*1*74.46~
REF*6R*BRPP0000878614-1~
AMT*B6*74.46~
CLP*AAB1115180*2*142*14.44**12*ERWZWQ55G0000*21*1~
CAS*OA*23*57.74~
NM1*QC*1*DODD*HARRY*T~
NM1*IL*1*LEZNOFF*JOANNE****MI*W253068418~
NM1*82*1*DEPADUA*VIRGILIO*G***XX*1952343261~
REF*1L*0326415-013-00200- B~
REF*CE*Open Access Aetna Select  8480 NET 01564~
DTM*232*20211213~
DTM*233*20211213~
DTM*050*20220103~
PER*CX**TE*8886323862~
AMT*AU*142~
SVC*HC>99232*142*72.18**1~
DTM*472*20211213~
CAS*OA*23*69.82~
REF*6R*BRPP0000845512-1~
AMT*B6*72.18~
CLP*AAB1118888*2*142*14.44**12*ESFCVGT3H0000*21*1~
CAS*OA*23*57.74~
NM1*QC*1*DODD*HARRY*T~
NM1*IL*1*LEZNOFF*JOANNE****MI*W253068418~
NM1*82*1*DEPADUA*VIRGILIO*G***XX*1952343261~
REF*1L*0326415-013-00200- B~
REF*CE*Open Access Aetna Select  8480 NET 01564~
DTM*232*20211214~
DTM*233*20211214~
DTM*050*20220103~
PER*CX**TE*8886323862~
AMT*AU*142~
SVC*HC>99232*142*72.18**1~
DTM*472*20211214~
CAS*OA*23*69.82~
REF*6R*BRPP0000845513-1~
AMT*B6*72.18~
CLP*AAB1123324*2*142*14.44**12*ESPCVFCW00000*21*1~
CAS*OA*23*57.74~
NM1*QC*1*DODD*HARRY*T~
NM1*IL*1*LEZNOFF*JOANNE****MI*W253068418~
NM1*82*1*DEPADUA*VIRGILIO*G***XX*1952343261~
REF*1L*0326415-013-00200- B~
REF*CE*Open Access Aetna Select  8480 NET 01564~
DTM*232*20211215~
DTM*233*20211215~
DTM*050*20220103~
PER*CX**TE*8886323862~
AMT*AU*142~
SVC*HC>99232*142*72.18**1~
DTM*472*20211215~
CAS*OA*23*69.82~
REF*6R*BRPP0000845515-1~
AMT*B6*72.18~
LX*8~
TS3*1447623855*21*20221231*1*142~
CLP*AAB1341702*1*142*50.63*12.66*13*EPACW0QN60000*21*1~
NM1*QC*1*SAUCEDO*MARLENE****MI*W462211020~
NM1*82*1*HAND*JEFFREY****XX*1952343261~
REF*1L*0486870-012-00001-BA~
REF*CE*Aetna Choice  POS II NET 00448~
DTM*232*20211010~
DTM*233*20211010~
DTM*050*20220114~
PER*CX**TE*8886323862~
AMT*AU*142~
SVC*HC>99232*142*50.63**1~
DTM*472*20211010~
CAS*CO*45*78.71~
CAS*PR*2*12.66~
REF*6R*BRPP0000878595-1~
AMT*B6*63.29~
LX*9~
TS3*1073949996*31*20221231*1*139~
CLP*AAB1166086*2*139*11.71**12*E3TXVJJFN0000*31*1~
CAS*OA*23*46.86~
NM1*QC*1*HICKS JR*JAMES*A***MI*W240151441~
NM1*74*1*HICKS~
NM1*82*1*DOBROVICH*VINCENT*J***XX*1952343261~
REF*1L*0326415-013-00100- A~
REF*CE*Open Access Aetna Select  8480 NET 01564~
DTM*232*20211210~
DTM*233*20211210~
DTM*050*20220112~
PER*CX**TE*8886323862~
AMT*AU*139~
SVC*HC>99308*139*58.57**1~
DTM*472*20211210~
CAS*OA*23*80.43~
REF*6R*BRPP0000870684-1~
AMT*B6*58.57~
LX*10~
TS3*1578986659*31*20221231*1*139~
CLP*AAB1283584*2*139*9.37*2.34*15*EDY1WZSKV0000*31*1~
NM1*QC*1*BUTLER*KAZUKO****MI*3R86RX6MC40~
NM1*74*1**ANTHONY****C*W065162063~
NM1*82*1*RUSSELL*AMY****XX*1952343261~
REF*1L*0866216-041-00303-RB~
REF*CE*Traditional Choice~
DTM*232*20211214~
DTM*233*20211214~
DTM*050*20220118~
PER*CX**TE*8886323862~
AMT*AU*139~
SVC*HC>99308*139*9.37**1~
DTM*472*20211214~
CAS*OA*23*127.29~
CAS*PR*2*2.34~
REF*6R*BRPP0000855573-1~
AMT*B6*58.57~
LX*11~
TS3*1154580462*21*20221231*4*697~
CLP*AAB1341718*1*271*95.34*23.84*13*EPFCW00630000*21*1~
NM1*QC*1*SAUCEDO*MARLENE****MI*W462211020~
NM1*82*1*GLASSICK*CINDY*H***XX*1952343261~
REF*1L*0486870-012-00001-BA~
REF*CE*Aetna Choice  POS II NET 00448~
DTM*232*20211008~
DTM*233*20211008~
DTM*050*20220114~
PER*CX**TE*8886323862~
AMT*AU*271~
SVC*HC>99222>AI*271*95.34**1~
DTM*472*20211008~
CAS*CO*45*151.82~
CAS*PR*2*23.84~
REF*6R*BRPP0000878596-1~
AMT*B6*119.18~
CLP*AAB1341556*1*142*0**13*EPY1W0QBG0000*21*1~
NM1*QC*1*SAUCEDO*MARLENE****MI*W462211020~
NM1*82*1*GLASSICK*CINDY*H***XX*1952343261~
REF*1L*0486870-012-00001-BA~
REF*CE*Aetna Choice  POS II NET 00448~
DTM*232*20211024~
DTM*233*20211024~
DTM*050*20220114~
PER*CX**TE*8886323862~
SVC*HC>99232*142*0**0**1~
DTM*472*20211024~
CAS*OA*18*142*1~
REF*6R*BRPP0000879262-1~
CLP*AAB1341632*1*142*50.63*12.66*13*EQTXW017G0000*21*1~
NM1*QC*1*SAUCEDO*MARLENE****MI*W462211020~
NM1*82*1*GLASSICK*CINDY*H***XX*1952343261~
REF*1L*0486870-012-00001-BA~
REF*CE*Aetna Choice  POS II NET 00448~
DTM*232*20211017~
DTM*233*20211017~
DTM*050*20220114~
PER*CX**TE*8886323862~
AMT*AU*142~
SVC*HC>99232*142*50.63**1~
DTM*472*20211017~
CAS*CO*45*78.71~
CAS*PR*2*12.66~
REF*6R*BRPP0000879270-1~
AMT*B6*63.29~
CLP*AAB1341556*1*142*0**13*PXACVB8VQ0000*21*1~
NM1*QC*1*SAUCEDO*MARLENE****MI*W462211020~
NM1*74*1*SANTIAGO*ESPERANZA****C*W215676916~
NM1*82*1*GLASSICK*CINDY*H***XX*1952343261~
REF*1L*0811370-014-00111- V~
REF*CE*Aetna HealthFund  Aetna Choice  POS II NET 00448~
DTM*232*20211024~
DTM*233*20211024~
DTM*050*20220114~
PER*CX**TE*8886323862~
SVC*HC>99232*142*0**0**1~
DTM*472*20211024~
CAS*OA*18*142*1~
REF*6R*BRPP0000879262-1~
LX*12~
TS3*1134614043*21*20221231*1*142~
CLP*AAB1159508*2*142*12.27**12*E1JMVMB8T0000*21*1~
CAS*OA*23*49.08~
NM1*QC*1*DODD*HARRY*T~
NM1*IL*1*LEZNOFF*JOANNE****MI*W253068418~
NM1*82*1*PRIFTI*KATHRYN*C***XX*1952343261~
REF*1L*0326415-013-00200- B~
REF*CE*Open Access Aetna Select  8480 NET 01564~
DTM*232*20211219~
DTM*233*20211219~
DTM*050*20220112~
PER*CX**TE*8886323862~
AMT*AU*142~
SVC*HC>99232*142*61.35**1~
DTM*472*20211219~
CAS*OA*23*80.65~
REF*6R*BRPP0000870675-1~
AMT*B6*61.35~
LX*13~
TS3*1922414499*21*20221231*13*2224~
CLP*AAB1149034*2*205*20.73**12*EKACWT9J30000*21*1~
CAS*OA*23*82.93~
NM1*QC*1*DODD*HARRY*T~
NM1*IL*1*LEZNOFF*JOANNE****MI*W253068418~
NM1*82*1*LIST*CASSANDRA*M***XX*1952343261~
REF*1L*0326415-013-00200- B~
REF*CE*Open Access Aetna Select  8480 NET 01564~
DTM*232*20211217~
DTM*233*20211217~
DTM*050*20220106~
PER*CX**TE*8886323862~
AMT*AU*205~
SVC*HC>99233*205*103.66**1~
DTM*472*20211217~
CAS*OA*23*101.34~
REF*6R*BRPP0000859076-1~
AMT*B6*103.66~
CLP*AAB1339316*1*205*0*106.6*13*ELY1WZ18D0000*21*1~
NM1*QC*1*GUTIERREZ*DENISE~
NM1*IL*1*MENDEZ*ELIAS****MI*W462187827~
NM1*82*1*LIST*CASSANDRA*M***XX*1952343261~
REF*1L*0835509-014-00001-BC~
REF*CE*Aetna HealthFund  Aetna Choice  POS II NET 00448~
DTM*232*20220107~
DTM*233*20220107~
DTM*050*20220113~
PER*CX**TE*8886323862~
AMT*AU*205~
SVC*HC>99233*205*0**1~
DTM*472*20220107~
CAS*CO*45*98.4~
CAS*PR*1*106.6~
REF*6R*BRPP0000876750-1~
AMT*B6*106.6~
CLP*AAB1115174*2*142*14.44**12*ERWZWQ53N0000*21*1~
CAS*OA*23*57.74~
NM1*QC*1*DODD*HARRY*T~
NM1*IL*1*LEZNOFF*JOANNE****MI*W253068418~
NM1*82*1*LIST*CASSANDRA*M***XX*1952343261~
REF*1L*0326415-013-00200- B~
REF*CE*Open Access Aetna Select  8480 NET 01564~
DTM*232*20211213~
DTM*233*20211213~
DTM*050*20220103~
PER*CX**TE*8886323862~
AMT*AU*142~
SVC*HC>99232*142*72.18**1~
DTM*472*20211213~
CAS*OA*23*69.82~
REF*6R*BRPP0000845511-1~
AMT*B6*72.18~
CLP*AAB1118894*2*205*20.73**12*ESFCVGT470000*21*1~
CAS*OA*23*82.93~
NM1*QC*1*DODD*HARRY*T~
NM1*IL*1*LEZNOFF*JOANNE****MI*W253068418~
NM1*82*1*LIST*CASSANDRA*M***XX*1952343261~
REF*1L*0326415-013-00200- B~
REF*CE*Open Access Aetna Select  8480 NET 01564~
DTM*232*20211214~
DTM*233*20211214~
DTM*050*20220103~
PER*CX**TE*8886323862~
AMT*AU*205~
SVC*HC>99233*205*103.66**1~
DTM*472*20211214~
CAS*OA*23*101.34~
REF*6R*BRPP0000845514-1~
AMT*B6*103.66~
CLP*AAB1123330*2*205*20.73**12*ESPCVFCYR0000*21*1~
CAS*OA*23*82.93~
NM1*QC*1*DODD*HARRY*T~
NM1*IL*1*LEZNOFF*JOANNE****MI*W253068418~
NM1*82*1*LIST*CASSANDRA*M***XX*1952343261~
REF*1L*0326415-013-00200- B~
REF*CE*Open Access Aetna Select  8480 NET 01564~
DTM*232*20211215~
DTM*233*20211215~
DTM*050*20220103~
PER*CX**TE*8886323862~
AMT*AU*205~
SVC*HC>99233*205*103.66**1~
DTM*472*20211215~
CAS*OA*23*101.34~
REF*6R*BRPP0000845516-1~
AMT*B6*103.66~
CLP*AAB1277398*1*142*74.46**13*EVACVC0XD0000*21*1~
NM1*QC*1*GUTIERREZ*DENISE~
NM1*IL*1*MENDEZ*ELIAS****MI*W462187827~
NM1*82*1*LIST*CASSANDRA*M***XX*1952343261~
REF*1L*0835509-014-00001-BC~
REF*CE*Aetna HealthFund  Aetna Choice  POS II NET 00448~
DTM*232*20211228~
DTM*233*20211228~
DTM*050*20220103~
PER*CX**TE*8886323862~
AMT*AU*142~
SVC*HC>99232*142*74.46**1~
DTM*472*20211228~
CAS*CO*45*67.54~
REF*6R*BRPP0000849361-1~
AMT*B6*74.46~
CLP*AAB1200128*1*142*74.46**13*EV36VGSN00000*21*1~
NM1*QC*1*GUTIERREZ*DENISE~
NM1*IL*1*MENDEZ*ELIAS****MI*W462187827~
NM1*82*1*LIST*CASSANDRA*M***XX*1952343261~
REF*1L*0835509-014-00001-BC~
REF*CE*Aetna HealthFund  Aetna Choice  POS II NET 00448~
DTM*232*20211227~
DTM*233*20211227~
DTM*050*20220103~
PER*CX**TE*8886323862~
AMT*AU*142~
SVC*HC>99232*142*74.46**1~
DTM*472*20211227~
CAS*CO*45*67.54~
REF*6R*BRPP0000848854-1~
AMT*B6*74.46~
CLP*AAB1371954*1*142*0*74.46*13*EXACVMFGW0000*21*1~
NM1*QC*1*GUTIERREZ*DENISE~
NM1*IL*1*MENDEZ*ELIAS****MI*W462187827~
NM1*82*1*LIST*CASSANDRA*M***XX*1952343261~
REF*1L*0835509-014-00001-BC~
REF*CE*Aetna HealthFund  Aetna Choice  POS II NET 00448~
DTM*232*20220111~
DTM*233*20220111~
DTM*050*20220117~
PER*CX**TE*8886323862~
AMT*AU*142~
SVC*HC>99232*142*0**1~
DTM*472*20220111~
CAS*CO*45*67.54~
CAS*PR*1*74.46~
REF*6R*BRPP0000886812-1~
AMT*B6*74.46~
CLP*AAB1376356*1*142*0*74.46*13*EXJMVMFGG0000*21*1~
NM1*QC*1*GUTIERREZ*DENISE~
NM1*IL*1*MENDEZ*ELIAS****MI*W462187827~
NM1*82*1*LIST*CASSANDRA*M***XX*1952343261~
REF*1L*0835509-014-00001-BC~
REF*CE*Aetna HealthFund  Aetna Choice  POS II NET 00448~
DTM*232*20220112~
DTM*233*20220112~
DTM*050*20220117~
PER*CX**TE*8886323862~
AMT*AU*142~
SVC*HC>99232*142*0**1~
DTM*472*20220112~
CAS*CO*45*67.54~
CAS*PR*1*74.46~
REF*6R*BRPP0000887155-1~
AMT*B6*74.46~
CLP*AAB1366902*1*142*0*74.46*13*EX36VMFGC0000*21*1~
NM1*QC*1*GUTIERREZ*DENISE~
NM1*IL*1*MENDEZ*ELIAS****MI*W462187827~
NM1*82*1*LIST*CASSANDRA*M***XX*1952343261~
REF*1L*0835509-014-00001-BC~
REF*CE*Aetna HealthFund  Aetna Choice  POS II NET 00448~
DTM*232*20220110~
DTM*233*20220110~
DTM*050*20220117~
PER*CX**TE*8886323862~
AMT*AU*142~
SVC*HC>99232*142*0**1~
DTM*472*20220110~
CAS*CO*45*67.54~
CAS*PR*1*74.46~
REF*6R*BRPP0000885285-1~
AMT*B6*74.46~
CLP*AAB1384908*1*205*0*106.6*13*EZTXVM5MQ0000*21*1~
NM1*QC*1*GUTIERREZ*DENISE~
NM1*IL*1*MENDEZ*ELIAS****MI*W462187827~
NM1*82*1*LIST*CASSANDRA*M***XX*1952343261~
REF*1L*0835509-014-00001-BC~
REF*CE*Aetna HealthFund  Aetna Choice  POS II NET 00448~
DTM*232*20220113~
DTM*233*20220113~
DTM*050*20220118~
PER*CX**TE*8886323862~
AMT*AU*205~
SVC*HC>99233*205*0**1~
DTM*472*20220113~
CAS*CO*45*98.4~
CAS*PR*1*106.6~
REF*6R*BRPP0000890121-1~
AMT*B6*106.6~
CLP*AAB1335108*1*205*0*106.6*13*E3ACVL85R0000*21*1~
NM1*QC*1*GUTIERREZ*DENISE~
NM1*IL*1*MENDEZ*ELIAS****MI*W462187827~
NM1*82*1*LIST*CASSANDRA*M***XX*1952343261~
REF*1L*0835509-014-00001-BC~
REF*CE*Aetna HealthFund  Aetna Choice  POS II NET 00448~
DTM*232*20220106~
DTM*233*20220106~
DTM*050*20220112~
PER*CX**TE*8886323862~
AMT*AU*205~
SVC*HC>99233*205*0**1~
DTM*472*20220106~
CAS*CO*45*98.4~
CAS*PR*1*106.6~
REF*6R*BRPP0000875192-1~
AMT*B6*106.6~
CLP*AAB1133290*2*142*14.44**12*E7JMVHB910000*21*1~
CAS*OA*23*57.74~
NM1*QC*1*DODD*HARRY*T~
NM1*IL*1*LEZNOFF*JOANNE****MI*W253068418~
NM1*82*1*LIST*CASSANDRA*M***XX*1952343261~
REF*1L*0326415-013-00200- B~
REF*CE*Open Access Aetna Select  8480 NET 01564~
DTM*232*20211216~
DTM*233*20211216~
DTM*050*20220105~
PER*CX**TE*8886323862~
AMT*AU*142~
SVC*HC>99232*142*72.18**1~
DTM*472*20211216~
CAS*OA*23*69.82~
REF*6R*BRPP0000848660-1~
AMT*B6*72.18~
LX*14~
TS3*1205483898*21*20221231*1*142~
CLP*AAB1369002*1*142*50.63*12.66*13*EVACVMFH40000*21*1~
NM1*QC*1*DAILEY*KIMBERLY****MI*W087749514~
NM1*82*1*CONIGLIARO*MICHAEL*J***XX*1952343261~
REF*1L*0836425-011-00009- D~
REF*CE*Aetna Choice  POS II NET 00448~
DTM*232*20220108~
DTM*233*20220108~
DTM*050*20220117~
PER*CX**TE*8886323862~
AMT*AU*142~
SVC*HC>99232*142*50.63**1~
DTM*472*20220108~
CAS*CO*45*78.71~
CAS*PR*2*12.66~
REF*6R*BRPP0000885536-1~
AMT*B6*63.29~
LX*15~
TS3*1245456946*21*20221231*1*142~
CLP*AAB1305526*1*142*0**13*PKJMWS9120000*21*1~
NM1*QC*1*CONNER*LABARIS*V***MI*W257015403~
NM1*74*1******C*W270429541~
NM1*82*1*ADAMS*MELANIE****XX*1952343261~
REF*1L*0181552-012-00003- B~
REF*CE*Aetna Choice  POS II NET 00448~
DTM*232*20220101~
DTM*233*20220101~
DTM*050*20220112~
PER*CX**TE*8886323862~
SVC*HC>99232*142*0**0**1~
DTM*472*20220101~
CAS*OA*18*142*1~
REF*6R*BRPP0000872321-1~
LX*16~
TS3*1386691319*21*20221231*1*142~
CLP*AAB1331130*1*142*0*63.29*13*PZ36RFTC10000*21*1~
NM1*QC*1*CONNER*LABARIS*V***MI*W257015403~
NM1*74*1******C*W270429541~
NM1*82*1*ADAMS*MELANIE****XX*1952343261~
REF*1L*0181552-012-00003- B~
REF*CE*Aetna Choice  POS II NET 00448~
DTM*232*20220105~
DTM*233*20220105~
DTM*050*20220112~
PER*CX**TE*8886323862~
AMT*AU*142~
SVC*HC>99232*142*0**1~
DTM*472*20220105~
CAS*CO*45*78.71~
CAS*PR*1*63.29~
REF*6R*BRPP0000871709-1~
AMT*B6*63.29~
LX*17~
TS3*1508952045*21*20221231*2*284~
CLP*AAB1324124*1*142*0*63.29*13*PMTXST8P90000*21*1~
NM1*QC*1*CONNER*LABARIS*V***MI*W257015403~
NM1*74*1******C*W270429541~
NM1*82*1*ADAMS*MELANIE****XX*1952343261~
REF*1L*0181552-012-00003- B~
REF*CE*Aetna Choice  POS II NET 00448~
DTM*232*20220103~
DTM*233*20220103~
DTM*050*20220112~
PER*CX**TE*8886323862~
AMT*AU*142~
SVC*HC>99232*142*0**1~
DTM*472*20220103~
CAS*CO*45*78.71~
CAS*PR*1*63.29~
REF*6R*BRPP0000868773-1~
AMT*B6*63.29~
CLP*AAB1328088*1*142*0*63.29*13*PTACRKVVX0000*21*1~
NM1*QC*1*CONNER*LABARIS*V***MI*W257015403~
NM1*74*1******C*W270429541~
NM1*82*1*ADAMS*MELANIE****XX*1952343261~
REF*1L*0181552-012-00003- B~
REF*CE*Aetna Choice  POS II NET 00448~
DTM*232*20220104~
DTM*233*20220104~
DTM*050*20220112~
PER*CX**TE*8886323862~
AMT*AU*142~
SVC*HC>99232*142*0**1~
DTM*472*20220104~
CAS*CO*45*78.71~
CAS*PR*1*63.29~
REF*6R*BRPP0000871400-1~
AMT*B6*63.29~
LX*18~
TS3*1790743342*21*20221231*8*1136~
CLP*AAB1299482*1*142*74.46**13*EMACWXFZZ0000*21*1~
NM1*QC*1*MOULTRIE*LORETTA****MI*W115019493~
NM1*82*1*BULAEVA*NATALYA*V***XX*1952343261~
REF*1L*0800100-030-00001-KA~
REF*CE*Aetna Choice  POS II NET 00448~
DTM*232*20211231~
DTM*233*20211231~
DTM*050*20220106~
PER*CX**TE*8886323862~
AMT*AU*142~
SVC*HC>99232*142*74.46**1~
DTM*472*20211231~
CAS*CO*45*67.54~
REF*6R*BRPP0000859420-1~
AMT*B6*74.46~
CLP*AAB1292794*1*142*74.46**13*EVJMVGN9B0000*21*1~
NM1*QC*1*MOULTRIE*LORETTA****MI*W115019493~
NM1*82*1*BULAEVA*NATALYA*V***XX*1952343261~
REF*1L*0800100-030-00001-KA~
REF*CE*Aetna Choice  POS II NET 00448~
DTM*232*20211230~
DTM*233*20211230~
DTM*050*20220105~
PER*CX**TE*8886323862~
AMT*AU*142~
SVC*HC>99232*142*74.46**1~
DTM*472*20211230~
CAS*CO*45*67.54~
REF*6R*BRPP0000857774-1~
AMT*B6*74.46~
CLP*AAB1277946*1*142*74.46**13*EWFCVGT220000*21*1~
NM1*QC*1*MOULTRIE*LORETTA****MI*W115019493~
NM1*82*1*BULAEVA*NATALYA*V***XX*1952343261~
REF*1L*0800100-030-00001-KA~
REF*CE*Aetna Choice  POS II NET 00448~
DTM*232*20211228~
DTM*233*20211228~
DTM*050*20220103~
PER*CX**TE*8886323862~
AMT*AU*142~
SVC*HC>99232*142*74.46**1~
DTM*472*20211228~
CAS*CO*45*67.54~
REF*6R*BRPP0000849486-1~
AMT*B6*74.46~
CLP*AAB1282982*1*142*74.46**13*EWPCVGZGW0000*21*1~
NM1*QC*1*MOULTRIE*LORETTA****MI*W115019493~
NM1*82*1*BULAEVA*NATALYA*V***XX*1952343261~
REF*1L*0800100-030-00001-KA~
REF*CE*Aetna Choice  POS II NET 00448~
DTM*232*20211229~
DTM*233*20211229~
DTM*050*20220103~
PER*CX**TE*8886323862~
AMT*AU*142~
SVC*HC>99232*142*74.46**1~
DTM*472*20211229~
CAS*CO*45*67.54~
REF*6R*BRPP0000855790-1~
AMT*B6*74.46~
CLP*AAB1385136*1*142*0*74.46*13*E0PCVM5880000*21*1~
NM1*QC*1*MOULTRIE*LORETTA****MI*W115019493~
NM1*82*1*BULAEVA*NATALYA*V***XX*1952343261~
REF*1L*0800100-030-00001-KA~
REF*CE*Aetna Choice  POS II NET 00448~
DTM*232*20220113~
DTM*233*20220113~
DTM*050*20220118~
PER*CX**TE*8886323862~
AMT*AU*142~
SVC*HC>99232*142*0**1~
DTM*472*20220113~
CAS*CO*45*67.54~
CAS*PR*1*74.46~
REF*6R*BRPP0000890237-1~
AMT*B6*74.46~
CLP*AAB1367342*1*142*0*74.46*13*E0Y1VMGSC0000*21*1~
NM1*QC*1*MOULTRIE*LORETTA****MI*W115019493~
NM1*82*1*BULAEVA*NATALYA*V***XX*1952343261~
REF*1L*0800100-030-00001-KA~
REF*CE*Aetna Choice  POS II NET 00448~
DTM*232*20220110~
DTM*233*20220110~
DTM*050*20220117~
PER*CX**TE*8886323862~
AMT*AU*142~
SVC*HC>99232*142*0**1~
DTM*472*20220110~
CAS*CO*45*67.54~
CAS*PR*1*74.46~
REF*6R*BRPP0000885461-1~
AMT*B6*74.46~
CLP*AAB1372280*1*142*0*74.46*13*E136VMFDG0000*21*1~
NM1*QC*1*MOULTRIE*LORETTA****MI*W115019493~
NM1*82*1*BULAEVA*NATALYA*V***XX*1952343261~
REF*1L*0800100-030-00001-KA~
REF*CE*Aetna Choice  POS II NET 00448~
DTM*232*20220111~
DTM*233*20220111~
DTM*050*20220117~
PER*CX**TE*8886323862~
AMT*AU*142~
SVC*HC>99232*142*0**1~
DTM*472*20220111~
CAS*CO*45*67.54~
CAS*PR*1*74.46~
REF*6R*BRPP0000886949-1~
AMT*B6*74.46~
CLP*AAB1376720*1*142*0*74.46*13*E136VMFFX0000*21*1~
NM1*QC*1*MOULTRIE*LORETTA****MI*W115019493~
NM1*82*1*BULAEVA*NATALYA*V***XX*1952343261~
REF*1L*0800100-030-00001-KA~
REF*CE*Aetna Choice  POS II NET 00448~
DTM*232*20220112~
DTM*233*20220112~
DTM*050*20220117~
PER*CX**TE*8886323862~
AMT*AU*142~
SVC*HC>99232*142*0**1~
DTM*472*20220112~
CAS*CO*45*67.54~
CAS*PR*1*74.46~
REF*6R*BRPP0000887281-1~
AMT*B6*74.46~
LX*19~
TS3*1093796997*11*20221231*1*150~
CLP*AAB1385038*1*150*22.31*40*12*E0PCVM57D0000*11*1~
NM1*QC*1*MATHIS*SHAYNELL*F***MI*W264294194~
NM1*82*1*ALEXANDERSON*MONICA*C***XX*1952343261~
REF*1L*0326415-010-00029- A~
REF*CE*Open Access Aetna Select  8480 NET 01564~
DTM*232*20220113~
DTM*233*20220113~
DTM*050*20220118~
PER*CX**TE*8886323862~
AMT*AU*150~
SVC*HC>99213>95*150*22.31**1~
DTM*472*20220113~
CAS*CO*45*87.69~
CAS*PR*3*40~
REF*6R*BRPP0000890212-1~
AMT*B6*62.31~
LX*20~
TS3*1053386722*21*20221231*1*413~
CLP*AAB1368994*1*413*145.97*36.5*13*EV36VP6RV0000*21*1~
NM1*QC*1*DAILEY*KIMBERLY****MI*W087749514~
NM1*82*1*CRAIN*NANCY****XX*1952343261~
REF*1L*0836425-011-00009- D~
REF*CE*Aetna Choice  POS II NET 00448~
DTM*232*20220106~
DTM*233*20220109~
DTM*050*20220117~
PER*CX**TE*8886323862~
AMT*AU*413~
SVC*HC>99222>AI*271*95.34**1~
DTM*472*20220106~
CAS*CO*45*151.82~
CAS*PR*2*23.84~
REF*6R*BRPP0000885535-1~
AMT*B6*119.18~
SVC*HC>99232*142*50.63**1~
DTM*472*20220109~
CAS*CO*45*78.71~
CAS*PR*2*12.66~
REF*6R*BRPP0000885535-2~
AMT*B6*63.29~
LX*21~
TS3*1275885303*21*20221231*1*142~
CLP*AAB1373832*1*142*0*63.29*13*EVACVMFKL0000*21*1~
NM1*QC*1*DAILEY*KIMBERLY****MI*W087749514~
NM1*82*1*DAVIS*DEBORAH*A***XX*1952343261~
REF*1L*0836425-011-00009- D~
REF*CE*Aetna Choice  POS II NET 00448~
DTM*232*20220111~
DTM*233*20220111~
DTM*050*20220117~
PER*CX**TE*8886323862~
AMT*AU*142~
SVC*HC>99232*142*0**1~
DTM*472*20220111~
CAS*CO*45*78.71~
CAS*PR*1*63.29~
REF*6R*BRPP0000886988-1~
AMT*B6*63.29~
LX*22~
TS3*1255410833*31*20221231*1*139~
CLP*AAB1123558*2*139*13.78**12*EVACVC0Y40000*31*1~
CAS*OA*23*55.12~
NM1*QC*1*HICKS JR*JAMES*A***MI*W240151441~
NM1*74*1*HICKS~
NM1*82*1*CABAN*MABEL*E***XX*1952343261~
REF*1L*0326415-013-00100- A~
REF*CE*Open Access Aetna Select  8480 NET 01564~
DTM*232*20211206~
DTM*233*20211206~
DTM*050*20220103~
PER*CX**TE*8886323862~
AMT*AU*139~
SVC*HC>99308*139*68.9**1~
DTM*472*20211206~
CAS*OA*23*70.1~
REF*6R*BRPP0000845518-1~
AMT*B6*68.9~
LX*23~
TS3*1609097344*21*20221231*5*581~
CLP*AAB1340806*1*142*0*74.46*13*EMJMW0Y4L0000*21*1~
NM1*QC*1*FORMELLA*PETER****MI*W270278917~
NM1*82*1*NGO*KENNETH*T***XX*1952343261~
REF*1L*0175014-020-00001- C~
REF*CE*Aetna Choice  POS II NET 00448~
DTM*232*20220104~
DTM*233*20220104~
DTM*050*20220114~
PER*CX**TE*8886323862~
AMT*AU*142~
SVC*HC>99232*142*0**1~
DTM*472*20220104~
CAS*CO*45*67.54~
CAS*PR*1*74.46~
REF*6R*BRPP0000878619-1~
AMT*B6*74.46~
CLP*AAB1340828*1*79*0*40.23*13*EMTXW08C60000*21*1~
NM1*QC*1*FORMELLA*PETER****MI*W270278917~
NM1*82*1*NGO*KENNETH*T***XX*1952343261~
REF*1L*0175014-020-00001- C~
REF*CE*Aetna Choice  POS II NET 00448~
DTM*232*20220105~
DTM*233*20220105~
DTM*050*20220114~
PER*CX**TE*8886323862~
AMT*AU*79~
SVC*HC>99231*79*0**1~
DTM*472*20220105~
CAS*CO*45*38.77~
CAS*PR*1*40.23~
REF*6R*BRPP0000878621-1~
AMT*B6*40.23~
CLP*AAB1340770*1*142*0*74.46*13*EM36WZ4Q10000*21*1~
NM1*QC*1*FORMELLA*PETER****MI*W270278917~
NM1*82*1*NGO*KENNETH*T***XX*1952343261~
REF*1L*0175014-020-00001- C~
REF*CE*Aetna Choice  POS II NET 00448~
DTM*232*20220103~
DTM*233*20220103~
DTM*050*20220114~
PER*CX**TE*8886323862~
AMT*AU*142~
SVC*HC>99232*142*0**1~
DTM*472*20220103~
CAS*CO*45*67.54~
CAS*PR*1*74.46~
REF*6R*BRPP0000878616-1~
AMT*B6*74.46~
CLP*AAB1340856*1*139*0*74.47*13*ENFCWYSSR0000*21*1~
NM1*QC*1*FORMELLA*PETER****MI*W270278917~
NM1*82*1*NGO*KENNETH*T***XX*1952343261~
REF*1L*0175014-020-00001- C~
REF*CE*Aetna Choice  POS II NET 00448~
DTM*232*20220107~
DTM*233*20220107~
DTM*050*20220114~
PER*CX**TE*8886323862~
AMT*AU*139~
SVC*HC>99238*139*0**1~
DTM*472*20220107~
CAS*CO*45*64.53~
CAS*PR*1*74.47~
REF*6R*BRPP0000878624-1~
AMT*B6*74.47~
CLP*AAB1340840*1*79*0*40.23*13*ENFCWYS2F0000*21*1~
NM1*QC*1*FORMELLA*PETER****MI*W270278917~
NM1*82*1*NGO*KENNETH*T***XX*1952343261~
REF*1L*0175014-020-00001- C~
REF*CE*Aetna Choice  POS II NET 00448~
DTM*232*20220106~
DTM*233*20220106~
DTM*050*20220114~
PER*CX**TE*8886323862~
AMT*AU*79~
SVC*HC>99231*79*0**1~
DTM*472*20220106~
CAS*CO*45*38.77~
CAS*PR*1*40.23~
REF*6R*BRPP0000878623-1~
AMT*B6*40.23~
LX*24~
TS3*1982952537*21*20221231*1*271~
CLP*AAB1341676*1*271*112.17*28.04*13*ENY1WYWK20000*21*1~
NM1*QC*1*SAUCEDO*MARLENE****MI*W462211020~
NM1*82*1*JORDAN*KATELYN*W***XX*1952343261~
REF*1L*0486870-012-00001-BA~
REF*CE*Aetna Choice  POS II NET 00448~
DTM*232*20211012~
DTM*233*20211012~
DTM*050*20220114~
PER*CX**TE*8886323862~
AMT*AU*271~
SVC*HC>99222*271*112.17**1~
DTM*472*20211012~
CAS*CO*45*130.79~
CAS*PR*2*28.04~
REF*6R*BRPP0000878592-1~
AMT*B6*140.21~
LX*25~
TS3*1477798460*21*20221231*2*284~
CLP*AAB1341562*1*142*0**13*EPY1W0QL40000*21*1~
NM1*QC*1*SAUCEDO*MARLENE****MI*W462211020~
NM1*82*1*CARTER*PAMELA*S***XX*1952343261~
REF*1L*0486870-012-00001-BA~
REF*CE*Aetna Choice  POS II NET 00448~
DTM*232*20211023~
DTM*233*20211023~
DTM*050*20220114~
PER*CX**TE*8886323862~
SVC*HC>99232*142*0**0**1~
DTM*472*20211023~
CAS*OA*18*142*1~
REF*6R*BRPP0000879263-1~
CLP*AAB1341562*1*142*0**13*PTJMVHMS80000*21*1~
NM1*QC*1*SAUCEDO*MARLENE****MI*W462211020~
NM1*74*1*SANTIAGO*ESPERANZA****C*W215676916~
NM1*82*1*CARTER*PAMELA*S***XX*1952343261~
REF*1L*0811370-014-00111- V~
REF*CE*Aetna HealthFund  Aetna Choice  POS II NET 00448~
DTM*232*20211023~
DTM*233*20211023~
DTM*050*20220114~
PER*CX**TE*8886323862~
SVC*HC>99232*142*0**0**1~
DTM*472*20211023~
CAS*OA*18*142*1~
REF*6R*BRPP0000879263-1~
LX*26~
TS3*1912159666*21*20221231*1*142~
CLP*AAB1340764*1*142*0*74.46*13*EM36WZ4GB0000*21*1~
NM1*QC*1*FORMELLA*PETER****MI*W270278917~
NM1*82*1*WATKINS-BROWN*KENA*R***XX*1952343261~
REF*1L*0175014-020-00001- C~
REF*CE*Aetna Choice  POS II NET 00448~
DTM*232*20220101~
DTM*233*20220101~
DTM*050*20220114~
PER*CX**TE*8886323862~
AMT*AU*142~
SVC*HC>99232*142*0**1~
DTM*472*20220101~
CAS*CO*45*67.54~
CAS*PR*1*74.46~
REF*6R*BRPP0000878615-1~
AMT*B6*74.46~
LX*27~
TS3*1265758189*21*20221231*2*568~
CLP*AAB1357948*1*284*0*126.58*13*EMJMW1QPG0000*21*1~
NM1*QC*1*GUTIERREZ*DENISE~
NM1*IL*1*MENDEZ*ELIAS****MI*W462187827~
NM1*82*1*PITRUZZELLO*NANCY*E***XX*1952343261~
REF*1L*0835509-014-00001-BC~
REF*CE*Aetna HealthFund  Aetna Choice  POS II NET 00448~
DTM*232*20220108~
DTM*233*20220109~
DTM*050*20220115~
PER*CX**TE*8886323862~
AMT*AU*284~
SVC*HC>99232*142*0**1~
DTM*472*20220108~
CAS*CO*45*78.71~
CAS*PR*1*63.29~
REF*6R*BRPP0000880738-1~
AMT*B6*63.29~
SVC*HC>99232*142*0**1~
DTM*472*20220109~
CAS*CO*45*78.71~
CAS*PR*1*63.29~
REF*6R*BRPP0000880738-2~
AMT*B6*63.29~
CLP*AAB1369068*1*284*88.6*37.98*12*E0FCVMGN40000*21*1~
NM1*QC*1*LOPEZ*HEATHER*B***MI*W226615934~
NM1*82*1*PITRUZZELLO*NANCY*E***XX*1952343261~
REF*1L*0314877-015-00004-AB~
REF*CE*Aetna Open Access  Elect Choice NET 01564~
DTM*232*20220108~
DTM*233*20220109~
DTM*050*20220117~
PER*CX**TE*8886323862~
AMT*AU*284~
SVC*HC>99232*142*44.3**1~
DTM*472*20220108~
CAS*CO*45*78.71~
CAS*PR*2*18.99~
REF*6R*BRPP0000885353-1~
AMT*B6*63.29~
SVC*HC>99232*142*44.3**1~
DTM*472*20220109~
CAS*CO*45*78.71~
CAS*PR*2*18.99~
REF*6R*BRPP0000885353-2~
AMT*B6*63.29~
LX*28~
TS3*1942455167*21*20221231*4*568~
CLP*AAB1340792*1*142*0*74.46*13*EMACW1TXT0000*21*1~
NM1*QC*1*FORMELLA*PETER****MI*W270278917~
NM1*82*1*FOWLER*JANTZEN*S***XX*1952343261~
REF*1L*0175014-020-00001- C~
REF*CE*Aetna Choice  POS II NET 00448~
DTM*232*20220104~
DTM*233*20220104~
DTM*050*20220114~
PER*CX**TE*8886323862~
AMT*AU*142~
SVC*HC>99232*142*0**1~
DTM*472*20220104~
CAS*CO*45*67.54~
CAS*PR*1*74.46~
REF*6R*BRPP0000878618-1~
AMT*B6*74.46~
CLP*AAB1340786*1*142*0*74.46*13*EMACW1T6H0000*21*1~
NM1*QC*1*FORMELLA*PETER****MI*W270278917~
NM1*82*1*FOWLER*JANTZEN*S***XX*1952343261~
REF*1L*0175014-020-00001- C~
REF*CE*Aetna Choice  POS II NET 00448~
DTM*232*20220103~
DTM*233*20220103~
DTM*050*20220114~
PER*CX**TE*8886323862~
AMT*AU*142~
SVC*HC>99232*142*0**1~
DTM*472*20220103~
CAS*CO*45*67.54~
CAS*PR*1*74.46~
REF*6R*BRPP0000878617-1~
AMT*B6*74.46~
CLP*AAB1340812*1*142*0*74.46*13*EMJMW0YVX0000*21*1~
NM1*QC*1*FORMELLA*PETER****MI*W270278917~
NM1*82*1*FOWLER*JANTZEN*S***XX*1952343261~
REF*1L*0175014-020-00001- C~
REF*CE*Aetna Choice  POS II NET 00448~
DTM*232*20220105~
DTM*233*20220105~
DTM*050*20220114~
PER*CX**TE*8886323862~
AMT*AU*142~
SVC*HC>99232*142*0**1~
DTM*472*20220105~
CAS*CO*45*67.54~
CAS*PR*1*74.46~
REF*6R*BRPP0000878620-1~
AMT*B6*74.46~
CLP*AAB1340834*1*142*0*74.46*13*EMTXW08N00000*21*1~
NM1*QC*1*FORMELLA*PETER****MI*W270278917~
NM1*82*1*FOWLER*JANTZEN*S***XX*1952343261~
REF*1L*0175014-020-00001- C~
REF*CE*Aetna Choice  POS II NET 00448~
DTM*232*20220106~
DTM*233*20220106~
DTM*050*20220114~
PER*CX**TE*8886323862~
AMT*AU*142~
SVC*HC>99232*142*0**1~
DTM*472*20220106~
CAS*CO*45*67.54~
CAS*PR*1*74.46~
REF*6R*BRPP0000878622-1~
AMT*B6*74.46~
LX*29~
TS3*1700191459*21*20221231*1*142~
CLP*AAB1358268*1*142*0*63.29*13*EMTXW107F0000*21*1~
NM1*QC*1*MOULTRIE*LORETTA****MI*W115019493~
NM1*82*1*SCOTT*MICHELLE****XX*1952343261~
REF*1L*0800100-030-00001-KA~
REF*CE*Aetna Choice  POS II NET 00448~
DTM*232*20220108~
DTM*233*20220108~
DTM*050*20220115~
PER*CX**TE*8886323862~
AMT*AU*142~
SVC*HC>99232*142*0**1~
DTM*472*20220108~
CAS*CO*45*78.71~
CAS*PR*1*63.29~
REF*6R*BRPP0000880868-1~
AMT*B6*63.29~
SE*1550*0430~
ST*835*0431~
BPR*H*0*C*NON************20220119~
TRN*1*922019000274404*1066033492~
REF*EV*XXXXXXXXXXXXXXXXXXXXXXXXXXXXXX~
DTM*405*20220119~
N1*PR*AETNA~
N3*151 FARMINGTON AVENUE~
N4*HARTFORD*CT*06156~
REF*2U*60054~
PER*BL*Provider Service~
N1*PE*PHYSICAL MEDICINE SPECIALISTS INC.*XX*1952343261~
N3*PO BOX 830529~
N4*BIRMINGHAM*AL*352830529~
REF*PQ*900964000~
REF*TJ*593530305~
LX*1~
TS3*1508952045*11*20221231*1*215~
CLP*AAB1335066*1*215*0*108.24*13*E4FCVJJGP0000*11*1~
NM1*QC*1*LEE*BARBARA*D***MI*W111905779~
NM1*82*2*BROOKS REHABILITATION MEDICAL GROUP*****XX*1952343261~
REF*1L*0868547-014-00109-RK~
REF*CE*Aetna Open Access  Managed Choice NET 08096~
DTM*232*20220106~
DTM*233*20220106~
DTM*050*20220112~
PER*CX**TE*8886323862~
AMT*AU*215~
SVC*HC>99214*215*0**1~
DTM*472*20220106~
CAS*CO*45*106.76~
CAS*PR*1*108.24~
REF*6R*BRPP0000875254-1~
AMT*B6*108.24~
SE*34*0431~
ST*835*0432~
BPR*I*454.21*C*ACH*CCP*01*031100209*DA*0000009132*1066033492**01*063013924*DA*2527179435*20220124~
TRN*1*822019000274406*1066033492~
REF*EV*XXXXXXXXXXXXXXXXXXXXXXXXXXXXXX~
DTM*405*20220119~
N1*PR*AETNA~
N3*151 FARMINGTON AVENUE~
N4*HARTFORD*CT*06156~
REF*2U*60054~
PER*BL*Provider Service~
N1*PE*PHYSICAL MEDICINE SPECIALISTS INC.*XX*1952343261~
N3*PO BOX 830529~
N4*BIRMINGHAM*AL*352830529~
REF*PQ*900964000~
REF*TJ*593530305~
LX*1~
TS3*1053644203*21*20221231*2*281~
CLP*AAB1277474*1*142*67.01*7.45*13*EPACWTQF30000*21*1~
NM1*QC*1*BIRD*STEVEN****MI*W238997586~
NM1*82*1*TONUZI*GENEVA*L***XX*1952343261~
REF*1L*0285629-010-00004- G~
REF*CE*Aetna HealthFund  Aetna Choice  POS II NET 00448~
DTM*232*20211228~
DTM*233*20211228~
DTM*050*20220103~
PER*CX**TE*8004107778~
AMT*AU*142~
SVC*HC>99232*142*67.01**1~
DTM*472*20211228~
CAS*CO*45*67.54~
CAS*PR*2*7.45~
REF*6R*BRPP0000849444-1~
AMT*B6*74.46~
CLP*AAB1292054*1*139*67.02*7.45*13*E6FCVGS1K0000*21*1~
NM1*QC*1*BIRD*STEVEN****MI*W238997586~
NM1*82*1*TONUZI*GENEVA*L***XX*1952343261~
REF*1L*0285629-010-00004- G~
REF*CE*Aetna HealthFund  Aetna Choice  POS II NET 00448~
DTM*232*20211230~
DTM*233*20211230~
DTM*050*20220105~
PER*CX**TE*8004107778~
AMT*AU*139~
SVC*HC>99238*139*67.02**1~
DTM*472*20211230~
CAS*CO*45*64.53~
CAS*PR*2*7.45~
REF*6R*BRPP0000857726-1~
AMT*B6*74.47~
LX*2~
TS3*1366457046*21*20221231*1*142~
CLP*AAB1200260*1*142*67.01*7.45*13*ENPCWTL9J0000*21*1~
NM1*QC*1*BIRD*STEVEN****MI*W238997586~
NM1*82*1*DEPADUA*VIRGILIO*G***XX*1952343261~
REF*1L*0285629-010-00004- G~
REF*CE*Aetna HealthFund  Aetna Choice  POS II NET 00448~
DTM*232*20211227~
DTM*233*20211227~
DTM*050*20220103~
PER*CX**TE*8004107778~
AMT*AU*142~
SVC*HC>99232*142*67.01**1~
DTM*472*20211227~
CAS*CO*45*67.54~
CAS*PR*2*7.45~
REF*6R*BRPP0000848952-1~
AMT*B6*74.46~
LX*3~
TS3*1952600975*21*20221231*1*284~
CLP*AAB1366778*1*284*126.58**13*E2Y1VMPQ20000*21*1~
NM1*QC*1*WETH*JOSEPH*M***MI*W238949982~
NM1*82*1*FLOREY*NANCY*E***XX*1952343261~
REF*1L*0285629-010-00004- G~
REF*CE*Aetna HealthFund  Aetna Choice  POS II NET 00448~
DTM*232*20211009~
DTM*233*20211010~
DTM*050*20220117~
PER*CX**TE*8004107778~
AMT*AU*284~
SVC*HC>99232*142*63.29**1~
DTM*472*20211009~
CAS*CO*45*78.71~
REF*6R*BRPP0000885403-1~
AMT*B6*63.29~
SVC*HC>99232*142*63.29**1~
DTM*472*20211010~
CAS*CO*45*78.71~
REF*6R*BRPP0000885403-2~
AMT*B6*63.29~
LX*4~
TS3*1245456946*21*20221231*1*142~
CLP*AAB1366762*1*142*63.29**13*E2Y1VMPPM0000*21*1~
NM1*QC*1*WETH*JOSEPH*M***MI*W238949982~
NM1*82*1*ADAMS*MELANIE****XX*1952343261~
REF*1L*0285629-010-00004- G~
REF*CE*Aetna HealthFund  Aetna Choice  POS II NET 00448~
DTM*232*20211009~
DTM*233*20211009~
DTM*050*20220117~
PER*CX**TE*8004107778~
AMT*AU*142~
SVC*HC>99232*142*63.29**1~
DTM*472*20211009~
CAS*CO*45*78.71~
REF*6R*BRPP0000885402-1~
AMT*B6*63.29~
LX*5~
TS3*1275885303*21*20221231*1*139~
CLP*AAB1366790*1*139*63.3**13*E336VQG250000*21*1~
NM1*QC*1*WETH*JOSEPH*M***MI*W238949982~
NM1*82*1*DAVIS*DEBORAH*A***XX*1952343261~
REF*1L*0285629-010-00004- G~
REF*CE*Aetna HealthFund  Aetna Choice  POS II NET 00448~
DTM*232*20211013~
DTM*233*20211013~
DTM*050*20220117~
PER*CX**TE*8004107778~
AMT*AU*139~
SVC*HC>99238*139*63.3**1~
DTM*472*20211013~
CAS*CO*45*75.7~
REF*6R*BRPP0000885405-1~
AMT*B6*63.3~
SE*124*0432~
GE*18*1~
IEA*1*100358959~
