ISA*00*          *00*          *ZZ*133052274      *ZZ*XXXXXXXXXXXXXXX*220119*0250*^*00501*100358959*0*P*>~
GS*HP*133052274*XX*20220119*0250*1*X*005010X221A1~
ST*835*1027~
BPR*I*711.2*C*ACH*CCP*01*031100209*DA*0038865237*1066033492**01*044000037*DA*715355608*20220121~
TRN*1*160118220249667*1066033492~
REF*EV*XXXXXXXXXXXXXXXXXXXXXXXXXXXXXX~
DTM*405*20220119~
N1*PR*AETNA~
N3*151 FARMINGTON AVENUE~
N4*HARTFORD*CT*06156~
REF*2U*60054~
PER*BL*Provider Service~
N1*PE*BLOOMINGTON MEDICAL SERVICES, L*XX*1528246683~
N3*P.O. BOX 78000-DEPT.  781584~
N4*DETROIT*MI*482780001~
REF*PQ*404065750~
REF*TJ*261803679~
LX*1~
TS3*1346611316*11*20221231*2*605~
CLP*ADI9619228*1*317*185.91*15*13*220114E086430000*11*1~
NM1*QC*1*DERR*RACHEL*F***MI*MEBVVH0B~
NM1*82*2*BLOOMINGTON MEDICAL SERVICES, L*****XX*1346611316~
REF*1L*455716-062~
REF*CE*STRS PPO PLAN NET 03418~
DTM*232*20211217~
DTM*233*20211217~
DTM*050*20220114~
PER*CX**TE*8006240756~
AMT*AU*317~
SVC*HC>99203*192*64.67**1~
DTM*472*20211217~
CAS*CO*45*112.33~
CAS*PR*3*15~
REF*6R*BLMS0007429964-1~
AMT*B6*79.67~
SVC*HC>0241U>QW*125*121.24**1~
DTM*472*20211217~
CAS*CO*45*3.76~
REF*6R*BLMS0007429964-2~
AMT*B6*121.24~
CLP*ADI9619158*1*288*101.9*20*13*220114E111420000*11*1~
NM1*QC*1*BEARD*JUDITH****MI*MEBNTM5W~
NM1*82*2*BLOOMINGTON MEDICAL SERVICES, L*****XX*1346611316~
REF*1L*441299-002~
REF*CE*MEDICARE (S02) PPO PLAN NET 03418~
DTM*232*20211217~
DTM*233*20211217~
DTM*050*20220114~
PER*CX**TE*8006240756~
AMT*AU*288~
SVC*HC>99204*288*101.9**1~
DTM*472*20211217~
CAS*CO*45*166.1~
CAS*PR*3*20~
REF*6R*BLMS0007429512-1~
AMT*B6*121.9~
LX*2~
TS3*1427168848*22*20221231*1*203~
CLP*ADI9618062*1*203*110.88**13*220114E035840000*22*1~
NM1*QC*1*LOWE*FLORENCE*L***MI*MEBH769V~
NM1*82*2*BLOOMINGTON MEDICAL SERVICES, L*****XX*1427168848~
REF*1L*455716-062~
REF*CE*STRS PPO PLAN NET 03418~
DTM*232*20211213~
DTM*233*20211213~
DTM*050*20220114~
PER*CX**TE*8006240756~
AMT*AU*203~
SVC*HC>93018*26*14.45**1~
DTM*472*20211213~
CAS*CO*45*11.55~
REF*6R*BLMS0007429768-3~
AMT*B6*14.45~
SVC*HC>93016*39*21.81**1~
DTM*472*20211213~
CAS*CO*45*17.19~
REF*6R*BLMS0007429768-2~
AMT*B6*21.81~
SVC*HC>78452>26*138*74.62**1~
DTM*472*20211213~
CAS*CO*45*63.38~
REF*6R*BLMS0007429768-1~
AMT*B6*74.62~
LX*3~
TS3*1518074616*11*20221231*1*145~
CLP*ADI9616112*1*145*54.24*25*13*220114E086440000*11*1~
NM1*QC*1*TEAGUE*ROXANNE*E***MI*MEBS3GNZ~
NM1*82*2*BLOOMINGTON MEDICAL SERVICES, L*****XX*1518074616~
REF*1L*455716-062~
REF*CE*STRS PPO PLAN NET 03418~
DTM*232*20211214~
DTM*233*20211214~
DTM*050*20220114~
PER*CX**TE*8006240756~
AMT*AU*145~
SVC*HC>93283*145*54.24**1~
DTM*472*20211214~
CAS*CO*45*65.76~
CAS*PR*3*25~
REF*6R*BLMS0007429674-1~
AMT*B6*79.24~
LX*4~
TS3*1881673614*22*20221231*1*322~
CLP*ADI9620322*1*322*159.2**13*220114E061120000*22*1~
NM1*QC*1*SCHMIDT*DIANE*S***MI*MEBNJSND~
NM1*82*2*BLOOMINGTON MEDICAL SERVICES, L*****XX*1881673614~
REF*1L*455716-062~
REF*CE*STRS PPO PLAN NET 03418~
DTM*232*20211220~
DTM*233*20211220~
DTM*050*20220114~
PER*CX**TE*8006240756~
AMT*AU*322~
SVC*HC>99220>AI*322*159.2**1~
DTM*472*20211220~
CAS*CO*45*162.8~
REF*6R*BLMS0007430000-1~
AMT*B6*159.2~
LX*5~
TS3*1992297626*11*20221231*1*281~
CLP*ADI9619854*1*281*99.07*15*13*220114E111430000*11*1~
NM1*QC*1*ROBERTS*DOROTHY*C***MI*MEBD8DGJ~
NM1*82*2*BLOOMINGTON MEDICAL SERVICES, L*****XX*1992297626~
REF*1L*455716-062~
REF*CE*STRS PPO PLAN NET 03418~
DTM*232*20211218~
DTM*233*20211218~
DTM*050*20220114~
PER*CX**TE*8006240756~
AMT*AU*281~
SVC*HC>99213*156*38.45**1~
DTM*472*20211218~
CAS*CO*45*102.55~
CAS*PR*3*15~
REF*6R*BLMS0007429387-1~
AMT*B6*53.45~
SVC*HC>0241U>QW*125*60.62**1~
DTM*472*20211218~
CAS*CO*45*64.38~
REF*6R*BLMS0007429387-2~
AMT*B6*60.62~
SE*140*1027~
GE*1*1~
IEA*1*100358959~
