ISA*00*          *00*          *ZZ*133052274      *ZZ*XXXXXXXXXXXXXXX*220119*0250*^*00501*100358959*0*P*>~
GS*HP*133052274*XX*20220119*0250*1*X*005010X221A1~
ST*835*1278~
BPR*I*12290.24*C*ACH*CCP*01*031100209*DA*0038865237*1066033492**01*072403473*DA*01368552668*20220121~
TRN*1*160118220238470*1066033492~
REF*EV*XXXXXXXXXXXXXXXXXXXXXXXXXXXXXX~
DTM*405*20220119~
N1*PR*AETNA~
N3*151 FARMINGTON AVENUE~
N4*HARTFORD*CT*06156~
REF*2U*60054~
PER*BL*Provider Service~
N1*PE*WAYNE HOSPITAL COMPANY*XX*1184621161~
N3*P.O. BOX 932107~
N4*CLEVELAND*OH*44193~
REF*PQ*024960930~
REF*TJ*344428598~
LX*1~
TS3*1184621161*11*20221231*3*37740~
CLP*1602050X001MEI*1*27131*11097.5**13*211120E312460000*11*1**871*1.8722~
NM1*QC*1*WETZEL*JOYCE****MI*MEBTVCXK~
NM1*82*2*WAYNE HOSPITAL COMPANY*****XX*1184621161~
REF*G1*2701295~
REF*1L*467514-025~
REF*CE*US REPRESENTED RETIREES PLAN NET 03418~
DTM*232*20211112~
DTM*233*20211116~
DTM*050*20211120~
PER*CX**TE*8006240756~
AMT*AU*9660~
SVC*NU>0110*9660*11097.5**4~
DTM*150*20211112~
DTM*151*20211116~
CAS*CO*45*-1437.5~
REF*6R*WPXP0002254425-1~
AMT*B6*11097.5~
SVC*HC>36010*2398*0*0361*0**1~
DTM*150*20211112~
DTM*151*20211116~
CAS*CO*97*2398*1~
REF*6R*WPXP0002254425-14~
LQ*HE*M2~
SVC*NU>0270*1687*0**0**82~
DTM*150*20211112~
DTM*151*20211116~
CAS*CO*97*1687*82~
REF*6R*WPXP0002254425-4~
LQ*HE*M2~
SVC*NU>0272*253*0**0**12~
DTM*150*20211112~
DTM*151*20211116~
CAS*CO*97*253*12~
REF*6R*WPXP0002254425-5~
LQ*HE*M2~
SVC*NU>0410*811*0**0**4~
DTM*150*20211112~
DTM*151*20211116~
CAS*CO*97*811*4~
REF*6R*WPXP0002254425-16~
LQ*HE*M2~
SVC*NU>0450*2270*0**0**1~
DTM*150*20211112~
DTM*151*20211116~
CAS*CO*97*2270*1~
REF*6R*WPXP0002254425-20~
LQ*HE*M2~
SVC*NU>0278*297*0**0**1~
DTM*150*20211112~
DTM*151*20211116~
CAS*CO*97*297*1~
REF*6R*WPXP0002254425-6~
LQ*HE*M2~
SVC*NU>0250*463*0**0**18~
DTM*150*20211112~
DTM*151*20211116~
CAS*CO*97*463*18~
REF*6R*WPXP0002254425-22~
LQ*HE*M2~
SVC*NU>0250*802*0**0**119~
DTM*150*20211112~
DTM*151*20211116~
CAS*CO*97*802*119~
REF*6R*WPXP0002254425-2~
LQ*HE*M2~
SVC*NU>0258*52*0**0**3~
DTM*150*20211112~
DTM*151*20211116~
CAS*CO*97*52*3~
REF*6R*WPXP0002254425-3~
LQ*HE*M2~
SVC*NU>0300*60*0**0**5~
DTM*150*20211112~
DTM*151*20211116~
CAS*CO*97*60*5~
REF*6R*WPXP0002254425-7~
LQ*HE*M2~
SVC*NU>0301*1789*0**0**27~
DTM*150*20211112~
DTM*151*20211116~
CAS*CO*97*1789*27~
REF*6R*WPXP0002254425-8~
LQ*HE*M2~
SVC*NU>0305*1356*0**0**7~
DTM*150*20211112~
DTM*151*20211116~
CAS*CO*97*1356*7~
REF*6R*WPXP0002254425-9~
LQ*HE*M2~
SVC*NU>0306*108*0**0**3~
DTM*150*20211112~
DTM*151*20211116~
CAS*CO*97*108*3~
REF*6R*WPXP0002254425-10~
LQ*HE*M2~
SVC*NU>0307*13*0**0**1~
DTM*150*20211112~
DTM*151*20211116~
CAS*CO*97*13*1~
REF*6R*WPXP0002254425-11~
LQ*HE*M2~
SVC*NU>0309*2140*0**0**6~
DTM*150*20211112~
DTM*151*20211116~
CAS*CO*97*2140*6~
REF*6R*WPXP0002254425-12~
LQ*HE*M2~
SVC*NU>0324*671*0**0**2~
DTM*150*20211112~
DTM*151*20211116~
CAS*CO*97*671*2~
REF*6R*WPXP0002254425-13~
LQ*HE*M2~
SVC*NU>0402*245*0**0**1~
DTM*150*20211112~
DTM*151*20211116~
CAS*CO*97*245*1~
REF*6R*WPXP0002254425-15~
LQ*HE*M2~
SVC*NU>0421*634*0**0**7~
DTM*150*20211112~
DTM*151*20211116~
CAS*CO*97*634*7~
REF*6R*WPXP0002254425-17~
LQ*HE*M2~
SVC*NU>0424*253*0**0**1~
DTM*150*20211112~
DTM*151*20211116~
CAS*CO*97*253*1~
REF*6R*WPXP0002254425-18~
LQ*HE*M2~
SVC*NU>0444*832*0**0**2~
DTM*150*20211112~
DTM*151*20211116~
CAS*CO*97*832*2~
REF*6R*WPXP0002254425-19~
LQ*HE*M2~
SVC*NU>0460*40*0**0**8~
DTM*150*20211112~
DTM*151*20211116~
CAS*CO*97*40*8~
REF*6R*WPXP0002254425-21~
LQ*HE*M2~
SVC*NU>0730*297*0**0**1~
DTM*150*20211112~
DTM*151*20211116~
CAS*CO*97*297*1~
REF*6R*WPXP0002254425-23~
LQ*HE*M2~
CLP*1610646X001MEO*1*5264*451.85*75*13*220114E033210000*13*1~
NM1*QC*1*LEUGERS*CLARENCE*V***MI*MEBD8NKD~
NM1*82*2*WAYNE HOSPITAL COMPANY*****XX*1184621161~
REF*1L*455716-061~
REF*CE*STRS PPO PLAN NET 03418~
DTM*232*20211231~
DTM*233*20211231~
DTM*050*20220114~
PER*CX**TE*8006240756~
AMT*AU*2816~
SVC*NU>0250*6*0**0**1~
DTM*472*20211231~
CAS*CO*97*6*1~
REF*6R*WPXP0002284794-1~
LQ*HE*N130~
SVC*HC>72125*1233*200.98*0350*1~
DTM*472*20211231~
CAS*CO*45*1032.02~
REF*6R*WPXP0002284794-2~
AMT*B6*200.98~
LQ*HE*N59~
SVC*HC>70450*1233*0*0351*0**1~
DTM*472*20211231~
CAS*CO*97*1233*1~
REF*6R*WPXP0002284794-3~
LQ*HE*N130~
SVC*HC>99284>25*1583*250.87*0450*1~
DTM*472*20211231~
CAS*CO*45*1257.13~
CAS*PR*3*75~
REF*6R*WPXP0002284794-4~
AMT*B6*325.87~
LQ*HE*N59~
SVC*HC>12011*912*0*0450*0**1~
DTM*472*20211231~
CAS*CO*97*912*1~
REF*6R*WPXP0002284794-5~
LQ*HE*N130~
SVC*HC>93005>59*297*0*0730*0**1~
DTM*472*20211231~
CAS*CO*97*297*1~
REF*6R*WPXP0002284794-6~
LQ*HE*N130~
CLP*1610329X001MEO*1*5345*740.89*90*13*220114E058650000*13*1~
NM1*QC*1*HILL*SUSAN*W***MI*MEBVVQJQ~
NM1*82*2*WAYNE HOSPITAL COMPANY*****XX*1184621161~
REF*1L*467098-027~
REF*CE*VALUE PPO NET 03418~
DTM*232*20211229~
DTM*233*20211230~
DTM*050*20220114~
PER*CX**TE*8006240756~
AMT*AU*3946~
SVC*HC>71047*418*0*0324*0**1~
DTM*472*20211230~
CAS*CO*97*418*2~
REF*6R*WPXP0002284791-12~
LQ*HE*N130~
SVC*HC>71047*209*0*0324*0**1~
DTM*472*20211230~
CAS*CO*119*209*1~
REF*6R*WPXP0002284791-12~
LQ*HE*N640~
SVC*NU>0250*20*0**0**2~
DTM*472*20211229~
CAS*CO*97*20*2~
REF*6R*WPXP0002284791-1~
LQ*HE*N130~
SVC*HC>36415*12*0*0300*0**1~
DTM*472*20211229~
CAS*CO*97*12*1~
REF*6R*WPXP0002284791-2~
LQ*HE*N130~
SVC*HC>80048*34*0*0301*0**1~
DTM*472*20211229~
CAS*CO*97*34*1~
REF*6R*WPXP0002284791-3~
LQ*HE*N130~
SVC*HC>85025*263*0*0305*0**1~
DTM*472*20211229~
CAS*CO*97*263*1~
REF*6R*WPXP0002284791-4~
LQ*HE*N130~
SVC*HC>71046>59*678*144.96*0324*2~
DTM*472*20211230~
CAS*CO*45*533.04~
REF*6R*WPXP0002284791-6~
AMT*B6*144.96~
LQ*HE*N59~
SVC*HC>71047*209*0*0324*0**1~
DTM*472*20211229~
CAS*CO*97*209*1~
REF*6R*WPXP0002284791-5~
LQ*HE*N130~
SVC*HC>96374>59*827*92.32*0450*1~
DTM*472*20211229~
CAS*CO*45*644.68~
CAS*PR*3*90~
REF*6R*WPXP0002284791-8~
AMT*B6*182.32~
LQ*HE*N59~
SVC*HC>96376>59*220*0*0450*0**2~
DTM*472*20211230~
CAS*CO*97*220*2~
REF*6R*WPXP0002284791-10~
LQ*HE*N130~
SVC*HC>96375>59*171*35.84*0450*1~
DTM*472*20211230~
CAS*CO*45*135.16~
REF*6R*WPXP0002284791-9~
AMT*B6*35.84~
LQ*HE*N59~
SVC*HC>99285>25*2270*467.77*0450*1~
DTM*472*20211230~
CAS*CO*45*1802.23~
REF*6R*WPXP0002284791-7~
AMT*B6*467.77~
LQ*HE*N59~
SVC*HC>J2270*14*0*0636*0**2~
DTM*472*20211230~
CAS*CO*97*14*2~
REF*6R*WPXP0002284791-11~
LQ*HE*N130~
SE*290*1278~
ST*835*1279~
BPR*I*8.13*C*ACH*CCP*01*031100209*DA*0038865237*1066033492**01*072403473*DA*01368552668*20220121~
TRN*1*160118220260625*1066033492~
REF*EV*XXXXXXXXXXXXXXXXXXXXXXXXXXXXXX~
DTM*405*20220119~
N1*PR*AETNA~
N3*151 FARMINGTON AVENUE~
N4*HARTFORD*CT*06156~
REF*2U*60054~
PER*BL*Provider Service~
N1*PE*WAYNE HOSPITAL COMPANY*XX*1184621161~
N3*PO BOX 932107~
N4*CLEVELAND*OH*441930008~
REF*PQ*024960930~
REF*TJ*344428598~
LX*1~
TS3*1770502700*22*20221231*1*111~
CLP*1610646X001MEP*1*111*8.13*.34*13*220113E549690000*22*1~
NM1*QC*1*LEUGERS*CLARENCE*V***MI*MEBD8NKD~
NM1*82*2*WAYNE HOSPITAL COMPANY*****XX*1770502700~
REF*1L*455716-061~
REF*CE*STRS PPO PLAN NET 03418~
DTM*232*20211231~
DTM*233*20211231~
DTM*050*20220113~
PER*CX**TE*8006240756~
AMT*AU*111~
SVC*HC>93010*111*8.13**1~
DTM*472*20211231~
CAS*CO*45*102.53~
CAS*PR*2*.34~
REF*6R*WPXP0002284351-1~
AMT*B6*8.47~
SE*34*1279~
GE*2*1~
IEA*1*100358959~
