ISA*00*          *00*          *ZZ*133052274      *ZZ*XXXXXXXXXXXXXXX*220119*0250*^*00501*100358959*0*P*>~
GS*HP*133052274*XX*20220119*0250*1*X*005010X221A1~
ST*835*1132~
BPR*I*18.19*C*ACH*CCP*01*031100209*DA*0038865237*1066033492**01*041002711*DA*7523713894*20220121~
TRN*1*160118220238875*1066033492~
REF*EV*XXXXXXXXXXXXXXXXXXXXXXXXXXXXXX~
DTM*405*20220119~
N1*PR*AETNA~
N3*151 FARMINGTON AVENUE~
N4*HARTFORD*CT*06156~
REF*2U*60054~
PER*BL*Provider Service~
N1*PE*CANTON CHRISTIAN HOME*XX*1982605507~
N3*2550 CLEVELAND AVE NW~
N4*CANTON*OH*447093306~
REF*PQ*717058360~
REF*TJ*341039414~
LX*1~
TS3*1982605507*22*20221231*2*0~
CLP*3032200002EW2*22*-601.72*-193.66**13*200709E032060000*22*3~
NM1*QC*1*HINNEBUSCH*MARGARET*M***MI*MEBHGN9Q~
NM1*82*2*CANTON CHRISTIAN HOME*****XX*1982605507~
REF*1L*455716-062~
REF*CE*STRS PPO PLAN NET 03418~
DTM*232*20200629~
DTM*233*20200630~
DTM*050*20200709~
PER*CX**TE*8006240756~
SVC*HC>97162>GP*-160*-52.66*0420*1~
DTM*472*20200629~
CAS*CO*45*-107.34~
REF*6R*C5XP0000022475-2~
LQ*HE*N59~
SVC*HC>97530>GP*-55.2*-22.47*0420*1~
DTM*472*20200629~
CAS*CO*45*-32.73~
REF*6R*C5XP0000022475-3~
LQ*HE*N59~
SVC*HC>97116>GP*-40.92*0*0420*0**1~
DTM*472*20200629~
CAS*CO*231*-40.92*1~
REF*6R*C5XP0000022475-1~
SVC*HC>97166>GO*-180*-51.12*0430*1~
DTM*472*20200630~
CAS*CO*45*-128.88~
REF*6R*C5XP0000022475-5~
LQ*HE*N59~
SVC*HC>97530>GP*-55.2*-22.47*0420*1~
DTM*472*20200630~
CAS*CO*45*-32.73~
REF*6R*C5XP0000022475-4~
LQ*HE*N59~
SVC*HC>97530>GO*-110.4*-44.94*0430*2~
DTM*472*20200630~
CAS*CO*45*-65.46~
REF*6R*C5XP0000022475-6~
LQ*HE*N59~
CLP*3032200002EW2*1*601.72*211.85**13*211209C032060000*22*3~
NM1*QC*1*HINNEBUSCH*MARGARET*M***MI*MEBHGN9Q~
NM1*82*2*CANTON CHRISTIAN HOME*****XX*1982605507~
REF*1L*455716-062~
REF*CE*STRS PPO PLAN NET 03418~
REF*F8*200709E032060000~
DTM*232*20200629~
DTM*233*20200630~
DTM*050*20211209~
PER*CX**TE*8006240756~
AMT*AU*601.72~
SVC*HC>97162>GP*160*52.66*0420*1~
DTM*472*20200629~
CAS*CO*45*107.34~
REF*6R*C5XP0000022475-2~
AMT*B6*52.66~
LQ*HE*N59~
SVC*HC>97530>GP*55.2*22.47*0420*1~
DTM*472*20200629~
CAS*CO*45*32.73~
REF*6R*C5XP0000022475-3~
AMT*B6*22.47~
LQ*HE*N59~
SVC*HC>97116>GP*40.92*18.19*0420*1~
DTM*472*20200629~
CAS*CO*45*22.73~
REF*6R*C5XP0000022475-1~
AMT*B6*18.19~
LQ*HE*N59~
SVC*HC>97166>GO*180*51.12*0430*1~
DTM*472*20200630~
CAS*CO*45*128.88~
REF*6R*C5XP0000022475-5~
AMT*B6*51.12~
LQ*HE*N59~
SVC*HC>97530>GP*55.2*22.47*0420*1~
DTM*472*20200630~
CAS*CO*45*32.73~
REF*6R*C5XP0000022475-4~
AMT*B6*22.47~
LQ*HE*N59~
SVC*HC>97530>GO*110.4*44.94*0430*2~
DTM*472*20200630~
CAS*CO*45*65.46~
REF*6R*C5XP0000022475-6~
AMT*B6*44.94~
LQ*HE*N59~
SE*103*1132~
ST*835*1750~
BPR*I*2721.41*C*ACH*CCP*01*031100209*DA*0038865237*1066033492**01*041002711*DA*7523713894*20220121~
TRN*1*160118220263490*1066033492~
REF*EV*XXXXXXXXXXXXXXXXXXXXXXXXXXXXXX~
DTM*405*20220119~
N1*PR*AETNA~
N3*151 FARMINGTON AVENUE~
N4*HARTFORD*CT*06156~
REF*2U*60054~
PER*BL*Provider Service~
N1*PE*CANTON CHRISTIAN HOME*XX*1982605507~
N3*2550 CLEVELAND AVE NW~
N4*CANTON*OH*447093306~
REF*PQ*717058360~
REF*TJ*341039414~
LX*1~
TS3*1982605507*22*20221231*2*5614.05~
CLP*176800002VQF*1*437.74*291.68*12.16*13*220115E031450000*22*3~
NM1*QC*1*HOWENSTINE*PATRICIA****MI*MEBD467Y~
NM1*82*2*CANTON CHRISTIAN HOME*****XX*1982605507~
REF*1L*455716-062~
REF*CE*STRS PPO PLAN NET 03418~
DTM*232*20211201~
DTM*233*20211202~
DTM*050*20220115~
PER*CX**TE*8006240756~
AMT*AU*437.74~
SVC*HC>97024>GO>KX>CO*9.38*3.99*0430*1~
DTM*472*20211201~
CAS*CO*45*5.22~
CAS*PR*2*.17~
REF*6R*C5XP0000028002-1~
AMT*B6*4.16~
LQ*HE*N59~
SVC*HC>97763>GO>KX>CO*209.49*141.85*0430*3~
DTM*472*20211201~
CAS*CO*45*61.73~
CAS*PR*2*5.91~
REF*6R*C5XP0000028002-2~
AMT*B6*147.76~
LQ*HE*N59~
SVC*HC>97024>GO>KX>CO*9.38*3.99*0430*1~
DTM*472*20211202~
CAS*CO*45*5.22~
CAS*PR*2*.17~
REF*6R*C5XP0000028002-3~
AMT*B6*4.16~
LQ*HE*N59~
SVC*HC>97763>GO>KX>CO*209.49*141.85*0430*3~
DTM*472*20211202~
CAS*CO*45*61.73~
CAS*PR*2*5.91~
REF*6R*C5XP0000028002-4~
AMT*B6*147.76~
LQ*HE*N59~
CLP*3017000002VQB*1*5176.31*2429.73*101.24*13*220115E106850000*22*2~
NM1*QC*1*MOORHEAD*LOIS*M***MI*MEBML8KS~
NM1*82*2*CANTON CHRISTIAN HOME*****XX*1982605507~
REF*G1*2792852~
REF*1L*455716-057~
REF*CE*STRS PPO PLAN NET 03418~
DTM*232*20211216~
DTM*233*20211231~
DTM*050*20220115~
PER*CX**TE*8006240756~
AMT*AU*5176.31~
SVC*HC>97110>GP*92.62*39.54*0420*2~
DTM*472*20211216~
CAS*CO*45*51.43~
CAS*PR*2*1.65~
REF*6R*C5XP0000028018-1~
AMT*B6*41.19~
LQ*HE*N59~
SVC*HC>97530>GP*110.4*43.14*0420*2~
DTM*472*20211216~
CAS*CO*45*65.46~
CAS*PR*2*1.8~
REF*6R*C5XP0000028018-2~
AMT*B6*44.94~
LQ*HE*N59~
SVC*HC>97112>GO>CO*48.2*20.58*0430*1~
DTM*472*20211216~
CAS*CO*45*26.76~
CAS*PR*2*.86~
REF*6R*C5XP0000028018-28~
AMT*B6*21.44~
LQ*HE*N59~
SVC*HC>97110>GP>59>CQ*92.62*39.54*0420*2~
DTM*472*20211217~
CAS*CO*45*51.43~
CAS*PR*2*1.65~
REF*6R*C5XP0000028018-3~
AMT*B6*41.19~
LQ*HE*N59~
SVC*HC>97112>GP>59>CQ*48.2*20.58*0420*1~
DTM*472*20211217~
CAS*CO*45*26.76~
CAS*PR*2*.86~
REF*6R*C5XP0000028018-4~
AMT*B6*21.44~
LQ*HE*N59~
SVC*HC>97530>GP>59>CQ*55.2*21.57*0420*1~
DTM*472*20211217~
CAS*CO*45*32.73~
CAS*PR*2*.9~
REF*6R*C5XP0000028018-5~
AMT*B6*22.47~
LQ*HE*N59~
SVC*HC>97530>GO>59>CO*165.6*64.71*0430*3~
DTM*472*20211217~
CAS*CO*45*98.19~
CAS*PR*2*2.7~
REF*6R*C5XP0000028018-29~
AMT*B6*67.41~
LQ*HE*N59~
SVC*HC>97535>GO>59>CO*50.09*21.39*0430*1~
DTM*472*20211217~
CAS*CO*45*27.81~
CAS*PR*2*.89~
REF*6R*C5XP0000028018-30~
AMT*B6*22.28~
LQ*HE*N59~
SVC*HC>92507>GN*104.84*77.16*0440*1~
DTM*472*20211217~
CAS*CO*45*24.47~
CAS*PR*2*3.21~
REF*6R*C5XP0000028018-47~
AMT*B6*80.37~
LQ*HE*N59~
SVC*HC>97112>GP>59>CQ*48.2*20.58*0420*1~
DTM*472*20211220~
CAS*CO*45*26.76~
CAS*PR*2*.86~
REF*6R*C5XP0000028018-6~
AMT*B6*21.44~
LQ*HE*N59~
SVC*HC>97530>GP>59>CQ*165.6*64.71*0420*3~
DTM*472*20211220~
CAS*CO*45*98.19~
CAS*PR*2*2.7~
REF*6R*C5XP0000028018-7~
AMT*B6*67.41~
LQ*HE*N59~
SVC*HC>92507>GN*104.84*77.16*0440*1~
DTM*472*20211220~
CAS*CO*45*24.47~
CAS*PR*2*3.21~
REF*6R*C5XP0000028018-48~
AMT*B6*80.37~
LQ*HE*N59~
SVC*HC>97112>GP>59>CQ*48.2*20.58*0420*1~
DTM*472*20211221~
CAS*CO*45*26.76~
CAS*PR*2*.86~
REF*6R*C5XP0000028018-8~
AMT*B6*21.44~
LQ*HE*N59~
SVC*HC>97530>GP>59>CQ*165.6*64.71*0420*3~
DTM*472*20211221~
CAS*CO*45*98.19~
CAS*PR*2*2.7~
REF*6R*C5XP0000028018-9~
AMT*B6*67.41~
LQ*HE*N59~
SVC*HC>97112>GO>59>CO*48.2*20.58*0430*1~
DTM*472*20211221~
CAS*CO*45*26.76~
CAS*PR*2*.86~
REF*6R*C5XP0000028018-31~
AMT*B6*21.44~
LQ*HE*N59~
SVC*HC>97535>GO>59>CO*150.27*64.16*0430*3~
DTM*472*20211221~
CAS*CO*45*83.44~
CAS*PR*2*2.67~
REF*6R*C5XP0000028018-32~
AMT*B6*66.83~
LQ*HE*N59~
SVC*HC>92507>GN*104.84*77.16*0440*1~
DTM*472*20211221~
CAS*CO*45*24.47~
CAS*PR*2*3.21~
REF*6R*C5XP0000028018-49~
AMT*B6*80.37~
LQ*HE*N59~
SVC*HC>97110>GP>59>CQ*46.31*19.78*0420*1~
DTM*472*20211222~
CAS*CO*45*25.71~
CAS*PR*2*.82~
REF*6R*C5XP0000028018-10~
AMT*B6*20.6~
LQ*HE*N59~
SVC*HC>97112>GP>59>CQ*48.2*20.58*0420*1~
DTM*472*20211222~
CAS*CO*45*26.76~
CAS*PR*2*.86~
REF*6R*C5XP0000028018-11~
AMT*B6*21.44~
LQ*HE*N59~
SVC*HC>97530>GP>59>CQ*110.4*43.14*0420*2~
DTM*472*20211222~
CAS*CO*45*65.46~
CAS*PR*2*1.8~
REF*6R*C5XP0000028018-12~
AMT*B6*44.94~
LQ*HE*N59~
SVC*HC>97530>GO>59>CO*110.4*43.14*0430*2~
DTM*472*20211222~
CAS*CO*45*65.46~
CAS*PR*2*1.8~
REF*6R*C5XP0000028018-33~
AMT*B6*44.94~
LQ*HE*N59~
SVC*HC>92507>GN*104.84*77.16*0440*1~
DTM*472*20211222~
CAS*CO*45*24.47~
CAS*PR*2*3.21~
REF*6R*C5XP0000028018-50~
AMT*B6*80.37~
LQ*HE*N59~
SVC*HC>97112>GP>59>CQ*48.2*20.58*0420*1~
DTM*472*20211223~
CAS*CO*45*26.76~
CAS*PR*2*.86~
REF*6R*C5XP0000028018-13~
AMT*B6*21.44~
LQ*HE*N59~
SVC*HC>97530>GP>59>CQ*165.6*64.71*0420*3~
DTM*472*20211223~
CAS*CO*45*98.19~
CAS*PR*2*2.7~
REF*6R*C5XP0000028018-14~
AMT*B6*67.41~
LQ*HE*N59~
SVC*HC>97530>GO>59>CO*55.2*21.57*0430*1~
DTM*472*20211223~
CAS*CO*45*32.73~
CAS*PR*2*.9~
REF*6R*C5XP0000028018-34~
AMT*B6*22.47~
LQ*HE*N59~
SVC*HC>97535>GO>59>CO*150.27*64.16*0430*3~
DTM*472*20211223~
CAS*CO*45*83.44~
CAS*PR*2*2.67~
REF*6R*C5XP0000028018-35~
AMT*B6*66.83~
LQ*HE*N59~
SVC*HC>92507>GN*104.84*77.16*0440*1~
DTM*472*20211223~
CAS*CO*45*24.47~
CAS*PR*2*3.21~
REF*6R*C5XP0000028018-51~
AMT*B6*80.37~
LQ*HE*N59~
SVC*HC>97112>GP>59>CQ*48.2*20.58*0420*1~
DTM*472*20211224~
CAS*CO*45*26.76~
CAS*PR*2*.86~
REF*6R*C5XP0000028018-15~
AMT*B6*21.44~
LQ*HE*N59~
SVC*HC>97530>GP>59>CQ*110.4*43.14*0420*2~
DTM*472*20211224~
CAS*CO*45*65.46~
CAS*PR*2*1.8~
REF*6R*C5XP0000028018-16~
AMT*B6*44.94~
LQ*HE*N59~
SVC*HC>97112>GO>59>CO*48.2*20.58*0430*1~
DTM*472*20211224~
CAS*CO*45*26.76~
CAS*PR*2*.86~
REF*6R*C5XP0000028018-36~
AMT*B6*21.44~
LQ*HE*N59~
SVC*HC>97535>GO>59>CO*100.18*42.77*0430*2~
DTM*472*20211224~
CAS*CO*45*55.63~
CAS*PR*2*1.78~
REF*6R*C5XP0000028018-37~
AMT*B6*44.55~
LQ*HE*N59~
SVC*HC>92507>GN*104.84*77.16*0440*1~
DTM*472*20211224~
CAS*CO*45*24.47~
CAS*PR*2*3.21~
REF*6R*C5XP0000028018-52~
AMT*B6*80.37~
LQ*HE*N59~
SVC*HC>97112>GO>CO*96.4*41.16*0430*2~
DTM*472*20211226~
CAS*CO*45*53.53~
CAS*PR*2*1.71~
REF*6R*C5XP0000028018-38~
AMT*B6*42.87~
LQ*HE*N59~
SVC*HC>97530>GO>CO*110.4*43.14*0430*2~
DTM*472*20211226~
CAS*CO*45*65.46~
CAS*PR*2*1.8~
REF*6R*C5XP0000028018-39~
AMT*B6*44.94~
LQ*HE*N59~
SVC*HC>97110>GP>59*46.31*19.78*0420*1~
DTM*472*20211227~
CAS*CO*45*25.71~
CAS*PR*2*.82~
REF*6R*C5XP0000028018-17~
AMT*B6*20.6~
LQ*HE*N59~
SVC*HC>97112>GP>59*48.2*20.58*0420*1~
DTM*472*20211227~
CAS*CO*45*26.76~
CAS*PR*2*.86~
REF*6R*C5XP0000028018-18~
AMT*B6*21.44~
LQ*HE*N59~
SVC*HC>97530>GP>59*55.2*21.57*0420*1~
DTM*472*20211227~
CAS*CO*45*32.73~
CAS*PR*2*.9~
REF*6R*C5XP0000028018-19~
AMT*B6*22.47~
LQ*HE*N59~
SVC*HC>97535>GO>59*100.18*42.77*0430*2~
DTM*472*20211227~
CAS*CO*45*55.63~
CAS*PR*2*1.78~
REF*6R*C5XP0000028018-40~
AMT*B6*44.55~
LQ*HE*N59~
SVC*HC>97535>GO>59>CO*150.27*64.16*0430*3~
DTM*472*20211227~
CAS*CO*45*83.44~
CAS*PR*2*2.67~
REF*6R*C5XP0000028018-41~
AMT*B6*66.83~
LQ*HE*N59~
SVC*HC>92507>GN*104.84*77.16*0440*1~
DTM*472*20211227~
CAS*CO*45*24.47~
CAS*PR*2*3.21~
REF*6R*C5XP0000028018-53~
AMT*B6*80.37~
LQ*HE*N59~
SVC*HC>97112>GP>59>CQ*48.2*20.58*0420*1~
DTM*472*20211228~
CAS*CO*45*26.76~
CAS*PR*2*.86~
REF*6R*C5XP0000028018-20~
AMT*B6*21.44~
LQ*HE*N59~
SVC*HC>97530>GP>59>CQ*165.6*64.71*0420*3~
DTM*472*20211228~
CAS*CO*45*98.19~
CAS*PR*2*2.7~
REF*6R*C5XP0000028018-21~
AMT*B6*67.41~
LQ*HE*N59~
SVC*HC>97535>GO>59>CO*150.27*64.16*0430*3~
DTM*472*20211228~
CAS*CO*45*83.44~
CAS*PR*2*2.67~
REF*6R*C5XP0000028018-42~
AMT*B6*66.83~
LQ*HE*N59~
SVC*HC>92507>GN*104.84*77.16*0440*1~
DTM*472*20211228~
CAS*CO*45*24.47~
CAS*PR*2*3.21~
REF*6R*C5XP0000028018-54~
AMT*B6*80.37~
LQ*HE*N59~
SVC*HC>97112>GP>59>CQ*48.2*20.58*0420*1~
DTM*472*20211229~
CAS*CO*45*26.76~
CAS*PR*2*.86~
REF*6R*C5XP0000028018-22~
AMT*B6*21.44~
LQ*HE*N59~
SVC*HC>97530>GP>59>CQ*165.6*64.71*0420*3~
DTM*472*20211229~
CAS*CO*45*98.19~
CAS*PR*2*2.7~
REF*6R*C5XP0000028018-23~
AMT*B6*67.41~
LQ*HE*N59~
SVC*HC>97530>GO>59>CO*55.2*21.57*0430*1~
DTM*472*20211229~
CAS*CO*45*32.73~
CAS*PR*2*.9~
REF*6R*C5XP0000028018-43~
AMT*B6*22.47~
LQ*HE*N59~
SVC*HC>97535>GO>59>CO*150.27*64.16*0430*3~
DTM*472*20211229~
CAS*CO*45*83.44~
CAS*PR*2*2.67~
REF*6R*C5XP0000028018-44~
AMT*B6*66.83~
LQ*HE*N59~
SVC*HC>92507>GN*104.84*77.16*0440*1~
DTM*472*20211229~
CAS*CO*45*24.47~
CAS*PR*2*3.21~
REF*6R*C5XP0000028018-55~
AMT*B6*80.37~
LQ*HE*N59~
SVC*HC>97110>GP*92.62*39.54*0420*2~
DTM*472*20211230~
CAS*CO*45*51.43~
CAS*PR*2*1.65~
REF*6R*C5XP0000028018-24~
AMT*B6*41.19~
LQ*HE*N59~
SVC*HC>97530>GP*55.2*21.57*0420*1~
DTM*472*20211230~
CAS*CO*45*32.73~
CAS*PR*2*.9~
REF*6R*C5XP0000028018-25~
AMT*B6*22.47~
LQ*HE*N59~
SVC*HC>97530>GO>CO*110.4*43.14*0430*2~
DTM*472*20211230~
CAS*CO*45*65.46~
CAS*PR*2*1.8~
REF*6R*C5XP0000028018-45~
AMT*B6*44.94~
LQ*HE*N59~
SVC*HC>97535>GO>59>CO*150.27*64.16*0430*3~
DTM*472*20211230~
CAS*CO*45*83.44~
CAS*PR*2*2.67~
REF*6R*C5XP0000028018-46~
AMT*B6*66.83~
LQ*HE*N59~
SVC*HC>97112>GP>CQ*48.2*20.58*0420*1~
DTM*472*20211231~
CAS*CO*45*26.76~
CAS*PR*2*.86~
REF*6R*C5XP0000028018-26~
AMT*B6*21.44~
LQ*HE*N59~
SVC*HC>97530>GP>CQ*55.2*21.57*0420*1~
DTM*472*20211231~
CAS*CO*45*32.73~
CAS*PR*2*.9~
REF*6R*C5XP0000028018-27~
AMT*B6*22.47~
LQ*HE*N59~
SE*452*1750~
GE*2*1~
IEA*1*100358959~
