ISA*00*          *00*          *ZZ*133052274      *ZZ*XXXXXXXXXXXXXXX*220119*0250*^*00501*100358959*0*P*>~
GS*HP*133052274*XX*20220119*0250*1*X*005010X221A1~
ST*835*0069~
BPR*I*283008.71*C*ACH*CCP*01*082907273*DA*9114547*1582335921**01*061000052*DA*334034241984*20220118~
TRN*1*EFT-0227959*1582335921~
N1*PR*ALLIANT HEALTH PLANS~
N3*PO BOX 2667~
N4*DALTON*GA*30722~
REF*2U*58234~
PER*BL*Alliant Customer Service*TE*8008114793*EM*customerservice@alliantplans.com~
N1*PE*HAMILTON MEDICAL CENTER*XX*1528056066~
N3*1200 MEMORIAL DR~
N4*DALTON*GA*307202529~
REF*TJ*581519911~
LX*1~
CLP*100233327*22*-937*0**HM*0006525707*13~
NM1*QC*1*LOWERY*MARTHA****MI*AM0021623001~
REF*1L*A19930011~
SVC*HC>77067*-700*0*0403*0**1~
DTM*472*20211116~
CAS*PR*22*-700~
REF*6R*100233327-1~
SVC*HC>77063*-237*0*0403*0**1~
DTM*472*20211116~
CAS*PR*22*-237~
REF*6R*100233327-2~
LX*2~
CLP*100233327*1*937*184.44**HM*0006525707*13~
NM1*QC*1*LOWERY*MARTHA****MI*AM0021623001~
REF*1L*A19930011~
AMT*AU*184.44~
SVC*HC>77067*700*145.98*0403*1~
DTM*472*20211116~
CAS*CO*45*554.02~
REF*6R*100233327-1~
AMT*B6*145.98~
SVC*HC>77063*237*38.46*0403*1~
DTM*472*20211116~
CAS*CO*45*198.54~
REF*6R*100233327-2~
AMT*B6*38.46~
LX*3~
CLP*100141381*22*-1252*0**HM*0005969455*13~
NM1*QC*1*RICH*EVAN****MI*AM0029299004~
NM1*IL*1*RICH*MICHAEL****MI*AM0029299001~
REF*1L*2020-A24300001~
SVC*HC>85652*-149*0*0300*0**1~
DTM*472*20210212~
CAS*PR*22*-149~
SVC*HC>80053*-442*0*0300*0**1~
DTM*472*20210212~
CAS*PR*22*-442~
SVC*HC>36415*-27*0*0300*0**1~
DTM*472*20210212~
CAS*PR*22*-27~
SVC*HC>85379*-379*0*0305*0**1~
DTM*472*20210212~
CAS*PR*22*-379~
SVC*HC>71046*-255*0*0320*0**1~
DTM*472*20210212~
CAS*PR*22*-255~
LX*4~
CLP*100141381*1*1252*60.56*33.73*HM*0005969455*13~
NM1*QC*1*RICH*EVAN****MI*AM0029299004~
NM1*IL*1*RICH*MICHAEL****MI*AM0029299001~
REF*1L*2020-A24300001~
AMT*AU*60.56~
SVC*HC>85652*149*4.64*0300*1~
DTM*472*20210212~
CAS*CO*45*144.36~
AMT*B6*4.64~
SVC*HC>80053*442*18.16*0300*1~
DTM*472*20210212~
CAS*CO*45*423.84~
AMT*B6*18.16~
SVC*HC>36415*27*20.25*0300*1~
DTM*472*20210212~
CAS*CO*45*6.75~
AMT*B6*20.25~
SVC*HC>85379*379*17.51*0305*1~
DTM*472*20210212~
CAS*CO*45*361.49~
AMT*B6*17.51~
SVC*HC>71046*255*0*0320*0**1~
DTM*472*20210212~
CAS*PR*1*33.73~
CAS*CO*45*221.27~
AMT*B6*33.73~
LX*5~
CLP*100186594*22*-78152.04*-20345.87**HM*0006208750*13~
NM1*QC*1*DENNARD*MARY*F***MI*0000376005001~
REF*1L*FFMEXCHANGE~
SVC*NU>0250*-140.56*-70.28**1~
DTM*472*20210803~
CAS*CO*45*-70.28~
REF*6R*100186594-1~
SVC*HC>96375*-373*-186.5*0260*1~
DTM*472*20210803~
CAS*CO*45*-186.5~
REF*6R*100186594-2~
SVC*HC>96375*-355*-177.5*0260*1~
DTM*472*20210831~
CAS*CO*45*-177.5~
REF*6R*100186594-3~
SVC*NU>0271*-44*-22**6~
DTM*472*20210803~
CAS*CO*45*-22~
REF*6R*100186594-4~
SVC*NU>0271*-52*-26**7~
DTM*472*20210831~
CAS*CO*45*-26~
REF*6R*100186594-5~
SVC*NU>0272*-6*-3**1~
DTM*472*20210803~
CAS*CO*45*-3~
REF*6R*100186594-6~
SVC*NU>0272*-6*-3**1~
DTM*472*20210831~
CAS*CO*45*-3~
REF*6R*100186594-7~
SVC*HC>80053*-465*-15.84*0300*1~
DTM*472*20210803~
CAS*CO*45*-449.16~
REF*6R*100186594-8~
SVC*HC>82306*-167*-44.4*0300*1~
DTM*472*20210803~
CAS*CO*45*-122.6~
REF*6R*100186594-9~
SVC*HC>85025*-213*-11.66*0300*1~
DTM*472*20210803~
CAS*CO*45*-201.34~
REF*6R*100186594-10~
SVC*HC>85652*-157*-4.05*0300*1~
DTM*472*20210803~
CAS*CO*45*-152.95~
REF*6R*100186594-11~
SVC*HC>86140*-330*-7.77*0300*1~
DTM*472*20210803~
CAS*CO*45*-322.23~
REF*6R*100186594-12~
SVC*HC>96413*-813*-406.5*0335*1~
DTM*472*20210803~
CAS*CO*45*-406.5~
REF*6R*100186594-13~
SVC*HC>96415*-813*-406.5*0335*1~
DTM*472*20210803~
CAS*CO*45*-406.5~
REF*6R*100186594-14~
SVC*HC>96413*-813*-406.5*0335*1~
DTM*472*20210831~
CAS*CO*45*-406.5~
REF*6R*100186594-15~
SVC*HC>96415*-813*-406.5*0335*1~
DTM*472*20210831~
CAS*CO*45*-406.5~
REF*6R*100186594-16~
SVC*HC>J1745*-36295.74*-18147.87*0636*70~
DTM*472*20210803~
CAS*CO*45*-18147.87~
REF*6R*100186594-17~
SVC*HC>J1745*-36295.74*0*0636*0**70~
DTM*472*20210831~
CAS*CO*A1*-36295.74~
REF*6R*100186594-18~
LQ*HE*N640~
LX*6~
CLP*100186594*1*78152.04*38493.74**HM*0006208750*13~
NM1*QC*1*DENNARD*MARY*F***MI*0000376005001~
REF*1L*FFMEXCHANGE~
AMT*AU*38493.74~
SVC*NU>0250*140.56*70.28**1~
DTM*472*20210803~
CAS*CO*45*70.28~
REF*6R*100186594-1~
AMT*B6*70.28~
SVC*HC>96375*373*186.5*0260*1~
DTM*472*20210803~
CAS*CO*45*186.5~
REF*6R*100186594-2~
AMT*B6*186.5~
SVC*HC>96375*355*177.5*0260*1~
DTM*472*20210831~
CAS*CO*45*177.5~
REF*6R*100186594-3~
AMT*B6*177.5~
SVC*NU>0271*44*22**6~
DTM*472*20210803~
CAS*CO*45*22~
REF*6R*100186594-4~
AMT*B6*22~
SVC*NU>0271*52*26**7~
DTM*472*20210831~
CAS*CO*45*26~
REF*6R*100186594-5~
AMT*B6*26~
SVC*NU>0272*6*3**1~
DTM*472*20210803~
CAS*CO*45*3~
REF*6R*100186594-6~
AMT*B6*3~
SVC*NU>0272*6*3**1~
DTM*472*20210831~
CAS*CO*45*3~
REF*6R*100186594-7~
AMT*B6*3~
SVC*HC>80053*465*15.84*0300*1~
DTM*472*20210803~
CAS*CO*45*449.16~
REF*6R*100186594-8~
AMT*B6*15.84~
SVC*HC>82306*167*44.4*0300*1~
DTM*472*20210803~
CAS*CO*45*122.6~
REF*6R*100186594-9~
AMT*B6*44.4~
SVC*HC>85025*213*11.66*0300*1~
DTM*472*20210803~
CAS*CO*45*201.34~
REF*6R*100186594-10~
AMT*B6*11.66~
SVC*HC>85652*157*4.05*0300*1~
DTM*472*20210803~
CAS*CO*45*152.95~
REF*6R*100186594-11~
AMT*B6*4.05~
SVC*HC>86140*330*7.77*0300*1~
DTM*472*20210803~
CAS*CO*45*322.23~
REF*6R*100186594-12~
AMT*B6*7.77~
SVC*HC>96413*813*406.5*0335*1~
DTM*472*20210803~
CAS*CO*45*406.5~
REF*6R*100186594-13~
AMT*B6*406.5~
SVC*HC>96415*813*406.5*0335*1~
DTM*472*20210803~
CAS*CO*45*406.5~
REF*6R*100186594-14~
AMT*B6*406.5~
SVC*HC>96413*813*406.5*0335*1~
DTM*472*20210831~
CAS*CO*45*406.5~
REF*6R*100186594-15~
AMT*B6*406.5~
SVC*HC>96415*813*406.5*0335*1~
DTM*472*20210831~
CAS*CO*45*406.5~
REF*6R*100186594-16~
AMT*B6*406.5~
SVC*HC>J1745*36295.74*18147.87*0636*70~
DTM*472*20210803~
CAS*CO*45*18147.87~
REF*6R*100186594-17~
AMT*B6*18147.87~
SVC*HC>J1745*36295.74*18147.87*0636*70~
DTM*472*20210831~
CAS*CO*45*18147.87~
REF*6R*100186594-18~
AMT*B6*18147.87~
LX*7~
CLP*100234625*22*-31899.73*0**HM*0006537357*13~
NM1*QC*1*PATTERSON*CHARLES****MI*AS1004403002~
NM1*IL*1*PATTERSON*LISA****MI*AS1004403001~
REF*1L*A00000014~
SVC*NU>0250*-2001.61*0**0**1~
DTM*472*20211102~
CAS*CO*63*-2001.61~
REF*6R*100234625-1~
LQ*HE*MA67~
SVC*NU>0271*-401*0**0**10~
DTM*472*20211102~
CAS*CO*63*-401~
REF*6R*100234625-2~
LQ*HE*MA67~
SVC*NU>0272*-826*0**0**14~
DTM*472*20211102~
CAS*CO*63*-826~
REF*6R*100234625-3~
LQ*HE*MA67~
SVC*HC>C9362*-6000*0*0278*0**1~
DTM*472*20211102~
CAS*CO*63*-6000~
REF*6R*100234625-4~
LQ*HE*MA67~
SVC*HC>36415*-30*0*0300*0**1~
DTM*472*20211101~
CAS*CO*63*-30~
REF*6R*100234625-5~
LQ*HE*MA67~
SVC*HC>80048*-413*0*0300*0**1~
DTM*472*20211101~
CAS*CO*63*-413~
REF*6R*100234625-6~
LQ*HE*MA67~
SVC*HC>83036*-94*0*0300*0**1~
DTM*472*20211101~
CAS*CO*63*-94~
REF*6R*100234625-7~
LQ*HE*MA67~
SVC*HC>85018*-90*0*0300*0**1~
DTM*472*20211101~
CAS*CO*63*-90~
REF*6R*100234625-8~
LQ*HE*MA67~
SVC*HC>85610*-208*0*0300*0**1~
DTM*472*20211101~
CAS*CO*63*-208~
REF*6R*100234625-9~
LQ*HE*MA67~
SVC*HC>85730*-245*0*0300*0**1~
DTM*472*20211101~
CAS*CO*63*-245~
REF*6R*100234625-10~
LQ*HE*MA67~
SVC*HC>U0003*-184*0*0300*0**1~
DTM*472*20211101~
CAS*CO*63*-184~
REF*6R*100234625-11~
LQ*HE*MA67~
SVC*HC>80048*-413*0*0300*0**1~
DTM*472*20211102~
CAS*CO*63*-413~
REF*6R*100234625-12~
LQ*HE*MA67~
SVC*HC>82962*-138*0*0300*0**2~
DTM*472*20211102~
CAS*CO*63*-138~
REF*6R*100234625-13~
LQ*HE*MA67~
SVC*HC>84484*-367*0*0300*0**1~
DTM*472*20211102~
CAS*CO*63*-367~
REF*6R*100234625-14~
LQ*HE*MA67~
SVC*HC>85025*-233*0*0300*0**1~
DTM*472*20211102~
CAS*CO*63*-233~
REF*6R*100234625-15~
LQ*HE*MA67~
SVC*HC>85525*-32*0*0300*0**1~
DTM*472*20211102~
CAS*CO*63*-32~
REF*6R*100234625-16~
LQ*HE*MA67~
SVC*HC>85610*-208*0*0300*0**1~
DTM*472*20211102~
CAS*CO*63*-208~
REF*6R*100234625-17~
LQ*HE*MA67~
SVC*HC>87070*-383*0*0306*0**1~
DTM*472*20211102~
CAS*CO*63*-383~
REF*6R*100234625-18~
LQ*HE*MA67~
SVC*HC>87075*-84*0*0306*0**1~
DTM*472*20211102~
CAS*CO*63*-84~
REF*6R*100234625-19~
LQ*HE*MA67~
SVC*HC>87077*-291*0*0306*0**3~
DTM*472*20211102~
CAS*CO*63*-291~
REF*6R*100234625-20~
LQ*HE*MA67~
SVC*HC>87147*-21*0*0306*0**1~
DTM*472*20211102~
CAS*CO*63*-21~
REF*6R*100234625-21~
LQ*HE*MA67~
SVC*HC>87186*-756*0*0306*0**4~
DTM*472*20211102~
CAS*CO*63*-756~
REF*6R*100234625-22~
LQ*HE*MA67~
SVC*HC>88305*-599*0*0310*0**1~
DTM*472*20211102~
CAS*CO*63*-599~
REF*6R*100234625-23~
LQ*HE*MA67~
SVC*HC>88311*-88*0*0310*0**1~
DTM*472*20211102~
CAS*CO*63*-88~
REF*6R*100234625-24~
LQ*HE*MA67~
SVC*HC>73630>RT*-700*0*0320*0**1~
DTM*472*20211101~
CAS*CO*63*-700~
REF*6R*100234625-25~
LQ*HE*MA67~
SVC*HC>73630>RT*-700*0*0320*0**1~
DTM*472*20211102~
CAS*CO*63*-700~
REF*6R*100234625-26~
LQ*HE*MA67~
SVC*HC>11044>59*-4724*0*0360*0**1~
DTM*472*20211102~
CAS*CO*63*-4724~
REF*6R*100234625-27~
LQ*HE*MA67~
SVC*HC>28122>RT*-4724*0*0360*0**1~
DTM*472*20211102~
CAS*CO*63*-4724~
REF*6R*100234625-28~
LQ*HE*MA67~
SVC*NU>0370*-1550*0**0**4~
DTM*472*20211102~
CAS*CO*63*-1550~
REF*6R*100234625-29~
LQ*HE*MA67~
SVC*HC>J3370*-143.72*0*0636*0**2~
DTM*472*20211102~
CAS*CO*63*-143.72~
REF*6R*100234625-30~
LQ*HE*MA67~
SVC*HC>J3370*-104.4*0*0636*0**4~
DTM*472*20211102~
CAS*CO*63*-104.4~
REF*6R*100234625-31~
LQ*HE*MA67~
SVC*NU>0710*-4194*0**0**9~
DTM*472*20211102~
CAS*CO*63*-4194~
REF*6R*100234625-32~
LQ*HE*MA67~
SVC*HC>93005>59*-954*0*0730*0**2~
DTM*472*20211102~
CAS*CO*63*-954~
REF*6R*100234625-33~
LQ*HE*MA67~
LX*8~
CLP*100234625*1*31899.73*5621.48**HM*0006537357*13~
NM1*QC*1*PATTERSON*CHARLES****MI*AS1004403002~
NM1*IL*1*PATTERSON*LISA****MI*AS1004403001~
REF*1L*A00000014~
AMT*AU*5621.48~
SVC*NU>0250*2001.61*0**0**1~
DTM*472*20211102~
CAS*CO*45*2001.61~
REF*6R*100234625-1~
SVC*NU>0271*401*0**0**10~
DTM*472*20211102~
CAS*CO*45*401~
REF*6R*100234625-2~
SVC*NU>0272*826*0**0**14~
DTM*472*20211102~
CAS*CO*45*826~
REF*6R*100234625-3~
SVC*HC>C9362*6000*2640*0278*1~
DTM*472*20211102~
CAS*CO*45*3360~
REF*6R*100234625-4~
AMT*B6*2640~
SVC*HC>36415*30*0*0300*0**1~
DTM*472*20211101~
CAS*CO*45*30~
REF*6R*100234625-5~
SVC*HC>80048*413*0*0300*0**1~
DTM*472*20211101~
CAS*CO*45*413~
REF*6R*100234625-6~
SVC*HC>83036*94*0*0300*0**1~
DTM*472*20211101~
CAS*CO*45*94~
REF*6R*100234625-7~
SVC*HC>85018*90*0*0300*0**1~
DTM*472*20211101~
CAS*CO*45*90~
REF*6R*100234625-8~
SVC*HC>85610*208*0*0300*0**1~
DTM*472*20211101~
CAS*CO*45*208~
REF*6R*100234625-9~
SVC*HC>85730*245*0*0300*0**1~
DTM*472*20211101~
CAS*CO*45*245~
REF*6R*100234625-10~
SVC*HC>U0003*184*0*0300*0**1~
DTM*472*20211101~
CAS*CO*45*184~
REF*6R*100234625-11~
SVC*HC>80048*413*0*0300*0**1~
DTM*472*20211102~
CAS*CO*45*413~
REF*6R*100234625-12~
SVC*HC>82962*138*0*0300*0**2~
DTM*472*20211102~
CAS*CO*45*138~
REF*6R*100234625-13~
SVC*HC>84484*367*0*0300*0**1~
DTM*472*20211102~
CAS*CO*45*367~
REF*6R*100234625-14~
SVC*HC>85025*233*0*0300*0**1~
DTM*472*20211102~
CAS*CO*45*233~
REF*6R*100234625-15~
SVC*HC>85525*32*0*0300*0**1~
DTM*472*20211102~
CAS*CO*45*32~
REF*6R*100234625-16~
SVC*HC>85610*208*0*0300*0**1~
DTM*472*20211102~
CAS*CO*45*208~
REF*6R*100234625-17~
SVC*HC>87070*383*0*0306*0**1~
DTM*472*20211102~
CAS*CO*45*383~
REF*6R*100234625-18~
SVC*HC>87075*84*0*0306*0**1~
DTM*472*20211102~
CAS*CO*45*84~
REF*6R*100234625-19~
SVC*HC>87077*291*0*0306*0**3~
DTM*472*20211102~
CAS*CO*45*291~
REF*6R*100234625-20~
SVC*HC>87147*21*0*0306*0**1~
DTM*472*20211102~
CAS*CO*45*21~
REF*6R*100234625-21~
SVC*HC>87186*756*0*0306*0**4~
DTM*472*20211102~
CAS*CO*45*756~
REF*6R*100234625-22~
SVC*HC>88305*599*0*0310*0**1~
DTM*472*20211102~
CAS*CO*45*599~
REF*6R*100234625-23~
SVC*HC>88311*88*0*0310*0**1~
DTM*472*20211102~
CAS*CO*45*88~
REF*6R*100234625-24~
SVC*HC>73630>RT*700*0*0320*0**1~
DTM*472*20211101~
CAS*CO*45*700~
REF*6R*100234625-25~
SVC*HC>73630>RT*700*0*0320*0**1~
DTM*472*20211102~
CAS*CO*45*700~
REF*6R*100234625-26~
SVC*HC>11044>59*4724*912.98*0360*1~
DTM*472*20211102~
CAS*CO*45*3811.02~
REF*6R*100234625-27~
AMT*B6*912.98~
SVC*HC>28122>RT*4724*2068.5*0360*1~
DTM*472*20211102~
CAS*CO*45*2655.5~
REF*6R*100234625-28~
AMT*B6*2068.5~
SVC*NU>0370*1550*0**0**4~
DTM*472*20211102~
CAS*CO*45*1550~
REF*6R*100234625-29~
SVC*HC>J3370*143.72*0*0636*0**2~
DTM*472*20211102~
CAS*CO*45*143.72~
REF*6R*100234625-30~
SVC*HC>J3370*104.4*0*0636*0**4~
DTM*472*20211102~
CAS*CO*45*104.4~
REF*6R*100234625-31~
SVC*NU>0710*4194*0**0**9~
DTM*472*20211102~
CAS*CO*45*4194~
REF*6R*100234625-32~
SVC*HC>93005>59*954*0*0730*0**2~
DTM*472*20211102~
CAS*CO*B18*954~
REF*6R*100234625-33~
LX*9~
CLP*100238486*22*-88270.94*0**HM*0006570765*11~
NM1*QC*1*EICHOLTZ*MATTHEW*C***MI*AM1043540001~
REF*1L*2021-A07520001~
DTM*232*20211102~
DTM*233*20211104~
SVC*NU>0111*-3288*0**0**2~
CAS*CO*A1*-3288~
REF*6R*100238486-1~
LQ*HE*N232~
SVC*NU>0250*-3688.94*0**0**79~
CAS*CO*A1*-3688.94~
REF*6R*100238486-2~
LQ*HE*N232~
SVC*NU>0270*-816*0**0**1~
CAS*CO*A1*-816~
REF*6R*100238486-3~
LQ*HE*N232~
SVC*NU>0271*-894*0**0**35~
CAS*CO*A1*-894~
REF*6R*100238486-4~
LQ*HE*N232~
SVC*NU>0272*-6669*0**0**56~
CAS*CO*A1*-6669~
REF*6R*100238486-5~
LQ*HE*N232~
SVC*NU>0278*-29267*0**0**9~
CAS*CO*A1*-29267~
REF*6R*100238486-6~
LQ*HE*N232~
SVC*NU>0300*-2197*0**0**10~
CAS*CO*A1*-2197~
REF*6R*100238486-7~
LQ*HE*N232~
SVC*NU>0306*-1362*0**0**7~
CAS*CO*A1*-1362~
REF*6R*100238486-8~
LQ*HE*N232~
SVC*NU>0320*-329*0**0**1~
CAS*CO*A1*-329~
REF*6R*100238486-9~
LQ*HE*N232~
SVC*NU>0360*-32945*0**0**1~
CAS*CO*A1*-32945~
REF*6R*100238486-10~
LQ*HE*N232~
SVC*NU>0370*-2510*0**0**16~
CAS*CO*A1*-2510~
REF*6R*100238486-11~
LQ*HE*N232~
SVC*NU>0420*-224*0**0**1~
CAS*CO*A1*-224~
REF*6R*100238486-12~
LQ*HE*N232~
SVC*NU>0424*-353*0**0**1~
CAS*CO*A1*-353~
REF*6R*100238486-13~
LQ*HE*N232~
SVC*NU>0710*-3728*0**0**8~
CAS*CO*A1*-3728~
REF*6R*100238486-14~
LQ*HE*N232~
LX*10~
CLP*100238486*1*88270.94*5041.84*1260.46*HM*0006570765*11~
NM1*QC*1*EICHOLTZ*MATTHEW*C***MI*AM1043540001~
REF*1L*2021-A07520001~
DTM*232*20211102~
DTM*233*20211104~
AMT*AU*5041.84~
SVC*NU>0111*3288*920.64**2~
CAS*PR*2*230.16~
CAS*CO*45*2137.2~
REF*6R*100238486-1~
AMT*B6*1150.8~
SVC*NU>0250*3688.94*379.28**79~
CAS*PR*2*94.82~
CAS*CO*45*3214.84~
REF*6R*100238486-2~
AMT*B6*474.1~
SVC*NU>0270*816*0**0**1~
CAS*CO*62*816~
REF*6R*100238486-3~
SVC*NU>0271*894*28**35~
CAS*PR*2*7~
CAS*CO*45*859~
REF*6R*100238486-4~
AMT*B6*35~
SVC*NU>0272*6669*16.8**56~
CAS*PR*2*4.2~
CAS*CO*45*6648~
REF*6R*100238486-5~
AMT*B6*21~
SVC*NU>0278*29267*352.8**9~
CAS*PR*2*88.2~
CAS*CO*45*28826~
REF*6R*100238486-6~
AMT*B6*441~
SVC*NU>0300*2197*394.8**10~
CAS*PR*2*98.7~
CAS*CO*45*1703.5~
REF*6R*100238486-7~
AMT*B6*493.5~
SVC*NU>0306*1362*0**0**7~
CAS*CO*62*1362~
REF*6R*100238486-8~
SVC*NU>0320*329*0**0**1~
CAS*CO*62*329~
REF*6R*100238486-9~
SVC*NU>0360*32945*2626.4**1~
CAS*PR*2*656.6~
CAS*CO*45*29662~
REF*6R*100238486-10~
AMT*B6*3283~
SVC*NU>0370*2510*0**0**16~
CAS*CO*62*2510~
REF*6R*100238486-11~
SVC*NU>0420*224*125.44**1~
CAS*PR*2*31.36~
CAS*CO*45*67.2~
REF*6R*100238486-12~
AMT*B6*156.8~
SVC*NU>0424*353*197.68**1~
CAS*PR*2*49.42~
CAS*CO*45*105.9~
REF*6R*100238486-13~
AMT*B6*247.1~
SVC*NU>0710*3728*0**0**8~
CAS*CO*62*3728~
REF*6R*100238486-14~
LX*11~
CLP*250068604*22*-38*0**HM*0006576478*21~
NM1*QC*1*BROGDON*CHARLES****MI*AM1045282001~
NM1*82*1*ROHN*STEPHEN****XX*1689604472~
REF*1L*A20540001~
SVC*HC>93010*-19*0**0**1~
DTM*472*20211121~
CAS*PR*A1*-19~
REF*6R*250068604-1~
LQ*HE*N675~
SVC*HC>93010*-19*0**0**1~
DTM*472*20211120~
CAS*PR*A1*-19~
REF*6R*250068604-2~
LQ*HE*N675~
LX*12~
CLP*250068604*1*38*20.88**HM*0006576478*21~
NM1*QC*1*BROGDON*CHARLES****MI*AM1045282001~
NM1*82*1*ROHN*STEPHEN****XX*1689604472~
REF*1L*A20540001~
AMT*AU*20.88~
SVC*HC>93010*19*10.44**1~
DTM*472*20211121~
CAS*CO*45*8.56~
REF*6R*250068604-1~
AMT*B6*10.44~
SVC*HC>93010*19*10.44**1~
DTM*472*20211120~
CAS*CO*45*8.56~
REF*6R*250068604-2~
AMT*B6*10.44~
LX*13~
CLP*100257310*1*11987.68*8516.03**HM*0006690562*13~
NM1*QC*1*PEEPLES*CYNTHIA****MI*AM0012776001~
REF*1L*A19930043~
AMT*AU*8516.03~
SVC*NU>0250*48.44*36.33**1~
DTM*472*20211215~
CAS*CO*45*12.11~
REF*6R*100257310-1~
AMT*B6*36.33~
SVC*HC>96365*512*384*0260*1~
DTM*472*20211215~
CAS*CO*45*128~
REF*6R*100257310-2~
AMT*B6*384~
SVC*HC>96365*512*384*0260*1~
DTM*472*20211222~
CAS*CO*45*128~
REF*6R*100257310-3~
AMT*B6*384~
SVC*NU>0271*39*29.25**5~
DTM*472*20211215~
CAS*CO*45*9.75~
REF*6R*100257310-4~
AMT*B6*29.25~
SVC*NU>0271*39*29.25**5~
DTM*472*20211222~
CAS*CO*45*9.75~
REF*6R*100257310-5~
AMT*B6*29.25~
SVC*NU>0272*6*4.5**1~
DTM*472*20211215~
CAS*CO*45*1.5~
REF*6R*100257310-6~
AMT*B6*4.5~
SVC*NU>0272*6*4.5**1~
DTM*472*20211222~
CAS*CO*45*1.5~
REF*6R*100257310-7~
AMT*B6*4.5~
SVC*HC>36415*30*22.5*0300*1~
DTM*472*20211213~
CAS*CO*45*7.5~
REF*6R*100257310-8~
AMT*B6*22.5~
SVC*HC>80053*442*18.16*0300*1~
DTM*472*20211213~
CAS*CO*45*423.84~
REF*6R*100257310-9~
AMT*B6*18.16~
SVC*HC>85025*233*13.36*0300*1~
DTM*472*20211213~
CAS*CO*45*219.64~
REF*6R*100257310-10~
AMT*B6*13.36~
SVC*HC>J1439*5060.12*3795.09*0636*750~
DTM*472*20211215~
CAS*CO*45*1265.03~
REF*6R*100257310-11~
AMT*B6*3795.09~
SVC*HC>J1439*5060.12*3795.09*0636*750~
DTM*472*20211222~
CAS*CO*45*1265.03~
REF*6R*100257310-12~
AMT*B6*3795.09~
LX*14~
CLP*250070334*22*-57*0**HM*0006623541*21~
NM1*QC*1*BROGDON*CHARLES****MI*AM1045282001~
NM1*82*1*ROHN*STEPHEN****XX*1689604472~
REF*1L*A20540001~
SVC*HC>93010*-19*0**0**1~
DTM*472*20211121~
CAS*PR*A1*-19~
REF*6R*250070334-1~
LQ*HE*N675~
SVC*HC>93010*-19*0**0**1~
DTM*472*20211120~
CAS*PR*A1*-19~
REF*6R*250070334-2~
LQ*HE*N675~
SVC*HC>93010>76*-19*0**0**1~
DTM*472*20211120~
CAS*PR*A1*-19~
REF*6R*250070334-3~
LQ*HE*N675~
LX*15~
CLP*250070334*1*57*10.44**HM*0006623541*21~
NM1*QC*1*BROGDON*CHARLES****MI*AM1045282001~
NM1*82*1*ROHN*STEPHEN****XX*1689604472~
REF*1L*A20540001~
AMT*AU*10.44~
SVC*HC>93010*19*0**0**1~
DTM*472*20211121~
CAS*CO*18*19~
REF*6R*250070334-1~
AMT*B6*10.44~
LQ*HE*N522~
SVC*HC>93010*19*0**0**1~
DTM*472*20211120~
CAS*CO*18*19~
REF*6R*250070334-2~
AMT*B6*10.44~
LQ*HE*N522~
SVC*HC>93010>76*19*10.44**1~
DTM*472*20211120~
CAS*CO*45*8.56~
REF*6R*250070334-3~
AMT*B6*10.44~
LX*16~
CLP*100246810*22*-123530.78*0**HM*0006635320*11~
NM1*QC*1*DUNN*PATRICIA*A***MI*0001604156001~
REF*1L*FFMEXCHANGE~
DTM*232*20211204~
DTM*233*20211208~
SVC*NU>0111*-6576*0**0**4~
CAS*CO*A1*-6576~
REF*6R*100246810-1~
LQ*HE*N109~
SVC*NU>0250*-67389.78*0**0**57~
CAS*CO*A1*-67389.78~
REF*6R*100246810-2~
LQ*HE*N109~
SVC*NU>0255*-1045*0**0**102~
CAS*CO*A1*-1045~
REF*6R*100246810-3~
LQ*HE*N109~
SVC*NU>0260*-1287*0**0**3~
CAS*CO*A1*-1287~
REF*6R*100246810-4~
LQ*HE*N109~
SVC*NU>0270*-17*0**0**1~
CAS*CO*A1*-17~
REF*6R*100246810-5~
LQ*HE*N109~
SVC*NU>0271*-764*0**0**58~
CAS*CO*A1*-764~
REF*6R*100246810-6~
LQ*HE*N109~
SVC*NU>0272*-127*0**0**9~
CAS*CO*A1*-127~
REF*6R*100246810-7~
LQ*HE*N109~
SVC*NU>0300*-11049*0**0**51~
CAS*CO*A1*-11049~
REF*6R*100246810-8~
LQ*HE*N109~
SVC*NU>0306*-3279*0**0**7~
CAS*CO*A1*-3279~
REF*6R*100246810-9~
LQ*HE*N109~
SVC*NU>0320*-396*0**0**1~
CAS*CO*A1*-396~
REF*6R*100246810-10~
LQ*HE*N109~
SVC*NU>0351*-10745*0**0**3~
CAS*CO*A1*-10745~
REF*6R*100246810-11~
LQ*HE*N109~
SVC*NU>0360*-2075*0**0**1~
CAS*CO*A1*-2075~
REF*6R*100246810-12~
LQ*HE*N109~
SVC*NU>0410*-483*0**0**1~
CAS*CO*A1*-483~
REF*6R*100246810-13~
LQ*HE*N109~
SVC*NU>0420*-1378*0**0**6~
CAS*CO*A1*-1378~
REF*6R*100246810-14~
LQ*HE*N109~
SVC*NU>0424*-353*0**0**1~
CAS*CO*A1*-353~
REF*6R*100246810-15~
LQ*HE*N109~
SVC*NU>0430*-882*0**0**4~
CAS*CO*A1*-882~
REF*6R*100246810-16~
LQ*HE*N109~
SVC*NU>0434*-353*0**0**1~
CAS*CO*A1*-353~
REF*6R*100246810-17~
LQ*HE*N109~
SVC*NU>0450*-2674*0**0**1~
CAS*CO*A1*-2674~
REF*6R*100246810-18~
LQ*HE*N109~
SVC*NU>0611*-4883*0**0**1~
CAS*CO*A1*-4883~
REF*6R*100246810-19~
LQ*HE*N109~
SVC*NU>0612*-5198*0**0**1~
CAS*CO*A1*-5198~
REF*6R*100246810-20~
LQ*HE*N109~
SVC*NU>0730*-477*0**0**1~
CAS*CO*A1*-477~
REF*6R*100246810-21~
LQ*HE*N109~
SVC*NU>0732*-2100*0**0**4~
CAS*CO*A1*-2100~
REF*6R*100246810-22~
LQ*HE*N109~
LX*17~
CLP*100246810*1*123530.78*74574.96**HM*0006635320*11~
NM1*QC*1*DUNN*PATRICIA*A***MI*0001604156001~
REF*1L*FFMEXCHANGE~
DTM*232*20211204~
DTM*233*20211208~
AMT*AU*74574.96~
SVC*NU>0111*6576*4208.64**4~
CAS*CO*45*2367.36~
REF*6R*100246810-1~
AMT*B6*4208.64~
SVC*NU>0250*67389.78*43029.36**57~
CAS*CO*45*24360.42~
REF*6R*100246810-2~
AMT*B6*43029.36~
SVC*NU>0255*1045*0**0**102~
CAS*CO*45*1045~
REF*6R*100246810-3~
SVC*NU>0260*1287*0**0**3~
CAS*CO*45*1287~
REF*6R*100246810-4~
SVC*NU>0270*17*0**0**1~
CAS*CO*45*17~
REF*6R*100246810-5~
SVC*NU>0271*764*0**0**58~
CAS*CO*45*764~
REF*6R*100246810-6~
SVC*NU>0272*127*0**0**9~
CAS*CO*45*127~
REF*6R*100246810-7~
SVC*NU>0300*11049*6780.8**51~
CAS*CO*45*4268.2~
REF*6R*100246810-8~
AMT*B6*6780.8~
SVC*NU>0306*3279*2098.56**7~
CAS*CO*45*1180.44~
REF*6R*100246810-9~
AMT*B6*2098.56~
SVC*NU>0320*396*253.44**1~
CAS*CO*45*142.56~
REF*6R*100246810-10~
AMT*B6*253.44~
SVC*NU>0351*10745*6876.8**3~
CAS*CO*45*3868.2~
REF*6R*100246810-11~
AMT*B6*6876.8~
SVC*NU>0360*2075*1328**1~
CAS*CO*45*747~
REF*6R*100246810-12~
AMT*B6*1328~
SVC*NU>0410*483*0**0**1~
CAS*CO*45*483~
REF*6R*100246810-13~
SVC*NU>0420*1378*881.92**6~
CAS*CO*45*496.08~
REF*6R*100246810-14~
AMT*B6*881.92~
SVC*NU>0424*353*225.92**1~
CAS*CO*45*127.08~
REF*6R*100246810-15~
AMT*B6*225.92~
SVC*NU>0430*882*564.48**4~
CAS*CO*45*317.52~
REF*6R*100246810-16~
AMT*B6*564.48~
SVC*NU>0434*353*225.92**1~
CAS*CO*45*127.08~
REF*6R*100246810-17~
AMT*B6*225.92~
SVC*NU>0450*2674*0**0**1~
CAS*CO*45*2674~
REF*6R*100246810-18~
SVC*NU>0611*4883*3125.12**1~
CAS*CO*45*1757.88~
REF*6R*100246810-19~
AMT*B6*3125.12~
SVC*NU>0612*5198*3326.72**1~
CAS*CO*45*1871.28~
REF*6R*100246810-20~
AMT*B6*3326.72~
SVC*NU>0730*477*305.28**1~
CAS*CO*45*171.72~
REF*6R*100246810-21~
AMT*B6*305.28~
SVC*NU>0732*2100*1344**4~
CAS*CO*45*756~
REF*6R*100246810-22~
AMT*B6*1344~
LX*18~
CLP*100249438*1*34913.03*1549**HM*0006647186*13~
NM1*QC*1*BATES*DAVID****MI*0003655573002~
NM1*IL*1*BATES*SALLY****MI*0003655573001~
REF*1L*FFMEXCHANGE~
AMT*AU*1549~
SVC*NU>0250*1759.83*0**0**1~
DTM*472*20211120~
CAS*CO*234*1759.83~
REF*6R*100249438-1~
LQ*HE*N14~
SVC*HC>96361*428*0*0260*0**2~
DTM*472*20211120~
CAS*CO*234*428~
REF*6R*100249438-2~
LQ*HE*N14~
SVC*HC>96365>59*561*0*0260*0**1~
DTM*472*20211120~
CAS*CO*234*561~
REF*6R*100249438-3~
LQ*HE*N14~
SVC*HC>96366*784*0*0260*0**4~
DTM*472*20211120~
CAS*CO*234*784~
REF*6R*100249438-4~
LQ*HE*N14~
SVC*HC>96367*1536*0*0260*0**3~
DTM*472*20211120~
CAS*CO*234*1536~
REF*6R*100249438-5~
LQ*HE*N14~
SVC*HC>96372>59*350*0*0260*0**1~
DTM*472*20211120~
CAS*CO*234*350~
REF*6R*100249438-6~
LQ*HE*N14~
SVC*HC>96375*2418*0*0260*0**6~
DTM*472*20211120~
CAS*CO*234*2418~
REF*6R*100249438-7~
LQ*HE*N14~
SVC*HC>96376*1492*0*0260*0**4~
DTM*472*20211120~
CAS*CO*234*1492~
REF*6R*100249438-8~
LQ*HE*N14~
SVC*HC>96366*196*0*0260*0**1~
DTM*472*20211121~
CAS*CO*234*196~
REF*6R*100249438-9~
LQ*HE*N14~
SVC*HC>96372>59*350*0*0260*0**1~
DTM*472*20211121~
CAS*CO*234*350~
REF*6R*100249438-10~
LQ*HE*N14~
SVC*HC>96376*1492*0*0260*0**4~
DTM*472*20211121~
CAS*CO*234*1492~
REF*6R*100249438-11~
LQ*HE*N14~
SVC*NU>0271*307*0**0**24~
DTM*472*20211120~
CAS*CO*234*307~
REF*6R*100249438-12~
LQ*HE*N14~
SVC*NU>0271*5*0**0**1~
DTM*472*20211121~
CAS*CO*234*5~
REF*6R*100249438-13~
LQ*HE*N14~
SVC*NU>0272*44*0**0**3~
DTM*472*20211120~
CAS*CO*234*44~
REF*6R*100249438-14~
LQ*HE*N14~
SVC*HC>36415*30*0*0300*0**1~
DTM*472*20211120~
CAS*CO*234*30~
REF*6R*100249438-15~
LQ*HE*N14~
SVC*HC>80053*442*0*0300*0**1~
DTM*472*20211120~
CAS*CO*234*442~
REF*6R*100249438-16~
LQ*HE*N14~
SVC*HC>80307*172*0*0300*0**1~
DTM*472*20211120~
CAS*CO*234*172~
REF*6R*100249438-17~
LQ*HE*N14~
SVC*HC>81001>59*150*0*0300*0**1~
DTM*472*20211120~
CAS*CO*234*150~
REF*6R*100249438-18~
LQ*HE*N14~
SVC*HC>82010*198*0*0300*0**1~
DTM*472*20211120~
CAS*CO*234*198~
REF*6R*100249438-19~
LQ*HE*N14~
SVC*HC>83605*750*0*0300*0**3~
DTM*472*20211120~
CAS*CO*234*750~
REF*6R*100249438-20~
LQ*HE*N14~
SVC*HC>83690*50*0*0300*0**1~
DTM*472*20211120~
CAS*CO*234*50~
REF*6R*100249438-21~
LQ*HE*N14~
SVC*HC>83735*235*0*0300*0**1~
DTM*472*20211120~
CAS*CO*234*235~
REF*6R*100249438-22~
LQ*HE*N14~
SVC*HC>84145*260*0*0300*0**1~
DTM*472*20211120~
CAS*CO*234*260~
REF*6R*100249438-23~
LQ*HE*N14~
SVC*HC>84484*1101*0*0300*0**3~
DTM*472*20211120~
CAS*CO*234*1101~
REF*6R*100249438-24~
LQ*HE*N14~
SVC*HC>85025*233*0*0300*0**1~
DTM*472*20211120~
CAS*CO*234*233~
REF*6R*100249438-25~
LQ*HE*N14~
SVC*HC>85055*95*0*0300*0**1~
DTM*472*20211120~
CAS*CO*234*95~
REF*6R*100249438-26~
LQ*HE*N14~
SVC*HC>85610*208*0*0300*0**1~
DTM*472*20211120~
CAS*CO*234*208~
REF*6R*100249438-27~
LQ*HE*N14~
SVC*HC>85730*245*0*0300*0**1~
DTM*472*20211120~
CAS*CO*234*245~
REF*6R*100249438-28~
LQ*HE*N14~
SVC*HC>C9803*235*0*0300*0**1~
DTM*472*20211120~
CAS*CO*234*235~
REF*6R*100249438-29~
LQ*HE*N14~
SVC*HC>36415*30*0*0300*0**1~
DTM*472*20211121~
CAS*CO*234*30~
REF*6R*100249438-30~
LQ*HE*N14~
SVC*HC>80053*442*0*0300*0**1~
DTM*472*20211121~
CAS*CO*234*442~
REF*6R*100249438-31~
LQ*HE*N14~
SVC*HC>80061*292*0*0300*0**1~
DTM*472*20211121~
CAS*CO*234*292~
REF*6R*100249438-32~
LQ*HE*N14~
SVC*HC>83735*235*0*0300*0**1~
DTM*472*20211121~
CAS*CO*234*235~
REF*6R*100249438-33~
LQ*HE*N14~
SVC*HC>84436*280*0*0300*0**1~
DTM*472*20211121~
CAS*CO*234*280~
REF*6R*100249438-34~
LQ*HE*N14~
SVC*HC>84443*277*0*0300*0**1~
DTM*472*20211121~
CAS*CO*234*277~
REF*6R*100249438-35~
LQ*HE*N14~
SVC*HC>85025*233*0*0300*0**1~
DTM*472*20211121~
CAS*CO*234*233~
REF*6R*100249438-36~
LQ*HE*N14~
SVC*HC>82272*124*0*0306*0**1~
DTM*472*20211120~
CAS*CO*234*124~
REF*6R*100249438-37~
LQ*HE*N14~
SVC*HC>87040*991*0*0306*0**2~
DTM*472*20211120~
CAS*CO*234*991~
REF*6R*100249438-38~
LQ*HE*N14~
SVC*HC>87633*1334*0*0306*0**1~
DTM*472*20211120~
CAS*CO*234*1334~
REF*6R*100249438-39~
LQ*HE*N14~
SVC*HC>87507*1334*0*0306*0**1~
DTM*472*20211121~
CAS*CO*234*1334~
REF*6R*100249438-40~
LQ*HE*N14~
SVC*HC>70450*2284*0*0351*0**1~
DTM*472*20211120~
CAS*CO*234*2284~
REF*6R*100249438-41~
LQ*HE*N14~
SVC*HC>74177*4619*0*0352*0**1~
DTM*472*20211120~
CAS*CO*234*4619~
REF*6R*100249438-42~
LQ*HE*N14~
SVC*HC>76705*1015*0*0402*0**1~
DTM*472*20211120~
CAS*CO*234*1015~
REF*6R*100249438-43~
LQ*HE*N14~
SVC*HC>99284>25*2016*0*0450*0**1~
DTM*472*20211120~
CAS*CO*234*2016~
REF*6R*100249438-44~
LQ*HE*N14~
SVC*HC>S0164*45.24*0*0636*0**1~
DTM*472*20211120~
CAS*CO*234*45.24~
REF*6R*100249438-45~
LQ*HE*N14~
SVC*HC>J2274*39.18*0*0636*0**1~
DTM*472*20211120~
CAS*CO*234*39.18~
REF*6R*100249438-46~
LQ*HE*N14~
SVC*HC>S0164*49.3*0*0636*0**1~
DTM*472*20211120~
CAS*CO*234*49.3~
REF*6R*100249438-47~
LQ*HE*N14~
SVC*HC>J2274*39.18*0*0636*0**1~
DTM*472*20211121~
CAS*CO*234*39.18~
REF*6R*100249438-48~
LQ*HE*N14~
SVC*HC>S0164*49.3*0*0636*0**1~
DTM*472*20211121~
CAS*CO*234*49.3~
REF*6R*100249438-49~
LQ*HE*N14~
SVC*HC>93005*477*0*0730*0**1~
DTM*472*20211120~
CAS*CO*234*477~
REF*6R*100249438-50~
LQ*HE*N14~
SVC*HC>G0378*1068*1549*0762*12~
DTM*472*20211120~
CAS*CO*45*-481~
REF*6R*100249438-53~
AMT*B6*1549~
SVC*HC>G0378*1513*0*0762*0**17~
DTM*472*20211121~
CAS*CO*234*1513~
REF*6R*100249438-54~
LQ*HE*N14~
LX*19~
CLP*250072245*22*-19*0**HM*0006660031*23~
NM1*QC*1*PATTERSON*CHARLES****MI*AS1004403002~
NM1*IL*1*PATTERSON*LISA****MI*AS1004403001~
NM1*82*1*VERMA*RAJIV****XX*1609809813~
REF*1L*A00000014~
SVC*HC>93010*-19*0**0**1~
DTM*472*20211220~
CAS*PR*22*-19~
REF*6R*250072245-1~
LX*20~
CLP*250072245*1*19*10.44**HM*0006660031*23~
NM1*QC*1*PATTERSON*CHARLES****MI*AS1004403002~
NM1*IL*1*PATTERSON*LISA****MI*AS1004403001~
NM1*82*1*VERMA*RAJIV****XX*1609809813~
REF*1L*A00000014~
AMT*AU*10.44~
SVC*HC>93010*19*10.44**1~
DTM*472*20211220~
CAS*CO*45*8.56~
REF*6R*250072245-1~
AMT*B6*10.44~
LX*21~
CLP*100230892*1*2002*134.5*225*HM*0006670350*13~
NM1*QC*1*CAVIN*AINSLEY****MI*0004734259003~
NM1*IL*1*CAVIN*ROBIN****MI*0004734259001~
REF*1L*FFMEXCHANGE~
AMT*AU*134.5~
SVC*NU>0250*4*0**0**1~
DTM*472*20211111~
CAS*CO*18*4~
REF*6R*100230892-1~
AMT*B6*2~
LQ*HE*N522~
SVC*NU>0272*73*0**0**2~
DTM*472*20211111~
CAS*CO*18*73~
REF*6R*100230892-2~
AMT*B6*36.5~
LQ*HE*N522~
SVC*HC>10060*1206*0*0450*0**1~
DTM*472*20211111~
CAS*CO*18*1206~
REF*6R*100230892-3~
AMT*B6*603~
LQ*HE*N522~
SVC*HC>99282>25*719*134.5*0450*1~
DTM*472*20211111~
CAS*PR*3*225~
CAS*CO*45*359.5~
REF*6R*100230892-4~
AMT*B6*359.5~
LX*22~
CLP*100247992*1*255*30.81**HM*0006681983*13~
NM1*QC*1*SEXTON*JOSEPH*R***MI*0004740846001~
REF*1L*FFMEXCHANGE~
AMT*AU*30.81~
SVC*HC>71046*255*30.81*0320*1~
DTM*472*20211213~
CAS*CO*45*224.19~
REF*6R*100247992-1~
AMT*B6*30.81~
LX*23~
CLP*100192710*22*-156430.65*0**HM*0006690476*11~
NM1*QC*1*SESSIONS*DAISY*E***MI*0000991385001~
REF*1L*FFMEXCHANGE~
DTM*232*20210903~
DTM*233*20210904~
SVC*NU>0111*-1644*0**0**1~
CAS*CO*A1*-1644~
REF*6R*100192710-1~
LQ*HE*N109~
SVC*NU>0250*-3533.65*0**0**44~
CAS*CO*A1*-3533.65~
REF*6R*100192710-2~
LQ*HE*N109~
SVC*NU>0270*-3933*0**0**3~
CAS*CO*A1*-3933~
REF*6R*100192710-3~
LQ*HE*N109~
SVC*NU>0271*-412*0**0**18~
CAS*CO*A1*-412~
REF*6R*100192710-4~
LQ*HE*N109~
SVC*NU>0272*-1413*0**0**17~
CAS*CO*A1*-1413~
REF*6R*100192710-5~
LQ*HE*N109~
SVC*NU>0278*-81250*0**0**1~
CAS*CO*A1*-81250~
REF*6R*100192710-6~
LQ*HE*N109~
SVC*NU>0300*-3880*0**0**18~
CAS*CO*A1*-3880~
REF*6R*100192710-7~
LQ*HE*N109~
SVC*NU>0306*-337*0**0**1~
CAS*CO*A1*-337~
REF*6R*100192710-8~
LQ*HE*N109~
SVC*NU>0360*-53457*0**0**1~
CAS*CO*A1*-53457~
REF*6R*100192710-9~
LQ*HE*N109~
SVC*NU>0410*-1050*0**0**2~
CAS*CO*A1*-1050~
REF*6R*100192710-10~
LQ*HE*N109~
SVC*NU>0483*-4087*0**0**2~
CAS*CO*A1*-4087~
REF*6R*100192710-11~
LQ*HE*N109~
SVC*NU>0636*-480*0**0**80~
CAS*CO*A1*-480~
REF*6R*100192710-12~
LQ*HE*N109~
SVC*NU>0730*-954*0**0**2~
CAS*CO*A1*-954~
REF*6R*100192710-13~
LQ*HE*N109~
LX*24~
CLP*100192710*1*156430.65*99776.4*339.22*HM*0006690476*11~
NM1*QC*1*SESSIONS*DAISY*E***MI*0000991385001~
REF*1L*FFMEXCHANGE~
DTM*232*20210903~
DTM*233*20210904~
AMT*AU*99776.4~
SVC*NU>0111*1644*841.73**1~
CAS*PR*2*210.43~
CAS*CO*45*591.84~
REF*6R*100192710-1~
AMT*B6*1052.16~
LQ*HE*N548~
SVC*NU>0250*3533.65*2132.75**44~
CAS*PR*2*128.79~
CAS*CO*45*1272.11~
REF*6R*100192710-2~
AMT*B6*2261.54~
LQ*HE*N548~
SVC*NU>0270*3933*2517.12**3~
CAS*CO*45*1415.88~
REF*6R*100192710-3~
AMT*B6*2517.12~
SVC*NU>0271*412*263.68**18~
CAS*CO*45*148.32~
REF*6R*100192710-4~
AMT*B6*263.68~
SVC*NU>0272*1413*904.32**17~
CAS*CO*45*508.68~
REF*6R*100192710-5~
AMT*B6*904.32~
SVC*NU>0278*81250*52000**1~
CAS*CO*45*29250~
REF*6R*100192710-6~
AMT*B6*52000~
SVC*NU>0300*3880*2483.2**18~
CAS*CO*45*1396.8~
REF*6R*100192710-7~
AMT*B6*2483.2~
SVC*NU>0306*337*215.68**1~
CAS*CO*45*121.32~
REF*6R*100192710-8~
AMT*B6*215.68~
SVC*NU>0360*53457*34212.48**1~
CAS*CO*45*19244.52~
REF*6R*100192710-9~
AMT*B6*34212.48~
SVC*NU>0410*1050*672**2~
CAS*CO*45*378~
REF*6R*100192710-10~
AMT*B6*672~
SVC*NU>0483*4087*2615.68**2~
CAS*CO*45*1471.32~
REF*6R*100192710-11~
AMT*B6*2615.68~
SVC*NU>0636*480*307.2**80~
CAS*CO*45*172.8~
REF*6R*100192710-12~
AMT*B6*307.2~
SVC*NU>0730*954*610.56**2~
CAS*CO*45*343.44~
REF*6R*100192710-13~
AMT*B6*610.56~
LX*25~
CLP*1105226V8518*1*858*318.92*75*HM*0006682197*11~
NM1*QC*1*SMITH*LAURIE****MI*0004241419002~
NM1*IL*1*SMITH*WILLIAM*F***MI*0004241419001~
NM1*82*1*LEWIS*CHANTAL****XX*1821439985~
REF*1L*FFMEXCHANGE~
AMT*AU*318.92~
SVC*HC>99205*415*177.48**1~
DTM*472*20211230~
CAS*PR*3*75~
CAS*CO*45*162.52~
REF*6R*13260207P8518B83679~
AMT*B6*252.48~
SVC*HC>3046F*0*0**0**1~
DTM*472*20211230~
REF*6R*13260208P8518B83679~
SVC*HC>80074>90*172*49.54**1~
DTM*472*20211230~
CAS*CO*45*122.46~
REF*6R*13260209P8518B83679~
AMT*B6*49.54~
SVC*HC>85027>90*17*6.73**1~
DTM*472*20211230~
CAS*CO*45*10.27~
REF*6R*13260210P8518B83679~
AMT*B6*6.73~
SVC*HC>80053>90*31*10.98**1~
DTM*472*20211230~
CAS*CO*45*20.02~
REF*6R*13260211P8518B83679~
AMT*B6*10.98~
SVC*HC>83721>90*25*10.92**1~
DTM*472*20211230~
CAS*CO*45*14.08~
REF*6R*13260212P8518B83679~
AMT*B6*10.92~
SVC*HC>82962*8*3.41**1~
DTM*472*20211230~
CAS*CO*45*4.59~
REF*6R*13260213P8518B83679~
AMT*B6*3.41~
SVC*HC>84443>90*50*17.47**1~
DTM*472*20211230~
CAS*CO*45*32.53~
REF*6R*13260214P8518B83679~
AMT*B6*17.47~
SVC*HC>84439>90*39*9.38**1~
DTM*472*20211230~
CAS*CO*45*29.62~
REF*6R*13260215P8518B83679~
AMT*B6*9.38~
SVC*HC>82607>90*45*15.68**1~
DTM*472*20211230~
CAS*CO*45*29.32~
REF*6R*13260216P8518B83679~
AMT*B6*15.68~
SVC*HC>82150>90*20*6.74**1~
DTM*472*20211230~
CAS*CO*45*13.26~
REF*6R*13260217P8518B83679~
AMT*B6*6.74~
SVC*HC>83690>90*22*7.17**1~
DTM*472*20211230~
CAS*CO*45*14.83~
REF*6R*13260218P8518B83679~
AMT*B6*7.17~
SVC*HC>36415*14*3.42**1~
DTM*472*20211230~
CAS*CO*45*10.58~
REF*6R*13260219P8518B83679~
AMT*B6*3.42~
SVC*HC>G9226*0*0**0**1~
DTM*472*20211230~
REF*6R*13260220P8518B83679~
LX*26~
CLP*250072755*1*19*10.44**HM*0006682199*23~
NM1*QC*1*BURK*IDA****MI*0001664268002~
NM1*IL*1*BURK*CHARLIE*D***MI*0001664268001~
NM1*82*1*ROHN*STEPHEN****XX*1689604472~
REF*1L*FFMEXCHANGE~
AMT*AU*10.44~
SVC*HC>93010*19*10.44**1~
DTM*472*20211227~
CAS*CO*45*8.56~
REF*6R*250072755-1~
AMT*B6*10.44~
LX*27~
CLP*250072759*1*19*10.44**HM*0006682200*23~
NM1*QC*1*BURK*IDA****MI*0001664268002~
NM1*IL*1*BURK*CHARLIE*D***MI*0001664268001~
NM1*82*1*ROHN*STEPHEN****XX*1689604472~
REF*1L*FFMEXCHANGE~
AMT*AU*10.44~
SVC*HC>93010*19*10.44**1~
DTM*472*20211226~
CAS*CO*45*8.56~
REF*6R*250072759-1~
AMT*B6*10.44~
LX*28~
CLP*250072761*1*38*0*20.88*HM*0006682205*23~
NM1*QC*1*PRUS*MISSEE*D***MI*0000907932002~
NM1*IL*1*PRUS*ERIN*C***MI*0000907932001~
NM1*82*1*ROHN*STEPHEN****XX*1689604472~
REF*1L*FFMEXCHANGE~
SVC*HC>93010*19*0**0**1~
DTM*472*20211227~
CAS*PR*1*10.44~
CAS*CO*45*8.56~
REF*6R*250072761-1~
AMT*B6*10.44~
SVC*HC>93010>76*19*0**0**1~
DTM*472*20211227~
CAS*PR*1*10.44~
CAS*CO*45*8.56~
REF*6R*250072761-2~
AMT*B6*10.44~
LX*29~
CLP*100255134*1*30756.66*555.55**HM*0006686141*13~
NM1*QC*1*SHIPMAN*WANDA****MI*0004545354001~
REF*1L*FFMEXCHANGE~
AMT*AU*578.33~
SVC*NU>0250*1156.66*555.55**1~
DTM*472*20211126~
CAS*CO*45*601.11~
REF*6R*100255134-1~
AMT*B6*578.33~
SVC*HC>96374*529*0*0260*0**1~
DTM*472*20211126~
CAS*CO*A1*529~
REF*6R*100255134-2~
AMT*B6*264.5~
LQ*HE*MA46~
SVC*HC>96375*409*0*0260*0**1~
DTM*472*20211126~
CAS*CO*A1*409~
REF*6R*100255134-3~
AMT*B6*204.5~
LQ*HE*MA46~
SVC*NU>0271*21*0**0**3~
DTM*472*20211126~
CAS*CO*A1*21~
REF*6R*100255134-4~
AMT*B6*10.5~
LQ*HE*MA46~
SVC*NU>0271*10*0**0**2~
DTM*472*20211127~
CAS*CO*A1*10~
REF*6R*100255134-5~
AMT*B6*5~
LQ*HE*MA46~
SVC*HC>36415*30*0*0300*0**1~
DTM*472*20211126~
CAS*CO*A1*30~
REF*6R*100255134-6~
AMT*B6*15~
LQ*HE*MA46~
SVC*HC>80053*442*0*0300*0**1~
DTM*472*20211126~
CAS*CO*A1*442~
REF*6R*100255134-7~
AMT*B6*221~
LQ*HE*MA46~
SVC*HC>80061*584*0*0300*0**2~
DTM*472*20211126~
CAS*CO*A1*584~
REF*6R*100255134-8~
AMT*B6*292~
LQ*HE*MA46~
SVC*HC>80307*172*0*0300*0**1~
DTM*472*20211126~
CAS*CO*A1*172~
REF*6R*100255134-9~
AMT*B6*86~
LQ*HE*MA46~
SVC*HC>82962*69*0*0300*0**1~
DTM*472*20211126~
CAS*CO*A1*69~
REF*6R*100255134-10~
AMT*B6*34.5~
LQ*HE*MA46~
SVC*HC>83036*94*0*0300*0**1~
DTM*472*20211126~
CAS*CO*A1*94~
REF*6R*100255134-11~
AMT*B6*47~
LQ*HE*MA46~
SVC*HC>83690*50*0*0300*0**1~
DTM*472*20211126~
CAS*CO*A1*50~
REF*6R*100255134-12~
AMT*B6*25~
LQ*HE*MA46~
SVC*HC>83735*235*0*0300*0**1~
DTM*472*20211126~
CAS*CO*A1*235~
REF*6R*100255134-13~
AMT*B6*117.5~
LQ*HE*MA46~
SVC*HC>84484*734*0*0300*0**2~
DTM*472*20211126~
CAS*CO*A1*734~
REF*6R*100255134-14~
AMT*B6*367~
LQ*HE*MA46~
SVC*HC>85025*233*0*0300*0**1~
DTM*472*20211126~
CAS*CO*A1*233~
REF*6R*100255134-15~
AMT*B6*116.5~
LQ*HE*MA46~
SVC*HC>85055*95*0*0300*0**1~
DTM*472*20211126~
CAS*CO*A1*95~
REF*6R*100255134-16~
AMT*B6*47.5~
LQ*HE*MA46~
SVC*HC>85610*228*0*0300*0**1~
DTM*472*20211126~
CAS*CO*A1*228~
REF*6R*100255134-17~
AMT*B6*114~
LQ*HE*MA46~
SVC*HC>85730*224*0*0300*0**1~
DTM*472*20211126~
CAS*CO*A1*224~
REF*6R*100255134-18~
AMT*B6*112~
LQ*HE*MA46~
SVC*HC>87631*470*0*0300*0**1~
DTM*472*20211126~
CAS*CO*A1*470~
REF*6R*100255134-19~
AMT*B6*235~
LQ*HE*MA46~
SVC*HC>C9803*235*0*0300*0**1~
DTM*472*20211126~
CAS*CO*A1*235~
REF*6R*100255134-20~
AMT*B6*117.5~
LQ*HE*MA46~
SVC*HC>U0003*175*0*0300*0**1~
DTM*472*20211126~
CAS*CO*A1*175~
REF*6R*100255134-21~
AMT*B6*87.5~
LQ*HE*MA46~
SVC*HC>36415*30*0*0300*0**1~
DTM*472*20211127~
CAS*CO*A1*30~
REF*6R*100255134-22~
AMT*B6*15~
LQ*HE*MA46~
SVC*HC>80053*442*0*0300*0**1~
DTM*472*20211127~
CAS*CO*A1*442~
REF*6R*100255134-23~
AMT*B6*221~
LQ*HE*MA46~
SVC*HC>80061*292*0*0300*0**1~
DTM*472*20211127~
CAS*CO*A1*292~
REF*6R*100255134-24~
AMT*B6*146~
LQ*HE*MA46~
SVC*HC>82962*138*0*0300*0**2~
DTM*472*20211127~
CAS*CO*A1*138~
REF*6R*100255134-25~
AMT*B6*69~
LQ*HE*MA46~
SVC*HC>83735*235*0*0300*0**1~
DTM*472*20211127~
CAS*CO*A1*235~
REF*6R*100255134-26~
AMT*B6*117.5~
LQ*HE*MA46~
SVC*HC>84100*151*0*0300*0**1~
DTM*472*20211127~
CAS*CO*A1*151~
REF*6R*100255134-27~
AMT*B6*75.5~
LQ*HE*MA46~
SVC*HC>84484*734*0*0300*0**2~
DTM*472*20211127~
CAS*CO*A1*734~
REF*6R*100255134-28~
AMT*B6*367~
LQ*HE*MA46~
SVC*HC>85025*233*0*0300*0**1~
DTM*472*20211127~
CAS*CO*A1*233~
REF*6R*100255134-29~
AMT*B6*116.5~
LQ*HE*MA46~
SVC*HC>85055*95*0*0300*0**1~
DTM*472*20211127~
CAS*CO*A1*95~
REF*6R*100255134-30~
AMT*B6*47.5~
LQ*HE*MA46~
SVC*HC>71045*396*0*0320*0**1~
DTM*472*20211126~
CAS*CO*A1*396~
REF*6R*100255134-31~
AMT*B6*198~
LQ*HE*MA46~
SVC*HC>78452*6619*0*0340*0**1~
DTM*472*20211127~
CAS*CO*A1*6619~
REF*6R*100255134-32~
AMT*B6*3309.5~
LQ*HE*MA46~
SVC*HC>A9500*1508*0*0343*0**2~
DTM*472*20211127~
CAS*CO*A1*1508~
REF*6R*100255134-33~
AMT*B6*754~
LQ*HE*MA46~
SVC*HC>70450*2284*0*0351*0**1~
DTM*472*20211126~
CAS*CO*A1*2284~
REF*6R*100255134-34~
AMT*B6*1142~
LQ*HE*MA46~
SVC*HC>99285>25*2674*0*0450*0**1~
DTM*472*20211126~
CAS*CO*A1*2674~
REF*6R*100255134-35~
AMT*B6*1337~
LQ*HE*MA46~
SVC*HC>93017*2843*0*0482*0**1~
DTM*472*20211127~
CAS*CO*A1*2843~
REF*6R*100255134-36~
AMT*B6*1421.5~
LQ*HE*MA46~
SVC*HC>93306*3121*0*0483*0**1~
DTM*472*20211127~
CAS*CO*A1*3121~
REF*6R*100255134-37~
AMT*B6*1560.5~
LQ*HE*MA46~
SVC*HC>93005*954*0*0730*0**2~
DTM*472*20211126~
CAS*CO*A1*954~
REF*6R*100255134-38~
AMT*B6*477~
LQ*HE*MA46~
SVC*HC>93005>59*477*0*0730*0**1~
DTM*472*20211127~
CAS*CO*A1*477~
REF*6R*100255134-39~
AMT*B6*238.5~
LQ*HE*MA46~
SVC*HC>G0378*267*0*0762*0**3~
DTM*472*20211126~
CAS*CO*A1*267~
REF*6R*100255134-41~
AMT*B6*133.5~
LQ*HE*MA46~
SVC*HC>G0378*1068*0*0762*0**12~
DTM*472*20211127~
CAS*CO*A1*1068~
REF*6R*100255134-42~
AMT*B6*534~
LQ*HE*MA46~
LX*30~
CLP*100248230*1*11552.14*1737.69*434.42*HM*0006686146*13~
NM1*QC*1*BENTON*TAMMY****MI*AM1052924001~
REF*1L*A19930013~
AMT*AU*1737.69~
SVC*NU>0250*380.14*0**0**1~
DTM*472*20211214~
CAS*CO*45*380.14~
REF*6R*100248230-1~
SVC*NU>0271*188*0**0**10~
DTM*472*20211214~
CAS*CO*45*188~
REF*6R*100248230-2~
SVC*NU>0272*389*0**0**10~
DTM*472*20211214~
CAS*CO*45*389~
REF*6R*100248230-3~
SVC*HC>C1788*750*0*0278*0**1~
DTM*472*20211214~
CAS*CO*15*750~
REF*6R*100248230-4~
AMT*B6*487.5~
SVC*HC>U0003*184*0*0300*0**1~
DTM*472*20211213~
CAS*CO*45*184~
REF*6R*100248230-5~
SVC*HC>71045>59*396*0*0320*0**1~
DTM*472*20211214~
CAS*CO*45*396~
REF*6R*100248230-6~
SVC*HC>36561*7875*1737.69*0360*1~
DTM*472*20211214~
CAS*PR*2*434.42~
CAS*CO*45*5702.89~
REF*6R*100248230-8~
AMT*B6*2172.11~
LQ*HE*N548~
SVC*NU>0370*1390*0**0**2~
DTM*472*20211214~
CAS*CO*45*1390~
REF*6R*100248230-9~
LX*31~
CLP*250073268*1*426*80.41*34.46*HM*0006686596*22~
NM1*QC*1*MALINOWSKI*STEPHANIE****MI*AM0030534001~
NM1*82*1*DUHAIME*LISA****XX*1083697494~
REF*1L*A27570001~
AMT*AU*80.41~
SVC*HC>99214*426*80.41**1~
DTM*472*20211227~
CAS*PR*2*34.46~
CAS*CO*45*311.13~
REF*6R*250073268-1~
AMT*B6*114.87~
LQ*HE*N548~
LX*32~
CLP*250073572*4*307*0*307*HM*0006686598*22~
NM1*QC*1*TEASLEY*CLYDE*E***MI*0000300383001~
NM1*82*1*TURNER*JAMES****XX*1174542476~
REF*1L*FFMEXCHANGE~
SVC*HC>99213*307*0**0**1~
DTM*472*20211203~
CAS*PR*27*307~
REF*6R*250073572-1~
LQ*HE*N30~
LX*33~
CLP*100255455*1*915*37.69**HM*0006690481*13~
NM1*QC*1*REED*RYAN*M***MI*AM1044350001~
REF*1L*2021-A21230001~
AMT*AU*37.69~
SVC*HC>81001*150*0*0300*0**1~
DTM*472*20211201~
CAS*CO*18*150~
REF*6R*100255455-1~
AMT*B6*5.45~
LQ*HE*N522~
SVC*HC>87186*310*14.88*0306*1~
DTM*472*20211201~
CAS*CO*45*295.12~
REF*6R*100255455-2~
AMT*B6*14.88~
SVC*HC>87147*21*8.91*0306*1~
DTM*472*20211201~
CAS*CO*45*12.09~
REF*6R*100255455-3~
AMT*B6*8.91~
SVC*HC>87086*337*0*0306*0**1~
DTM*472*20211201~
CAS*CO*18*337~
REF*6R*100255455-4~
AMT*B6*13.88~
LQ*HE*N522~
SVC*HC>87077*97*13.9*0306*1~
DTM*472*20211201~
CAS*CO*45*83.1~
REF*6R*100255455-5~
AMT*B6*13.9~
LX*34~
CLP*1106780V8518*1*103*51.5**HM*0006691032*11~
NM1*QC*1*KENEMER*LAUREN*T***MI*0003845948001~
NM1*82*1*LEWIS*CHANTAL****XX*1821439985~
REF*1L*FFMEXCHANGE~
AMT*AU*51.5~
SVC*HC>84443>90*50*25**1~
DTM*472*20220103~
CAS*CO*45*25~
REF*6R*13275571P8518B83875~
AMT*B6*25~
SVC*HC>84439>90*39*19.5**1~
DTM*472*20220103~
CAS*CO*45*19.5~
REF*6R*13275572P8518B83875~
AMT*B6*19.5~
SVC*HC>36415*14*7**1~
DTM*472*20220103~
CAS*CO*45*7~
REF*6R*13275573P8518B83875~
AMT*B6*7~
LX*35~
CLP*1106781V8518*1*133*66.5**HM*0006691035*11~
NM1*QC*1*LOVELACE*JULIE*E***MI*0003917299001~
NM1*82*1*LEWIS*CHANTAL****XX*1821439985~
REF*1L*FFMEXCHANGE~
AMT*AU*66.5~
SVC*HC>83036>90*30*15**1~
DTM*472*20220103~
CAS*CO*45*15~
REF*6R*13275575P8518B83875~
AMT*B6*15~
SVC*HC>84439>90*39*19.5**1~
DTM*472*20220103~
CAS*CO*45*19.5~
REF*6R*13275576P8518B83875~
AMT*B6*19.5~
SVC*HC>84443>90*50*25**1~
DTM*472*20220103~
CAS*CO*45*25~
REF*6R*13275577P8518B83875~
AMT*B6*25~
SVC*HC>36415*14*7**1~
DTM*472*20220103~
CAS*CO*45*7~
REF*6R*13275578P8518B83875~
AMT*B6*7~
LX*36~
CLP*250073929*1*229*64.5*50*HM*0006691038*11~
NM1*QC*1*TAVARES*PHILIP****MI*AM1057631001~
NM1*82*1*SINGH*KANWARDEEP****XX*1912428095~
REF*1L*A05070001~
AMT*AU*64.5~
SVC*HC>99214>GC*215*57.5**1~
DTM*472*20220103~
CAS*PR*3*50~
CAS*CO*45*107.5~
REF*6R*250073929-1~
AMT*B6*107.5~
SVC*HC>36415>GC*14*7**1~
DTM*472*20220103~
CAS*CO*45*7~
REF*6R*250073929-2~
AMT*B6*7~
LX*37~
CLP*100258144*1*6975*2681.76*225*HM*0006692959*13~
NM1*QC*1*KING*TABITHA*R***MI*0004659770001~
REF*1L*FFMEXCHANGE~
AMT*AU*2681.76~
SVC*NU>0271*16*0**0**2~
DTM*472*20220101~
CAS*PR*3*8~
CAS*CO*45*8~
REF*6R*100258144-1~
AMT*B6*8~
SVC*HC>U0003*175*87.5*0300*1~
DTM*472*20220101~
CAS*CO*45*87.5~
REF*6R*100258144-2~
AMT*B6*87.5~
SVC*HC>C9803*235*117.5*0300*1~
DTM*472*20220101~
CAS*CO*45*117.5~
REF*6R*100258144-3~
AMT*B6*117.5~
SVC*HC>87631*470*213.95*0300*1~
DTM*472*20220101~
CAS*CO*45*256.05~
REF*6R*100258144-4~
AMT*B6*213.95~
SVC*HC>85025*233*11.66*0300*1~
DTM*472*20220101~
CAS*CO*45*221.34~
REF*6R*100258144-5~
AMT*B6*11.66~
SVC*HC>84484*367*18.71*0300*1~
DTM*472*20220101~
CAS*CO*45*348.29~
REF*6R*100258144-6~
AMT*B6*18.71~
SVC*HC>83690*50*10.34*0300*1~
DTM*472*20220101~
CAS*CO*45*39.66~
REF*6R*100258144-7~
AMT*B6*10.34~
SVC*HC>81001*150*4.76*0300*1~
DTM*472*20220101~
CAS*CO*45*145.24~
REF*6R*100258144-8~
AMT*B6*4.76~
SVC*HC>80053*442*15.84*0300*1~
DTM*472*20220101~
CAS*CO*45*426.16~
REF*6R*100258144-9~
AMT*B6*15.84~
SVC*HC>36415*30*15*0300*1~
DTM*472*20220101~
CAS*CO*45*15~
REF*6R*100258144-10~
AMT*B6*15~
SVC*HC>99285>25*2674*1120*0450*1~
DTM*472*20220101~
CAS*PR*3*217~
CAS*CO*45*1337~
REF*6R*100258144-11~
AMT*B6*1337~
SVC*HC>93005*477*238.5*0730*1~
DTM*472*20220101~
CAS*CO*45*238.5~
REF*6R*100258144-12~
AMT*B6*238.5~
SVC*HC>93970*1656*828*0921*1~
DTM*472*20220101~
CAS*CO*45*828~
REF*6R*100258144-13~
AMT*B6*828~
LX*38~
CLP*100258122*1*7546.52*301.38*1774.1*HM*0006692960*13~
NM1*QC*1*HAYES*JOSHELYN*A***MI*AS1004486001~
REF*1L*A00000014~
AMT*AU*301.38~
SVC*NU>0250*92.52*0**0**1~
DTM*472*20220101~
CAS*PR*1*46.26~
CAS*CO*45*46.26~
REF*6R*100258122-1~
AMT*B6*46.26~
SVC*HC>96365*561*0*0260*0**1~
DTM*472*20220101~
CAS*PR*1*280.5~
CAS*CO*45*280.5~
REF*6R*100258122-2~
AMT*B6*280.5~
SVC*HC>96372>59*383*0*0260*0**1~
DTM*472*20220101~
CAS*PR*1*191.5~
CAS*CO*45*191.5~
REF*6R*100258122-3~
AMT*B6*191.5~
SVC*HC>96375*818*0*0260*0**2~
DTM*472*20220101~
CAS*PR*1*409~
CAS*CO*45*409~
REF*6R*100258122-4~
AMT*B6*409~
SVC*NU>0271*46*0**0**6~
DTM*472*20220101~
CAS*PR*1*23~
CAS*CO*45*23~
REF*6R*100258122-5~
AMT*B6*23~
SVC*NU>0272*6*0**0**1~
DTM*472*20220101~
CAS*PR*1*3~
CAS*CO*45*3~
REF*6R*100258122-6~
AMT*B6*3~
SVC*HC>80053*442*0*0300*0**1~
DTM*472*20220101~
CAS*PR*1*15.84~
CAS*CO*45*426.16~
REF*6R*100258122-7~
AMT*B6*15.84~
SVC*HC>81001*150*0*0300*0**1~
DTM*472*20220101~
CAS*PR*1*4.76~
CAS*CO*45*145.24~
REF*6R*100258122-8~
AMT*B6*4.76~
SVC*HC>81025*183*0*0300*0**1~
DTM*472*20220101~
CAS*PR*1*12.92~
CAS*CO*45*170.08~
REF*6R*100258122-9~
AMT*B6*12.92~
SVC*HC>83690*50*0*0300*0**1~
DTM*472*20220101~
CAS*PR*1*10.34~
CAS*CO*45*39.66~
REF*6R*100258122-10~
AMT*B6*10.34~
SVC*HC>84702*468*0*0300*0**1~
DTM*472*20220101~
CAS*PR*1*22.58~
CAS*CO*45*445.42~
REF*6R*100258122-11~
AMT*B6*22.58~
SVC*HC>85025*233*0*0300*0**1~
DTM*472*20220101~
CAS*PR*1*11.66~
CAS*CO*45*221.34~
REF*6R*100258122-12~
AMT*B6*11.66~
SVC*HC>87507*1218*0*0300*0**1~
DTM*472*20220101~
CAS*PR*1*625.17~
CAS*CO*45*592.83~
REF*6R*100258122-13~
AMT*B6*625.17~
SVC*HC>87631*470*96.38*0300*1~
DTM*472*20220101~
CAS*PR*1*93.47**2*24.1~
CAS*CO*45*256.05~
REF*6R*100258122-14~
AMT*B6*213.95~
LQ*HE*N548~
SVC*HC>C9803*235*117.5*0300*1~
DTM*472*20220101~
CAS*CO*45*117.5~
REF*6R*100258122-15~
AMT*B6*117.5~
SVC*HC>U0003*175*87.5*0300*1~
DTM*472*20220101~
CAS*CO*45*87.5~
REF*6R*100258122-16~
AMT*B6*87.5~
SVC*HC>99284*2016*0*0450*0**1~
DTM*472*20220101~
CAS*CO*A1*2016~
REF*6R*100258122-17~
AMT*B6*1008~
LQ*HE*M78~
LX*39~
CLP*100257846*1*30133.73*489.01*2243.43*HM*0006692964*13~
NM1*QC*1*MOORE*GARY*A***MI*AM0016443001~
REF*1L*A27570001~
AMT*AU*489.01~
SVC*NU>0250*313.73*0**0**1~
DTM*472*20211228~
CAS*CO*45*313.73~
REF*6R*100257846-1~
SVC*NU>0271*140*0**0**5~
DTM*472*20211228~
CAS*CO*45*140~
REF*6R*100257846-2~
SVC*NU>0271*5*0**0**1~
DTM*472*20211229~
CAS*CO*45*5~
REF*6R*100257846-3~
SVC*NU>0272*6*0**0**1~
DTM*472*20211228~
CAS*CO*45*6~
REF*6R*100257846-4~
SVC*HC>36415*30*0*0300*0**1~
DTM*472*20211228~
CAS*CO*45*30~
REF*6R*100257846-5~
SVC*HC>80053*442*0*0300*0**1~
DTM*472*20211228~
CAS*CO*45*442~
REF*6R*100257846-6~
SVC*HC>80307*172*0*0300*0**1~
DTM*472*20211228~
CAS*CO*45*172~
REF*6R*100257846-7~
SVC*HC>81001>59*150*0*0300*0**1~
DTM*472*20211228~
CAS*CO*45*150~
REF*6R*100257846-8~
SVC*HC>82693*534*0*0300*0**1~
DTM*472*20211228~
CAS*CO*45*534~
REF*6R*100257846-9~
SVC*HC>82962*207*0*0300*0**3~
DTM*472*20211228~
CAS*CO*45*207~
REF*6R*100257846-10~
SVC*HC>83036*94*0*0300*0**1~
DTM*472*20211228~
CAS*CO*45*94~
REF*6R*100257846-11~
SVC*HC>84484*367*0*0300*0**1~
DTM*472*20211228~
CAS*CO*45*367~
REF*6R*100257846-12~
SVC*HC>85025*233*0*0300*0**1~
DTM*472*20211228~
CAS*CO*45*233~
REF*6R*100257846-13~
SVC*HC>85610*208*0*0300*0**1~
DTM*472*20211228~
CAS*CO*45*208~
REF*6R*100257846-14~
SVC*HC>85730*245*0*0300*0**1~
DTM*472*20211228~
CAS*CO*45*245~
REF*6R*100257846-15~
SVC*HC>87631*470*0*0300*0**1~
DTM*472*20211228~
CAS*CO*45*470~
REF*6R*100257846-16~
SVC*HC>C9803*235*0*0300*0**1~
DTM*472*20211228~
CAS*CO*45*235~
REF*6R*100257846-17~
SVC*HC>U0003*175*0*0300*0**1~
DTM*472*20211228~
CAS*CO*45*175~
REF*6R*100257846-18~
SVC*HC>36415*30*0*0300*0**1~
DTM*472*20211229~
CAS*CO*45*30~
REF*6R*100257846-19~
SVC*HC>82140*355*0*0300*0**1~
DTM*472*20211229~
CAS*CO*45*355~
REF*6R*100257846-20~
SVC*HC>82607*56*0*0300*0**1~
DTM*472*20211229~
CAS*CO*45*56~
REF*6R*100257846-21~
SVC*HC>82746*50*0*0300*0**1~
DTM*472*20211229~
CAS*CO*45*50~
REF*6R*100257846-22~
SVC*HC>82962*276*0*0300*0**4~
DTM*472*20211229~
CAS*CO*45*276~
REF*6R*100257846-23~
SVC*HC>36415*30*0*0300*0**1~
DTM*472*20211230~
CAS*CO*45*30~
REF*6R*100257846-24~
SVC*HC>80061*292*0*0300*0**1~
DTM*472*20211230~
CAS*CO*45*292~
REF*6R*100257846-25~
SVC*HC>82962*138*0*0300*0**2~
DTM*472*20211230~
CAS*CO*45*138~
REF*6R*100257846-26~
SVC*HC>84439*55*0*0300*0**1~
DTM*472*20211230~
CAS*CO*45*55~
REF*6R*100257846-27~
SVC*HC>84443*277*0*0300*0**1~
DTM*472*20211230~
CAS*CO*45*277~
REF*6R*100257846-28~
SVC*HC>71045*396*0*0320*0**1~
DTM*472*20211228~
CAS*CO*45*396~
REF*6R*100257846-29~
SVC*HC>70450*2284*0*0351*0**1~
DTM*472*20211228~
CAS*CO*45*2284~
REF*6R*100257846-30~
SVC*HC>99285>25*2674*0*0450*0**1~
DTM*472*20211228~
CAS*CO*45*2674~
REF*6R*100257846-31~
SVC*HC>93306*3121*0*0483*0**1~
DTM*472*20211229~
CAS*CO*45*3121~
REF*6R*100257846-32~
SVC*HC>70551*3252*0*0611*0**1~
DTM*472*20211228~
CAS*CO*45*3252~
REF*6R*100257846-33~
SVC*HC>70552*4041*0*0611*0**1~
DTM*472*20211229~
CAS*CO*45*4041~
REF*6R*100257846-34~
SVC*HC>70544>59*2445*0*0615*0**1~
DTM*472*20211229~
CAS*CO*45*2445~
REF*6R*100257846-35~
SVC*HC>70547*2031*0*0615*0**1~
DTM*472*20211229~
CAS*CO*45*2031~
REF*6R*100257846-36~
SVC*HC>93005*477*0*0730*0**1~
DTM*472*20211228~
CAS*CO*45*477~
REF*6R*100257846-37~
SVC*HC>G0378*890*489.01*0762*10~
DTM*472*20211228~
CAS*PR*1*2033.86**2*209.57~
CAS*CO*45*-1842.44~
REF*6R*100257846-41~
AMT*B6*2732.44~
LQ*HE*N548~
SVC*HC>G0378*2047*0*0762*0**23~
DTM*472*20211229~
CAS*CO*45*2047~
REF*6R*100257846-42~
SVC*HC>G0378*890*0*0762*0**10~
DTM*472*20211230~
CAS*CO*45*890~
REF*6R*100257846-43~
LX*40~
CLP*100257126*4*9076.45*0**HM*0006695104*13~
NM1*QC*1*WELLS*TAMMY****MI*0000122804001~
REF*1L*FFMEXCHANGE~
SVC*NU>0250*215.45*0**0**1~
DTM*472*20211130~
CAS*CO*18*215.45~
REF*6R*100257126-1~
LQ*HE*N522~
SVC*NU>0271*46*0**0**6~
DTM*472*20211130~
CAS*CO*18*46~
REF*6R*100257126-2~
LQ*HE*N522~
SVC*NU>0272*94*0**0**6~
DTM*472*20211130~
CAS*CO*18*94~
REF*6R*100257126-3~
LQ*HE*N522~
SVC*HC>C1769*313*0*0272*0**1~
DTM*472*20211130~
CAS*CO*18*313~
REF*6R*100257126-4~
LQ*HE*N522~
SVC*HC>88305*1198*0*0310*0**2~
DTM*472*20211130~
CAS*CO*18*1198~
REF*6R*100257126-5~
LQ*HE*N522~
SVC*HC>43239>59*2950*0*0360*0**1~
DTM*472*20211130~
CAS*CO*18*2950~
REF*6R*100257126-6~
AMT*B6*1825.95~
LQ*HE*N522~
SVC*HC>43248*2950*0*0360*0**1~
DTM*472*20211130~
CAS*CO*18*2950~
REF*6R*100257126-7~
AMT*B6*912.98~
LQ*HE*N522~
SVC*NU>0370*1310*0**0**1~
DTM*472*20211130~
CAS*CO*18*1310~
REF*6R*100257126-8~
LQ*HE*N522~
LX*41~
CLP*100257842*4*14945.45*0**HM*0006695290*13~
NM1*QC*1*MORGAN*NANCY****MI*0000130913001~
REF*1L*FFMEXCHANGE~
SVC*NU>0250*215.45*0**0**1~
DTM*472*20211130~
CAS*CO*18*215.45~
REF*6R*100257842-1~
LQ*HE*N522~
SVC*NU>0271*35*0**0**4~
DTM*472*20211130~
CAS*CO*18*35~
REF*6R*100257842-2~
LQ*HE*N522~
SVC*NU>0272*809*0**0**6~
DTM*472*20211130~
CAS*CO*18*809~
REF*6R*100257842-3~
LQ*HE*N522~
SVC*HC>C1726*630*0*0278*0**1~
DTM*472*20211130~
CAS*CO*18*630~
REF*6R*100257842-4~
AMT*B6*277.2~
LQ*HE*N522~
SVC*HC>88305*2995*0*0310*0**5~
DTM*472*20211130~
CAS*CO*18*2995~
REF*6R*100257842-5~
LQ*HE*N522~
SVC*HC>43239>59*2950*0*0360*0**1~
DTM*472*20211130~
CAS*CO*18*2950~
REF*6R*100257842-6~
AMT*B6*1825.95~
LQ*HE*N522~
SVC*HC>43249*2950*0*0360*0**1~
DTM*472*20211130~
CAS*CO*18*2950~
REF*6R*100257842-7~
AMT*B6*912.98~
LQ*HE*N522~
SVC*NU>0370*1310*0**0**1~
DTM*472*20211130~
CAS*CO*18*1310~
REF*6R*100257842-8~
LQ*HE*N522~
SVC*HC>91035*3051*0*0750*0**1~
DTM*472*20211130~
CAS*CO*18*3051~
REF*6R*100257842-9~
LQ*HE*N522~
LX*42~
CLP*100258102*4*9353.01*0**HM*0006695291*13~
NM1*QC*1*YORK*SHARON*D***MI*0003669761001~
REF*1L*FFMEXCHANGE~
SVC*NU>0250*240.01*0**0**1~
DTM*472*20211130~
CAS*CO*18*240.01~
REF*6R*100258102-1~
LQ*HE*N522~
SVC*NU>0271*35*0**0**4~
DTM*472*20211130~
CAS*CO*18*35~
REF*6R*100258102-2~
LQ*HE*N522~
SVC*NU>0272*107*0**0**5~
DTM*472*20211130~
CAS*CO*18*107~
REF*6R*100258102-3~
LQ*HE*N522~
SVC*HC>88305*1198*0*0310*0**2~
DTM*472*20211130~
CAS*CO*18*1198~
REF*6R*100258102-4~
LQ*HE*N522~
SVC*HC>45385>33*6383*0*0360*0**1~
DTM*472*20211130~
CAS*CO*18*6383~
REF*6R*100258102-5~
AMT*B6*1825.95~
LQ*HE*N522~
SVC*NU>0370*1390*0**0**2~
DTM*472*20211130~
CAS*CO*18*1390~
REF*6R*100258102-6~
LQ*HE*N522~
LX*43~
CLP*100258640*1*2693.4*805.32*236.17*HM*0006695298*13~
NM1*QC*1*HIBBS*KRISTI****MI*0004159441001~
REF*1L*FFMEXCHANGE~
AMT*AU*805.32~
SVC*NU>0250*7.4*0**0**1~
DTM*472*20220102~
CAS*PR*1*3.7~
CAS*CO*45*3.7~
REF*6R*100258640-1~
AMT*B6*3.7~
SVC*HC>81001*150*4.76*0300*1~
DTM*472*20220102~
CAS*CO*45*145.24~
REF*6R*100258640-2~
AMT*B6*4.76~
SVC*HC>81025*183*12.92*0300*1~
DTM*472*20220102~
CAS*CO*45*170.08~
REF*6R*100258640-3~
AMT*B6*12.92~
SVC*HC>87086*337*12.11*0306*1~
DTM*472*20220102~
CAS*CO*45*324.89~
REF*6R*100258640-4~
AMT*B6*12.11~
SVC*HC>99284*2016*775.53*0450*1~
DTM*472*20220102~
CAS*PR*1*146.3**2*86.17~
CAS*CO*45*1008~
REF*6R*100258640-5~
AMT*B6*1008~
LQ*HE*N548~
LX*44~
CLP*100258343*1*1787*102.64**HM*0006695301*14~
NM1*QC*1*SHEIKH*MUHAMMAD*M***MI*0002087421001~
REF*1L*FFMEXCHANGE~
AMT*AU*102.64~
SVC*HC>85025*233*0*0300*0**1~
DTM*472*20220105~
CAS*CO*A1*233~
REF*6R*100258343-1~
AMT*B6*11.66~
LQ*HE*M15~
SVC*HC>84443*277*0*0300*0**1~
DTM*472*20220105~
CAS*CO*A1*277~
REF*6R*100258343-2~
AMT*B6*25.2~
LQ*HE*M15~
SVC*HC>84439*55*13.53*0300*1~
DTM*472*20220105~
CAS*CO*45*41.47~
REF*6R*100258343-3~
AMT*B6*13.53~
SVC*HC>83735*235*10.05*0300*1~
DTM*472*20220105~
CAS*CO*45*224.95~
REF*6R*100258343-4~
AMT*B6*10.05~
SVC*HC>83036*94*14.57*0300*1~
DTM*472*20220105~
CAS*CO*45*79.43~
REF*6R*100258343-5~
AMT*B6*14.57~
SVC*HC>82306*159*44.4*0300*1~
DTM*472*20220105~
CAS*CO*45*114.6~
REF*6R*100258343-6~
AMT*B6*44.4~
SVC*HC>80061*292*20.09*0300*1~
DTM*472*20220105~
CAS*CO*45*271.91~
REF*6R*100258343-7~
AMT*B6*20.09~
SVC*HC>80053*442*0*0300*0**1~
DTM*472*20220105~
CAS*CO*A1*442~
REF*6R*100258343-8~
AMT*B6*15.84~
LQ*HE*M15~
LX*45~
CLP*100259690*1*833.55*0*625.16*HM*0006697558*13~
NM1*QC*1*PEEPLES*CYNTHIA****MI*AM0012776001~
REF*1L*A19930043~
SVC*NU>0250*19.55*0**0**1~
DTM*472*20220104~
CAS*PR*1*14.66~
CAS*CO*45*4.89~
REF*6R*100259690-1~
AMT*B6*14.66~
SVC*HC>96360*814*0*0260*0**1~
DTM*472*20220104~
CAS*PR*1*610.5~
CAS*CO*45*203.5~
REF*6R*100259690-2~
AMT*B6*610.5~
LX*46~
CLP*100259853*1*1427*78.66**HM*0006697562*13~
NM1*QC*1*CARROLL*BRENDA****MI*0001742695001~
REF*1L*FFMEXCHANGE~
AMT*AU*78.66~
SVC*HC>86140*314*7.77*0300*1~
DTM*472*20220104~
CAS*CO*45*306.23~
REF*6R*100259853-1~
AMT*B6*7.77~
SVC*HC>85652*172*4.05*0300*1~
DTM*472*20220104~
CAS*CO*45*167.95~
REF*6R*100259853-2~
AMT*B6*4.05~
SVC*HC>85025*233*11.66*0300*1~
DTM*472*20220104~
CAS*CO*45*221.34~
REF*6R*100259853-3~
AMT*B6*11.66~
SVC*HC>82550*189*9.77*0300*1~
DTM*472*20220104~
CAS*CO*45*179.23~
REF*6R*100259853-4~
AMT*B6*9.77~
SVC*HC>82085*47*14.57*0300*1~
DTM*472*20220104~
CAS*CO*45*32.43~
REF*6R*100259853-5~
AMT*B6*14.57~
SVC*HC>80053*442*15.84*0300*1~
DTM*472*20220104~
CAS*CO*45*426.16~
REF*6R*100259853-6~
AMT*B6*15.84~
SVC*HC>36415*30*15*0300*1~
DTM*472*20220104~
CAS*CO*45*15~
REF*6R*100259853-7~
AMT*B6*15~
LX*47~
CLP*100259883*1*2174*205*860.95*HM*0006697563*13~
NM1*QC*1*BOWMAN*AMANDA****MI*AS1004535001~
REF*1L*A00000014~
AMT*AU*205~
SVC*HC>U0003*175*87.5*0300*1~
DTM*472*20220104~
CAS*CO*45*87.5~
REF*6R*100259883-1~
AMT*B6*87.5~
SVC*HC>C9803*235*117.5*0300*1~
DTM*472*20220104~
CAS*CO*45*117.5~
REF*6R*100259883-2~
AMT*B6*117.5~
SVC*HC>87631*470*0*0300*0**1~
DTM*472*20220104~
CAS*PR*1*213.95~
CAS*CO*45*256.05~
REF*6R*100259883-3~
AMT*B6*213.95~
SVC*HC>99283*1294*0*0450*0**1~
DTM*472*20220104~
CAS*PR*1*647~
CAS*CO*45*647~
REF*6R*100259883-4~
AMT*B6*647~
LX*48~
CLP*100259851*1*3708*355.57*30*HM*0006697564*13~
NM1*QC*1*TURNER*JAMES M****MI*AS1004614004~
NM1*IL*1*TURNER*JAMES E****MI*AS1004614001~
REF*1L*A00000014~
AMT*AU*355.57~
SVC*HC>87449*688*17.97*0300*1~
DTM*472*20220104~
CAS*CO*45*670.03~
REF*6R*100259851-1~
AMT*B6*17.97~
SVC*HC>87389*78*36.12*0300*1~
DTM*472*20220104~
CAS*CO*45*41.88~
REF*6R*100259851-2~
AMT*B6*36.12~
SVC*HC>86480*155*92.97*0300*1~
DTM*472*20220104~
CAS*CO*45*62.03~
REF*6R*100259851-3~
AMT*B6*92.97~
SVC*HC>86140*314*7.77*0300*1~
DTM*472*20220104~
CAS*CO*45*306.23~
REF*6R*100259851-4~
AMT*B6*7.77~
SVC*HC>85652*172*4.05*0300*1~
DTM*472*20220104~
CAS*CO*45*167.95~
REF*6R*100259851-5~
AMT*B6*4.05~
SVC*HC>85027*204*0*0300*0**1~
DTM*472*20220104~
CAS*CO*A1*204~
REF*6R*100259851-6~
AMT*B6*9.71~
LQ*HE*M15~
SVC*HC>85007*221*0*0300*0**1~
DTM*472*20220104~
CAS*CO*A1*221~
REF*6R*100259851-7~
AMT*B6*5.7~
LQ*HE*M15~
SVC*HC>84630*50*17.09*0300*1~
DTM*472*20220104~
CAS*CO*45*32.91~
REF*6R*100259851-8~
AMT*B6*17.09~
SVC*HC>84443*277*0*0300*0**1~
DTM*472*20220104~
CAS*CO*A1*277~
REF*6R*100259851-9~
AMT*B6*25.2~
LQ*HE*M15~
SVC*HC>84439*55*13.53*0300*1~
DTM*472*20220104~
CAS*CO*45*41.47~
REF*6R*100259851-10~
AMT*B6*13.53~
SVC*HC>83735*235*10.05*0300*1~
DTM*472*20220104~
CAS*CO*45*224.95~
REF*6R*100259851-11~
AMT*B6*10.05~
SVC*HC>83615*212*9.06*0300*1~
DTM*472*20220104~
CAS*CO*45*202.94~
REF*6R*100259851-12~
AMT*B6*9.06~
SVC*HC>82785*65*24.69*0300*1~
DTM*472*20220104~
CAS*CO*45*40.31~
REF*6R*100259851-13~
AMT*B6*24.69~
SVC*HC>82306*159*44.4*0300*1~
DTM*472*20220104~
CAS*CO*45*114.6~
REF*6R*100259851-14~
AMT*B6*44.4~
SVC*HC>80053*442*0*0300*0**1~
DTM*472*20220104~
CAS*CO*A1*442~
REF*6R*100259851-15~
AMT*B6*15.84~
LQ*HE*M15~
SVC*HC>36415*30*15*0300*1~
DTM*472*20220104~
CAS*CO*45*15~
REF*6R*100259851-16~
AMT*B6*15~
SVC*HC>86698*96*62.06*0306*3~
DTM*472*20220104~
CAS*CO*45*33.94~
REF*6R*100259851-17~
AMT*B6*62.06~
SVC*HC>71046*255*.81*0320*1~
DTM*472*20220104~
CAS*PR*3*30~
CAS*CO*45*224.19~
REF*6R*100259851-18~
AMT*B6*30.81~
LX*49~
CLP*100259878*1*988*94.82**HM*0006697565*13~
NM1*QC*1*BATTLES*SHEENA*D***MI*AS1004764001~
REF*1L*A00000014~
AMT*AU*94.82~
SVC*HC>85027*186*9.71*0300*1~
DTM*472*20220104~
CAS*CO*45*176.29~
REF*6R*100259878-1~
AMT*B6*9.71~
SVC*HC>84443*277*25.2*0300*1~
DTM*472*20220104~
CAS*CO*45*251.8~
REF*6R*100259878-2~
AMT*B6*25.2~
SVC*HC>84146*53*29.07*0300*1~
DTM*472*20220104~
CAS*CO*45*23.93~
REF*6R*100259878-3~
AMT*B6*29.07~
SVC*HC>80053*442*15.84*0300*1~
DTM*472*20220104~
CAS*CO*45*426.16~
REF*6R*100259878-4~
AMT*B6*15.84~
SVC*HC>36415*30*15*0300*1~
DTM*472*20220104~
CAS*CO*45*15~
REF*6R*100259878-5~
AMT*B6*15~
LX*50~
CLP*100259791*1*1293*0*499.52*HM*0006697567*13~
NM1*QC*1*CLARK*SHARON*R***MI*AS1004894001~
REF*1L*A00000014~
SVC*HC>77065>LT*630*0*0401*0**1~
DTM*472*20220104~
CAS*PR*1*120.42~
CAS*CO*45*509.58~
REF*6R*100259791-1~
AMT*B6*120.42~
SVC*HC>77061*187*0*0401*0**1~
DTM*472*20220104~
CAS*PR*1*93.5~
CAS*CO*45*93.5~
REF*6R*100259791-2~
AMT*B6*93.5~
SVC*HC>76642>LT*476*0*0402*0**1~
DTM*472*20220104~
CAS*PR*1*285.6~
CAS*CO*45*190.4~
REF*6R*100259791-3~
AMT*B6*285.6~
LX*51~
CLP*100260040*1*937*160.85**HM*0006697574*13~
NM1*QC*1*GARCIA*ILDA****MI*0001938520001~
REF*1L*FFMEXCHANGE~
AMT*AU*160.85~
SVC*HC>77067*700*127.31*0403*1~
DTM*472*20220104~
CAS*CO*45*572.69~
REF*6R*100260040-1~
AMT*B6*127.31~
SVC*HC>77063*237*33.54*0403*1~
DTM*472*20220104~
CAS*CO*45*203.46~
REF*6R*100260040-2~
AMT*B6*33.54~
LX*52~
CLP*100260181*1*937*160.85**HM*0006697576*13~
NM1*QC*1*OVERBY*LISA****MI*0001651577001~
REF*1L*FFMEXCHANGE~
AMT*AU*160.85~
SVC*HC>77067*700*127.31*0403*1~
DTM*472*20220105~
CAS*CO*45*572.69~
REF*6R*100260181-1~
AMT*B6*127.31~
SVC*HC>77063*237*33.54*0403*1~
DTM*472*20220105~
CAS*CO*45*203.46~
REF*6R*100260181-2~
AMT*B6*33.54~
LX*53~
CLP*100260275*1*937*160.85**HM*0006697577*13~
NM1*QC*1*MAULDIN*MELISSA****MI*0002040060001~
REF*1L*FFMEXCHANGE~
AMT*AU*160.85~
SVC*HC>77067*700*127.31*0403*1~
DTM*472*20220105~
CAS*CO*45*572.69~
REF*6R*100260275-1~
AMT*B6*127.31~
SVC*HC>77063*237*33.54*0403*1~
DTM*472*20220105~
CAS*CO*45*203.46~
REF*6R*100260275-2~
AMT*B6*33.54~
LX*54~
CLP*100260154*1*8011*835.62*43.3*HM*0006697579*13~
NM1*QC*1*LUU*LAN****MI*0003780505001~
REF*1L*FFMEXCHANGE~
AMT*AU*835.62~
SVC*HC>86235*1385*134.48*0300*5~
DTM*472*20220105~
CAS*CO*45*1250.52~
REF*6R*100260154-1~
AMT*B6*134.48~
SVC*HC>86147*192*114.53*0300*3~
DTM*472*20220105~
CAS*CO*45*77.47~
REF*6R*100260154-2~
AMT*B6*114.53~
SVC*HC>85730*373*27.05*0300*3~
DTM*472*20220105~
CAS*CO*45*345.95~
REF*6R*100260154-3~
AMT*B6*27.05~
SVC*HC>85613*130*14.37*0300*1~
DTM*472*20220105~
CAS*CO*45*115.63~
REF*6R*100260154-4~
AMT*B6*14.37~
SVC*HC>85610*272*12.87*0300*2~
DTM*472*20220105~
CAS*CO*45*259.13~
REF*6R*100260154-5~
AMT*B6*12.87~
SVC*HC>85415*248*25.79*0300*1~
DTM*472*20220105~
CAS*CO*45*222.21~
REF*6R*100260154-6~
AMT*B6*25.79~
SVC*HC>85307*206*22.98*0300*1~
DTM*472*20220105~
CAS*CO*45*183.02~
REF*6R*100260154-7~
AMT*B6*22.98~
SVC*HC>85306*235*22.98*0300*1~
DTM*472*20220105~
CAS*CO*45*212.02~
REF*6R*100260154-8~
AMT*B6*22.98~
SVC*HC>85303*193*20.76*0300*1~
DTM*472*20220105~
CAS*CO*45*172.24~
REF*6R*100260154-9~
AMT*B6*20.76~
SVC*HC>85301*92*16.22*0300*1~
DTM*472*20220105~
CAS*CO*45*75.78~
REF*6R*100260154-10~
AMT*B6*16.22~
SVC*HC>85300*65*17.78*0300*1~
DTM*472*20220105~
CAS*CO*45*47.22~
REF*6R*100260154-11~
AMT*B6*17.78~
SVC*HC>84182*1662*262.89*0300*6~
DTM*472*20220105~
CAS*CO*45*1399.11~
REF*6R*100260154-12~
AMT*B6*262.89~
SVC*HC>83090*113*26.88*0300*1~
DTM*472*20220105~
CAS*CO*45*86.12~
REF*6R*100260154-13~
AMT*B6*26.88~
SVC*HC>36415*30*15*0300*1~
DTM*472*20220105~
CAS*CO*45*15~
REF*6R*100260154-14~
AMT*B6*15~
SVC*HC>81291*304*0*0310*0**1~
DTM*472*20220105~
CAS*CO*96*304~
REF*6R*100260154-15~
AMT*B6*98.01~
SVC*HC>81241*212*0*0310*0**1~
DTM*472*20220105~
CAS*CO*15*212~
REF*6R*100260154-16~
AMT*B6*110.06~
SVC*HC>81240*199*0*0310*0**1~
DTM*472*20220105~
CAS*CO*15*199~
REF*6R*100260154-17~
AMT*B6*98.54~
SVC*HC>73630>RT*517*24.46*0320*1~
DTM*472*20220105~
CAS*PR*2*10.48~
CAS*CO*45*482.06~
REF*6R*100260154-18~
AMT*B6*34.94~
SVC*HC>73630>LT*517*24.46*0320*1~
DTM*472*20220105~
CAS*PR*2*10.48~
CAS*CO*45*482.06~
REF*6R*100260154-19~
AMT*B6*34.94~
SVC*HC>73130>RT*533*26.06*0320*1~
DTM*472*20220105~
CAS*PR*2*11.17~
CAS*CO*45*495.77~
REF*6R*100260154-20~
AMT*B6*37.23~
SVC*HC>73130>LT*533*26.06*0320*1~
DTM*472*20220105~
CAS*PR*2*11.17~
CAS*CO*45*495.77~
REF*6R*100260154-21~
AMT*B6*37.23~
LX*55~
CLP*100260071*1*829*0*51.03*HM*0006697583*13~
NM1*QC*1*TAYLOR*DEVEN*C***MI*0004321680001~
REF*1L*FFMEXCHANGE~
SVC*HC>72110*829*0*0320*0**1~
DTM*472*20220104~
CAS*PR*1*51.03~
CAS*CO*45*777.97~
REF*6R*100260071-1~
AMT*B6*51.03~
LX*56~
CLP*100260316*1*833.55*0*416.78*HM*0006697584*13~
NM1*QC*1*BERGEMAN*JULIE*C***MI*0004537344001~
REF*1L*FFMEXCHANGE~
SVC*NU>0250*19.55*0**0**1~
DTM*472*20220105~
CAS*PR*1*9.78~
CAS*CO*45*9.77~
REF*6R*100260316-1~
AMT*B6*9.78~
SVC*HC>96360*814*0*0260*0**1~
DTM*472*20220105~
CAS*PR*1*407~
CAS*CO*45*407~
REF*6R*100260316-2~
AMT*B6*407~
LX*57~
CLP*100260369*1*944*53.73*349.2*HM*0006697586*13~
NM1*QC*1*GARCIA-CISNEROS*SANDRA****MI*0004780455002~
NM1*IL*1*MARTINEZ*FERNANDO****MI*0004780455001~
REF*1L*FFMEXCHANGE~
AMT*AU*53.73~
SVC*HC>84443*277*25.2*0300*1~
DTM*472*20220105~
CAS*CO*45*251.8~
REF*6R*100260369-1~
AMT*B6*25.2~
SVC*HC>84439*55*13.53*0300*1~
DTM*472*20220105~
CAS*CO*45*41.47~
REF*6R*100260369-2~
AMT*B6*13.53~
SVC*HC>36415*30*15*0300*1~
DTM*472*20220105~
CAS*CO*45*15~
REF*6R*100260369-3~
AMT*B6*15~
SVC*HC>76536*582*0*0402*0**1~
DTM*472*20220105~
CAS*PR*1*349.2~
CAS*CO*45*232.8~
REF*6R*100260369-4~
AMT*B6*349.2~
LX*58~
CLP*100260305*1*1293*469.52*30*HM*0006697587*13~
NM1*QC*1*YOUNG*BETTY*L***MI*0004942936001~
REF*1L*FFMEXCHANGE~
AMT*AU*469.52~
SVC*HC>77065>LT*630*90.42*0401*1~
DTM*472*20220105~
CAS*PR*3*30~
CAS*CO*45*509.58~
REF*6R*100260305-1~
AMT*B6*120.42~
SVC*HC>77061*187*93.5*0401*1~
DTM*472*20220105~
CAS*CO*45*93.5~
REF*6R*100260305-2~
AMT*B6*93.5~
SVC*HC>76642>LT*476*285.6*0402*1~
DTM*472*20220105~
CAS*CO*45*190.4~
REF*6R*100260305-3~
AMT*B6*285.6~
LX*59~
CLP*100260345*1*937*184.44**HM*0006697592*13~
NM1*QC*1*ESTES*NANCY****MI*AM1044694001~
REF*1L*2022-A22070001~
AMT*AU*184.44~
SVC*HC>77067*700*145.98*0403*1~
DTM*472*20220105~
CAS*CO*45*554.02~
REF*6R*100260345-1~
AMT*B6*145.98~
SVC*HC>77063*237*38.46*0403*1~
DTM*472*20220105~
CAS*CO*45*198.54~
REF*6R*100260345-2~
AMT*B6*38.46~
LX*60~
CLP*100260292*1*833.55*0*416.78*HM*0006697596*13~
NM1*QC*1*BOWMAN*AMANDA****MI*AS1004535001~
REF*1L*A00000014~
SVC*NU>0250*19.55*0**0**1~
DTM*472*20220105~
CAS*PR*1*9.78~
CAS*CO*45*9.77~
REF*6R*100260292-1~
AMT*B6*9.78~
SVC*HC>96360*814*0*0260*0**1~
DTM*472*20220105~
CAS*PR*1*407~
CAS*CO*45*407~
REF*6R*100260292-2~
AMT*B6*407~
LX*61~
CLP*100260173*1*1145*22.86*30*HM*0006697598*13~
NM1*QC*1*CAVENAUGH*JENIFER*E***MI*AS1005920001~
REF*1L*A00000014~
AMT*AU*22.86~
SVC*HC>72050*1145*22.86*0320*1~
DTM*472*20220105~
CAS*PR*3*30~
CAS*CO*45*1092.14~
REF*6R*100260173-1~
AMT*B6*52.86~
LX*62~
CLP*100259979*1*9478.47*1442.65*1239.85*HM*0006697601*13~
NM1*QC*1*BOLING*BOBBY****MI*0000782309001~
REF*1L*FFMEXCHANGE~
AMT*AU*1442.65~
SVC*NU>0250*643.47*0**0**1~
DTM*472*20220104~
CAS*PR*1*321.74~
CAS*CO*45*321.73~
REF*6R*100259979-1~
AMT*B6*321.74~
SVC*NU>0271*5*0**0**1~
DTM*472*20220104~
CAS*PR*1*2.5~
CAS*CO*45*2.5~
REF*6R*100259979-2~
AMT*B6*2.5~
SVC*NU>0272*33*0**0**1~
DTM*472*20220104~
CAS*PR*1*16.5~
CAS*CO*45*16.5~
REF*6R*100259979-3~
AMT*B6*16.5~
SVC*HC>36415*30*15*0300*1~
DTM*472*20220104~
CAS*CO*45*15~
REF*6R*100259979-4~
AMT*B6*15~
SVC*HC>80053*442*15.84*0300*1~
DTM*472*20220104~
CAS*CO*45*426.16~
REF*6R*100259979-5~
AMT*B6*15.84~
SVC*HC>85025*233*11.66*0300*1~
DTM*472*20220104~
CAS*CO*45*221.34~
REF*6R*100259979-6~
AMT*B6*11.66~
SVC*HC>85610*208*6.44*0300*1~
DTM*472*20220104~
CAS*CO*45*201.56~
REF*6R*100259979-7~
AMT*B6*6.44~
SVC*HC>85730*245*9.02*0300*1~
DTM*472*20220104~
CAS*CO*45*235.98~
REF*6R*100259979-8~
AMT*B6*9.02~
SVC*HC>87631*470*213.95*0300*1~
DTM*472*20220104~
CAS*CO*45*256.05~
REF*6R*100259979-9~
AMT*B6*213.95~
SVC*HC>C9803*235*117.5*0300*1~
DTM*472*20220104~
CAS*CO*45*117.5~
REF*6R*100259979-10~
AMT*B6*117.5~
SVC*HC>U0003*175*87.5*0300*1~
DTM*472*20220104~
CAS*CO*45*87.5~
REF*6R*100259979-11~
AMT*B6*87.5~
SVC*HC>82272*124*6.35*0306*1~
DTM*472*20220104~
CAS*CO*45*117.65~
REF*6R*100259979-12~
AMT*B6*6.35~
SVC*HC>74177*4619*152.99*0352*1~
DTM*472*20220104~
CAS*PR*1*659.26**2*38.25~
CAS*CO*45*3768.5~
REF*6R*100259979-13~
AMT*B6*850.5~
LQ*HE*N548~
SVC*HC>99284>25*2016*806.4*0450*1~
DTM*472*20220104~
CAS*PR*2*201.6~
CAS*CO*45*1008~
REF*6R*100259979-14~
AMT*B6*1008~
LQ*HE*N548~
LX*63~
CLP*100260010*1*1293*0*499.52*HM*0006697602*13~
NM1*QC*1*WILLIAMS*TERESA*J***MI*0004734056001~
REF*1L*FFMEXCHANGE~
SVC*HC>77065>RT*630*0*0401*0**1~
DTM*472*20220104~
CAS*PR*1*120.42~
CAS*CO*45*509.58~
REF*6R*100260010-1~
AMT*B6*120.42~
SVC*HC>77061*187*0*0401*0**1~
DTM*472*20220104~
CAS*PR*1*93.5~
CAS*CO*45*93.5~
REF*6R*100260010-2~
AMT*B6*93.5~
SVC*HC>76642>RT*476*0*0402*0**1~
DTM*472*20220104~
CAS*PR*1*285.6~
CAS*CO*45*190.4~
REF*6R*100260010-3~
AMT*B6*285.6~
LX*64~
CLP*100258921*1*1545*699.3*227.7*HM*0006697613*13~
NM1*QC*1*PATTON*DONALD*A***MI*0003837004001~
REF*1L*FFMEXCHANGE~
AMT*AU*699.3~
SVC*HC>76700*1545*699.3*0402*1~
DTM*472*20220103~
CAS*PR*1*150**2*77.7~
CAS*CO*45*618~
REF*6R*100258921-1~
AMT*B6*927~
LQ*HE*N548~
LX*65~
CLP*100259115*1*2700*471.59*669.53*HM*0006697616*13~
NM1*QC*1*BERGEMAN*JULIE*C***MI*0004537344001~
REF*1L*FFMEXCHANGE~
AMT*AU*471.59~
SVC*HC>U0003*175*87.5*0300*1~
DTM*472*20220103~
CAS*CO*45*87.5~
REF*6R*100259115-1~
AMT*B6*87.5~
SVC*HC>C9803*235*117.5*0300*1~
DTM*472*20220103~
CAS*CO*45*117.5~
REF*6R*100259115-2~
AMT*B6*117.5~
SVC*HC>87651*130*52.64*0300*1~
DTM*472*20220103~
CAS*CO*45*77.36~
REF*6R*100259115-3~
AMT*B6*52.64~
SVC*HC>87631*470*213.95*0300*1~
DTM*472*20220103~
CAS*CO*45*256.05~
REF*6R*100259115-4~
AMT*B6*213.95~
SVC*HC>71045*396*0*0320*0**1~
DTM*472*20220103~
CAS*PR*1*22.53~
CAS*CO*45*373.47~
REF*6R*100259115-5~
AMT*B6*22.53~
SVC*HC>99283*1294*0*0450*0**1~
DTM*472*20220103~
CAS*PR*1*647~
CAS*CO*45*647~
REF*6R*100259115-6~
AMT*B6*647~
LX*66~
CLP*100259245*1*2174*871.85*194.1*HM*0006697618*13~
NM1*QC*1*MONTGOMERY*GINGER*S***MI*0004913800001~
REF*1L*FFMEXCHANGE~
AMT*AU*871.85~
SVC*HC>U0003*175*87.5*0300*1~
DTM*472*20220103~
CAS*CO*45*87.5~
REF*6R*100259245-1~
AMT*B6*87.5~
SVC*HC>C9803*235*117.5*0300*1~
DTM*472*20220103~
CAS*CO*45*117.5~
REF*6R*100259245-2~
AMT*B6*117.5~
SVC*HC>87631*470*213.95*0300*1~
DTM*472*20220103~
CAS*CO*45*256.05~
REF*6R*100259245-3~
AMT*B6*213.95~
SVC*HC>99283*1294*452.9*0450*1~
DTM*472*20220103~
CAS*PR*2*194.1~
CAS*CO*45*647~
REF*6R*100259245-4~
AMT*B6*647~
LX*67~
CLP*100259523*4*5066.89*0*5066.89*HM*0006697621*13~
NM1*QC*1*CASTRO*DANIRA*T***MI*AM1044537001~
REF*1L*2022-A21500001~
SVC*NU>0250*120.89*0**0**1~
DTM*472*20220102~
CAS*PR*140*120.89~
REF*6R*100259523-1~
SVC*HC>96361*642*0*0260*0**3~
DTM*472*20220102~
CAS*PR*140*642~
REF*6R*100259523-2~
SVC*HC>96365*561*0*0260*0**1~
DTM*472*20220103~
CAS*PR*140*561~
REF*6R*100259523-3~
SVC*NU>0271*52*0**0**6~
DTM*472*20220102~
CAS*PR*140*52~
REF*6R*100259523-4~
SVC*NU>0271*28*0**0**3~
DTM*472*20220103~
CAS*PR*140*28~
REF*6R*100259523-5~
SVC*NU>0272*11*0**0**2~
DTM*472*20220102~
CAS*PR*140*11~
REF*6R*100259523-6~
SVC*HC>36415*30*0*0300*0**1~
DTM*472*20220102~
CAS*PR*140*30~
REF*6R*100259523-7~
SVC*HC>80053*442*0*0300*0**1~
DTM*472*20220102~
CAS*PR*140*442~
REF*6R*100259523-8~
SVC*HC>81001*150*0*0300*0**1~
DTM*472*20220102~
CAS*PR*140*150~
REF*6R*100259523-9~
SVC*HC>82962*69*0*0300*0**1~
DTM*472*20220102~
CAS*PR*140*69~
REF*6R*100259523-10~
SVC*HC>83735*235*0*0300*0**1~
DTM*472*20220102~
CAS*PR*140*235~
REF*6R*100259523-11~
SVC*HC>85025*233*0*0300*0**1~
DTM*472*20220102~
CAS*PR*140*233~
REF*6R*100259523-12~
SVC*HC>99284>25*2016*0*0450*0**1~
DTM*472*20220102~
CAS*PR*140*2016~
REF*6R*100259523-13~
SVC*HC>93005*477*0*0730*0**1~
DTM*472*20220102~
CAS*PR*140*477~
REF*6R*100259523-14~
LX*68~
CLP*100259006*4*768*0*768*HM*0006697624*13~
NM1*QC*1*EATON*SAMUEL****MI*AM1062505001~
REF*1L*A28250001~
SVC*HC>71046*255*0*0320*0**1~
DTM*472*20220103~
CAS*PR*22*255~
REF*6R*100259006-1~
AMT*B6*35.33~
SVC*HC>70210*513*0*0320*0**1~
DTM*472*20220103~
CAS*PR*22*513~
REF*6R*100259006-2~
AMT*B6*36.38~
LX*69~
CLP*100259407*1*937*160.85**HM*0006697625*13~
NM1*QC*1*DANIEL*ANNETTE*P***MI*AS0002772001~
REF*1L*A00000014~
AMT*AU*160.85~
SVC*HC>77067*700*127.31*0403*1~
DTM*472*20220103~
CAS*CO*45*572.69~
REF*6R*100259407-1~
AMT*B6*127.31~
SVC*HC>77063*237*33.54*0403*1~
DTM*472*20220103~
CAS*CO*45*203.46~
REF*6R*100259407-2~
AMT*B6*33.54~
LX*70~
CLP*100259236*1*6667.63*1825.95**HM*0006697627*13~
NM1*QC*1*KENDRICK*MARY*N***MI*AS1004721001~
REF*1L*A00000014~
AMT*AU*1825.95~
SVC*NU>0250*117.63*0**0**1~
DTM*472*20220103~
CAS*CO*45*117.63~
REF*6R*100259236-1~
SVC*NU>0271*35*0**0**4~
DTM*472*20220103~
CAS*CO*45*35~
REF*6R*100259236-2~
SVC*NU>0272*79*0**0**3~
DTM*472*20220103~
CAS*CO*45*79~
REF*6R*100259236-3~
SVC*HC>81025*183*0*0300*0**1~
DTM*472*20220103~
CAS*CO*45*183~
REF*6R*100259236-4~
SVC*HC>88305*1198*0*0310*0**2~
DTM*472*20220103~
CAS*CO*45*1198~
REF*6R*100259236-5~
SVC*HC>45380>33*5055*1825.95*0360*1~
DTM*472*20220103~
CAS*CO*45*3229.05~
REF*6R*100259236-6~
AMT*B6*1825.95~
LX*71~
CLP*100259073*1*1675*112.86**HM*0006697634*14~
NM1*QC*1*ROACH*SHIRLEY****MI*0004674576001~
REF*1L*FFMEXCHANGE~
AMT*AU*112.86~
SVC*HC>85027*186*9.71*0300*1~
DTM*472*20220106~
CAS*CO*45*176.29~
REF*6R*100259073-1~
AMT*B6*9.71~
SVC*HC>83550*293*13.11*0300*1~
DTM*472*20220106~
CAS*CO*45*279.89~
REF*6R*100259073-2~
AMT*B6*13.11~
SVC*HC>83540*303*9.71*0300*1~
DTM*472*20220106~
CAS*CO*45*293.29~
REF*6R*100259073-3~
AMT*B6*9.71~
SVC*HC>82306*159*44.4*0300*1~
DTM*472*20220106~
CAS*CO*45*114.6~
REF*6R*100259073-4~
AMT*B6*44.4~
SVC*HC>80061*292*20.09*0300*1~
DTM*472*20220106~
CAS*CO*45*271.91~
REF*6R*100259073-5~
AMT*B6*20.09~
SVC*HC>80053*442*15.84*0300*1~
DTM*472*20220106~
CAS*CO*45*426.16~
REF*6R*100259073-6~
AMT*B6*15.84~
LX*72~
CLP*100258933*1*1071*215.78**HM*0006697635*14~
NM1*QC*1*GOODMAN*JOHN****MI*0004812585001~
REF*1L*FFMEXCHANGE~
AMT*AU*215.78~
SVC*HC>G0103*366*183*0300*1~
DTM*472*20220106~
CAS*CO*45*183~
REF*6R*100258933-1~
AMT*B6*183~
SVC*HC>80061*292*20.09*0300*1~
DTM*472*20220106~
CAS*CO*45*271.91~
REF*6R*100258933-2~
AMT*B6*20.09~
SVC*HC>80048*413*12.69*0300*1~
DTM*472*20220106~
CAS*CO*45*400.31~
REF*6R*100258933-3~
AMT*B6*12.69~
LX*73~
CLP*100260127*1*12481.16*5264.6*225*HM*0006697639*13~
NM1*QC*1*LIVELY*CHRISTINA*L***MI*AS1005853001~
REF*1L*A00000014~
AMT*AU*5264.6~
SVC*NU>0250*13.16*0**0**1~
DTM*472*20220104~
CAS*PR*3*6.58~
CAS*CO*45*6.58~
REF*6R*100260127-1~
AMT*B6*6.58~
SVC*HC>96374*529*264.5*0260*1~
DTM*472*20220104~
CAS*CO*45*264.5~
REF*6R*100260127-2~
AMT*B6*264.5~
SVC*NU>0271*21*0**0**3~
DTM*472*20220104~
CAS*PR*3*10.5~
CAS*CO*45*10.5~
REF*6R*100260127-3~
AMT*B6*10.5~
SVC*HC>36415*30*15*0300*1~
DTM*472*20220104~
CAS*CO*45*15~
REF*6R*100260127-4~
AMT*B6*15~
SVC*HC>80053*442*15.84*0300*1~
DTM*472*20220104~
CAS*CO*45*426.16~
REF*6R*100260127-5~
AMT*B6*15.84~
SVC*HC>84484*367*18.71*0300*1~
DTM*472*20220104~
CAS*CO*45*348.29~
REF*6R*100260127-6~
AMT*B6*18.71~
SVC*HC>85025*233*11.66*0300*1~
DTM*472*20220104~
CAS*CO*45*221.34~
REF*6R*100260127-7~
AMT*B6*11.66~
SVC*HC>85610*208*6.44*0300*1~
DTM*472*20220104~
CAS*CO*45*201.56~
REF*6R*100260127-8~
AMT*B6*6.44~
SVC*HC>85652*172*4.05*0300*1~
DTM*472*20220104~
CAS*CO*45*167.95~
REF*6R*100260127-9~
AMT*B6*4.05~
SVC*HC>85730*245*9.02*0300*1~
DTM*472*20220104~
CAS*CO*45*235.98~
REF*6R*100260127-10~
AMT*B6*9.02~
SVC*HC>99284>25*2016*800.08*0450*1~
DTM*472*20220104~
CAS*PR*3*207.92~
CAS*CO*45*1008~
REF*6R*100260127-11~
AMT*B6*1008~
SVC*HC>70551*3252*1293.6*0611*1~
DTM*472*20220104~
CAS*CO*45*1958.4~
REF*6R*100260127-12~
AMT*B6*1293.6~
SVC*HC>70544>59*2445*1293.6*0615*1~
DTM*472*20220104~
CAS*CO*45*1151.4~
REF*6R*100260127-13~
AMT*B6*1293.6~
SVC*HC>70547*2031*1293.6*0615*1~
DTM*472*20220104~
CAS*CO*45*737.4~
REF*6R*100260127-14~
AMT*B6*1293.6~
SVC*HC>93005*477*238.5*0730*1~
DTM*472*20220104~
CAS*CO*45*238.5~
REF*6R*100260127-15~
AMT*B6*238.5~
LX*74~
CLP*100259332*1*6137.47*854.1*1614.16*HM*0006697642*13~
NM1*QC*1*HOLLIS*MICKIE*D***MI*0004067340001~
REF*1L*FFMEXCHANGE~
AMT*AU*854.1~
SVC*NU>0250*83.47*0**0**1~
DTM*472*20220103~
CAS*PR*1*41.74~
CAS*CO*45*41.73~
REF*6R*100259332-1~
AMT*B6*41.74~
SVC*HC>96361*214*0*0260*0**1~
DTM*472*20220103~
CAS*PR*1*107~
CAS*CO*45*107~
REF*6R*100259332-2~
AMT*B6*107~
SVC*HC>96374*529*0*0260*0**1~
DTM*472*20220103~
CAS*PR*1*264.5~
CAS*CO*45*264.5~
REF*6R*100259332-3~
AMT*B6*264.5~
SVC*NU>0271*94*0**0**8~
DTM*472*20220103~
CAS*PR*1*47~
CAS*CO*45*47~
REF*6R*100259332-4~
AMT*B6*47~
SVC*NU>0272*11*0**0**2~
DTM*472*20220103~
CAS*PR*1*5.5~
CAS*CO*45*5.5~
REF*6R*100259332-5~
AMT*B6*5.5~
SVC*HC>36415*30*15*0300*1~
DTM*472*20220103~
CAS*CO*45*15~
REF*6R*100259332-6~
AMT*B6*15~
SVC*HC>80053*442*15.84*0300*1~
DTM*472*20220103~
CAS*CO*45*426.16~
REF*6R*100259332-7~
AMT*B6*15.84~
SVC*HC>81001*150*4.76*0300*1~
DTM*472*20220103~
CAS*CO*45*145.24~
REF*6R*100259332-8~
AMT*B6*4.76~
SVC*HC>85025*233*11.66*0300*1~
DTM*472*20220103~
CAS*CO*45*221.34~
REF*6R*100259332-9~
AMT*B6*11.66~
SVC*HC>87631*470*213.95*0300*1~
DTM*472*20220103~
CAS*CO*45*256.05~
REF*6R*100259332-10~
AMT*B6*213.95~
SVC*HC>C9803*235*117.5*0300*1~
DTM*472*20220103~
CAS*CO*45*117.5~
REF*6R*100259332-11~
AMT*B6*117.5~
SVC*HC>U0003*175*87.5*0300*1~
DTM*472*20220103~
CAS*CO*45*87.5~
REF*6R*100259332-12~
AMT*B6*87.5~
SVC*HC>71046*460*0*0320*0**1~
DTM*472*20220103~
CAS*PR*1*30.81~
CAS*CO*45*429.19~
REF*6R*100259332-13~
AMT*B6*30.81~
SVC*HC>94640*518*0*0410*0**1~
DTM*472*20220103~
CAS*PR*1*259~
CAS*CO*45*259~
REF*6R*100259332-14~
AMT*B6*259~
SVC*HC>99284>25*2016*197.09*0450*1~
DTM*472*20220103~
CAS*PR*1*761.64**2*49.27~
CAS*CO*45*1008~
REF*6R*100259332-15~
AMT*B6*1008~
LQ*HE*N548~
SVC*HC>93005*477*190.8*0730*1~
DTM*472*20220103~
CAS*PR*2*47.7~
CAS*CO*45*238.5~
REF*6R*100259332-16~
AMT*B6*238.5~
LQ*HE*N548~
LX*75~
CLP*100259949*1*10073.69*2761.57*225*HM*0006697644*13~
NM1*QC*1*JACKSON*JULIA*W***MI*AS1004860001~
REF*1L*A00000014~
AMT*AU*2761.57~
SVC*NU>0250*697.69*123.85**1~
DTM*472*20220104~
CAS*PR*3*225~
CAS*CO*45*348.84~
REF*6R*100259949-1~
AMT*B6*348.85~
SVC*HC>96374>59*529*264.5*0260*1~
DTM*472*20220104~
CAS*CO*45*264.5~
REF*6R*100259949-2~
AMT*B6*264.5~
SVC*HC>96375*818*409*0260*2~
DTM*472*20220104~
CAS*CO*45*409~
REF*6R*100259949-3~
AMT*B6*409~
SVC*NU>0271*13*6.5**2~
DTM*472*20220103~
CAS*CO*45*6.5~
REF*6R*100259949-4~
AMT*B6*6.5~
SVC*NU>0271*23*11.5**4~
DTM*472*20220104~
CAS*CO*45*11.5~
REF*6R*100259949-5~
AMT*B6*11.5~
SVC*NU>0272*11*5.5**2~
DTM*472*20220103~
CAS*CO*45*5.5~
REF*6R*100259949-6~
AMT*B6*5.5~
SVC*NU>0272*39*19.5**2~
DTM*472*20220104~
CAS*CO*45*19.5~
REF*6R*100259949-7~
AMT*B6*19.5~
SVC*HC>36415*30*15*0300*1~
DTM*472*20220103~
CAS*CO*45*15~
REF*6R*100259949-8~
AMT*B6*15~
SVC*HC>80053*442*15.84*0300*1~
DTM*472*20220103~
CAS*CO*45*426.16~
REF*6R*100259949-9~
AMT*B6*15.84~
SVC*HC>81001*150*4.76*0300*1~
DTM*472*20220103~
CAS*CO*45*145.24~
REF*6R*100259949-10~
AMT*B6*4.76~
SVC*HC>85025*233*11.66*0300*1~
DTM*472*20220103~
CAS*CO*45*221.34~
REF*6R*100259949-11~
AMT*B6*11.66~
SVC*HC>85610*208*6.44*0300*1~
DTM*472*20220103~
CAS*CO*45*201.56~
REF*6R*100259949-12~
AMT*B6*6.44~
SVC*HC>85730*245*9.02*0300*1~
DTM*472*20220103~
CAS*CO*45*235.98~
REF*6R*100259949-13~
AMT*B6*9.02~
SVC*HC>74177*4619*850.5*0352*1~
DTM*472*20220104~
CAS*CO*45*3768.5~
REF*6R*100259949-14~
AMT*B6*850.5~
SVC*HC>99284>25*2016*1008*0450*1~
DTM*472*20220103~
CAS*CO*45*1008~
REF*6R*100259949-15~
AMT*B6*1008~
LX*76~
CLP*1109191V8518*1*1157*561.23**HM*0006698888*11~
NM1*QC*1*DOUHNE*PHILIP*K***MI*0005238461001~
NM1*82*1*PENAHERRERA OVIEDO*CARLOS****XX*1093268138~
REF*1L*FFMEXCHANGE~
AMT*AU*561.23~
SVC*HC>83001>90*51*28.98**1~
DTM*472*20220105~
CAS*CO*45*22.02~
REF*6R*13301571P8518B84040~
AMT*B6*28.98~
SVC*HC>84443>90*50*26.21**1~
DTM*472*20220105~
CAS*CO*45*23.79~
REF*6R*13301572P8518B84040~
AMT*B6*26.21~
SVC*HC>83498>90*99*42.39**1~
DTM*472*20220105~
CAS*CO*45*56.61~
REF*6R*13301573P8518B84040~
AMT*B6*42.39~
SVC*HC>82670>90*77*43.59**1~
DTM*472*20220105~
CAS*CO*45*33.41~
REF*6R*13301574P8518B84040~
AMT*B6*43.59~
SVC*HC>82533>90*59*25.43**1~
DTM*472*20220105~
CAS*CO*45*33.57~
REF*6R*13301575P8518B84040~
AMT*B6*25.43~
SVC*HC>82728>90*38*21.26**1~
DTM*472*20220105~
CAS*CO*45*16.74~
REF*6R*13301576P8518B84040~
AMT*B6*21.26~
SVC*HC>84439>90*39*14.07**1~
DTM*472*20220105~
CAS*CO*45*24.93~
REF*6R*13301577P8518B84040~
AMT*B6*14.07~
SVC*HC>84146>90*50*30.23**1~
DTM*472*20220105~
CAS*CO*45*19.77~
REF*6R*13301578P8518B84040~
AMT*B6*30.23~
SVC*HC>82024>90*140*60.25**1~
DTM*472*20220105~
CAS*CO*45*79.75~
REF*6R*13301579P8518B84040~
AMT*B6*60.25~
SVC*HC>82627>90*81*34.68**1~
DTM*472*20220105~
CAS*CO*45*46.32~
REF*6R*13301580P8518B84040~
AMT*B6*34.68~
SVC*HC>83002>90*67*28.89**1~
DTM*472*20220105~
CAS*CO*45*38.11~
REF*6R*13301581P8518B84040~
AMT*B6*28.89~
SVC*HC>83036>90*30*15.15**1~
DTM*472*20220105~
CAS*CO*45*14.85~
REF*6R*13301582P8518B84040~
AMT*B6*15.15~
SVC*HC>84403>90*76*40.26**1~
DTM*472*20220105~
CAS*CO*45*35.74~
REF*6R*13301583P8518B84040~
AMT*B6*40.26~
SVC*HC>84402>90*92*39.73**1~
DTM*472*20220105~
CAS*CO*45*52.27~
REF*6R*13301584P8518B84040~
AMT*B6*39.73~
SVC*HC>83540>90*18*10.09**1~
DTM*472*20220105~
CAS*CO*45*7.91~
REF*6R*13301585P8518B84040~
AMT*B6*10.09~
SVC*HC>83550>90*28*13.63**1~
DTM*472*20220105~
CAS*CO*45*14.37~
REF*6R*13301586P8518B84040~
AMT*B6*13.63~
SVC*HC>85027>90*17*10.09**1~
DTM*472*20220105~
CAS*CO*45*6.91~
REF*6R*13301587P8518B84040~
AMT*B6*10.09~
SVC*HC>80053>90*31*16.47**1~
DTM*472*20220105~
CAS*CO*45*14.53~
REF*6R*13301588P8518B84040~
AMT*B6*16.47~
SVC*HC>84305>90*60*33.17**1~
DTM*472*20220105~
CAS*CO*45*26.83~
REF*6R*13301589P8518B84040~
AMT*B6*33.17~
SVC*HC>84702>90*40*23.48**1~
DTM*472*20220105~
CAS*CO*45*16.52~
REF*6R*13301590P8518B84040~
AMT*B6*23.48~
SVC*HC>36415*14*3.18**1~
DTM*472*20220105~
CAS*CO*45*10.82~
REF*6R*13301591P8518B84040~
AMT*B6*3.18~
LX*77~
CLP*250074465 X*2*19*1.62**HM*0006700676*23~
NM1*QC*1*CAMPBELL*CHARLES****MI*AM0000457001~
NM1*82*1*VERMA*RAJIV****XX*1609809813~
REF*1L*A06860001~
AMT*AU*1.62~
SVC*HC>93010*19*1.62**1~
DTM*472*20211122~
CAS*CO*22*6.47**45*10.91~
AMT*B6*1.62~
LX*78~
CLP*1094319V8518*2*215*0*24.7*HM*0006700698*11~
NM1*QC*1*COBB*OLIVER****MI*AM0010210001~
NM1*82*1*LEWIS*CHANTAL****XX*1821439985~
REF*1L*2021-A01990001~
SVC*HC>99214*215*0**0**1~
DTM*472*20211213~
CAS*PR*45*24.7~
CAS*CO*22*98.79**45*91.51~
AMT*B6*24.7~
LX*79~
CLP*1068666V8518*4*325*0*325*HM*0006700821*11~
NM1*QC*1*JONES*ETHAN*T***MI*AS1005317004~
NM1*IL*1*THURMAN*KIMBERLY*D***MI*AS1005317001~
NM1*82*1*LEWIS*CHANTAL****XX*1821439985~
REF*1L*A00000014~
SVC*HC>99204*325*0**0**1~
DTM*472*20211101~
CAS*PR*22*325~
AMT*B6*190.96~
SVC*HC>3046F*0*0**0**1~
DTM*472*20211101~
SVC*HC>G9226*0*0**0**1~
DTM*472*20211101~
LX*80~
CLP*100260918*1*1704*766.8*85.2*HM*0006700831*13~
NM1*QC*1*TURNER*DARLA*L***MI*0000617529001~
REF*1L*FFMEXCHANGE~
AMT*AU*766.8~
SVC*HC>95819*1704*766.8*0740*1~
DTM*472*20220106~
CAS*PR*2*85.2~
CAS*CO*45*852~
REF*6R*100260918-1~
AMT*B6*852~
LX*81~
CLP*100261067*1*4472*657.53**HM*0006700832*13~
NM1*QC*1*LEQUIRE*LISA*M***MI*0001026407001~
REF*1L*FFMEXCHANGE~
AMT*AU*657.53~
SVC*HC>87389*78*36.12*0300*1~
DTM*472*20220106~
CAS*CO*45*41.88~
REF*6R*100261067-1~
AMT*B6*36.12~
SVC*HC>86780*113*19.86*0300*1~
DTM*472*20220106~
CAS*CO*45*93.14~
REF*6R*100261067-2~
AMT*B6*19.86~
SVC*HC>86335*74*44.03*0300*1~
DTM*472*20220106~
CAS*CO*45*29.97~
REF*6R*100261067-3~
AMT*B6*44.03~
SVC*HC>86334*56*33.51*0300*1~
DTM*472*20220106~
CAS*CO*45*22.49~
REF*6R*100261067-4~
AMT*B6*33.51~
SVC*HC>86140*314*7.77*0300*1~
DTM*472*20220106~
CAS*CO*45*306.23~
REF*6R*100261067-5~
AMT*B6*7.77~
SVC*HC>86038*129*18.14*0300*1~
DTM*472*20220106~
CAS*CO*45*110.86~
REF*6R*100261067-6~
AMT*B6*18.14~
SVC*HC>85652*172*4.05*0300*1~
DTM*472*20220106~
CAS*CO*45*167.95~
REF*6R*100261067-7~
AMT*B6*4.05~
SVC*HC>85610*228*6.44*0300*1~
DTM*472*20220106~
CAS*CO*45*221.56~
REF*6R*100261067-8~
AMT*B6*6.44~
SVC*HC>85055*95*53.61*0300*1~
DTM*472*20220106~
CAS*CO*45*41.39~
REF*6R*100261067-9~
AMT*B6*53.61~
SVC*HC>85025*233*11.66*0300*1~
DTM*472*20220106~
CAS*CO*45*221.34~
REF*6R*100261067-10~
AMT*B6*11.66~
SVC*HC>84590*62*17.42*0300*1~
DTM*472*20220106~
CAS*CO*45*44.58~
REF*6R*100261067-11~
AMT*B6*17.42~
SVC*HC>84446*106*21.27*0300*1~
DTM*472*20220106~
CAS*CO*45*84.73~
REF*6R*100261067-12~
AMT*B6*21.27~
SVC*HC>84425*72*31.85*0300*1~
DTM*472*20220106~
CAS*CO*45*40.15~
REF*6R*100261067-13~
AMT*B6*31.85~
SVC*HC>84207*71*42.15*0300*1~
DTM*472*20220106~
CAS*CO*45*28.85~
REF*6R*100261067-14~
AMT*B6*42.15~
SVC*HC>84165*54*16.11*0300*1~
DTM*472*20220106~
CAS*CO*45*37.89~
REF*6R*100261067-15~
AMT*B6*16.11~
SVC*HC>83550*293*13.11*0300*1~
DTM*472*20220106~
CAS*CO*45*279.89~
REF*6R*100261067-16~
AMT*B6*13.11~
SVC*HC>83540*303*9.71*0300*1~
DTM*472*20220106~
CAS*CO*45*293.29~
REF*6R*100261067-17~
AMT*B6*9.71~
SVC*HC>83036*94*14.57*0300*1~
DTM*472*20220106~
CAS*CO*45*79.43~
REF*6R*100261067-18~
AMT*B6*14.57~
SVC*HC>82728*278*20.45*0300*1~
DTM*472*20220106~
CAS*CO*45*257.55~
REF*6R*100261067-19~
AMT*B6*20.45~
SVC*HC>82652*286*57.75*0300*1~
DTM*472*20220106~
CAS*CO*45*228.25~
REF*6R*100261067-20~
AMT*B6*57.75~
SVC*HC>82607*56*22.62*0300*1~
DTM*472*20220106~
CAS*CO*45*33.38~
REF*6R*100261067-21~
AMT*B6*22.62~
SVC*HC>82550*189*9.77*0300*1~
DTM*472*20220106~
CAS*CO*45*179.23~
REF*6R*100261067-22~
AMT*B6*9.77~
SVC*HC>82525*59*18.62*0300*1~
DTM*472*20220106~
CAS*CO*45*40.38~
REF*6R*100261067-23~
AMT*B6*18.62~
SVC*HC>82306*159*44.4*0300*1~
DTM*472*20220106~
CAS*CO*45*114.6~
REF*6R*100261067-24~
AMT*B6*44.4~
SVC*HC>82180*41*14.84*0300*1~
DTM*472*20220106~
CAS*CO*45*26.16~
REF*6R*100261067-25~
AMT*B6*14.84~
SVC*HC>82140*355*21.86*0300*1~
DTM*472*20220106~
CAS*CO*45*333.14~
REF*6R*100261067-26~
AMT*B6*21.86~
SVC*HC>80053*442*15.84*0300*1~
DTM*472*20220106~
CAS*CO*45*426.16~
REF*6R*100261067-27~
AMT*B6*15.84~
SVC*HC>36415*60*30*0300*2~
DTM*472*20220106~
CAS*CO*45*30~
REF*6R*100261067-28~
AMT*B6*30~
LX*82~
CLP*100260535*1*937*160.85**HM*0006700833*13~
NM1*QC*1*DEFOOR*ANGELA*L***MI*0001585064003~
NM1*IL*1*DEFOOR*TONY****MI*0001585064001~
REF*1L*FFMEXCHANGE~
AMT*AU*160.85~
SVC*HC>77067*700*127.31*0403*1~
DTM*472*20220106~
CAS*CO*45*572.69~
REF*6R*100260535-1~
AMT*B6*127.31~
SVC*HC>77063*237*33.54*0403*1~
DTM*472*20220106~
CAS*CO*45*203.46~
REF*6R*100260535-2~
AMT*B6*33.54~
LX*83~
CLP*100260833*1*1545*830.05*96.95*HM*0006700834*13~
NM1*QC*1*HIGGINS*CYNTHIA*D***MI*0003696575001~
REF*1L*FFMEXCHANGE~
AMT*AU*830.05~
SVC*HC>76700*1545*830.05*0402*1~
DTM*472*20220106~
CAS*PR*1*4.72**2*92.23~
CAS*CO*45*618~
REF*6R*100260833-1~
AMT*B6*927~
LQ*HE*N548~
LX*84~
CLP*100260985*1*967*206.94**HM*0006700837*13~
NM1*QC*1*GOWIN*LISA****MI*AM0009565001~
REF*1L*2021-A02440001~
AMT*AU*206.94~
SVC*HC>36415*30*22.5*0300*1~
DTM*472*20220106~
CAS*CO*45*7.5~
REF*6R*100260985-1~
AMT*B6*22.5~
SVC*HC>77067*700*145.98*0403*1~
DTM*472*20220106~
CAS*CO*45*554.02~
REF*6R*100260985-2~
AMT*B6*145.98~
SVC*HC>77063*237*38.46*0403*1~
DTM*472*20220106~
CAS*CO*45*198.54~
REF*6R*100260985-3~
AMT*B6*38.46~
LX*85~
CLP*100260824*1*4427*729.09*1180.07*HM*0006700839*13~
NM1*QC*1*ROBERTS*MORGAN****MI*AM1062361002~
NM1*IL*1*ROBERTS*JOSHUA****MI*AM1062361001~
REF*1L*A28250002~
AMT*AU*729.09~
SVC*NU>0255*254*0**0**1~
DTM*472*20220106~
CAS*PR*1*190.5~
CAS*CO*45*63.5~
REF*6R*100260824-1~
AMT*B6*190.5~
SVC*NU>0271*16*0**0**3~
DTM*472*20220106~
CAS*PR*1*12~
CAS*CO*45*4~
REF*6R*100260824-2~
AMT*B6*12~
SVC*HC>82565*123*8.81*0300*1~
DTM*472*20220106~
CAS*CO*45*114.19~
REF*6R*100260824-3~
AMT*B6*8.81~
SVC*HC>74183*4034*720.28*0614*1~
DTM*472*20220106~
CAS*PR*1*797.5**2*180.07~
CAS*CO*45*2336.15~
REF*6R*100260824-4~
AMT*B6*1697.85~
LQ*HE*N548~
LX*86~
CLP*100260818*1*1533*58.48*1014.62*HM*0006700840*13~
NM1*QC*1*DYKES*MATTHEW****MI*AM1062504001~
REF*1L*A28250001~
AMT*AU*58.48~
SVC*HC>76870*1533*58.48*0402*1~
DTM*472*20220106~
CAS*PR*1*1000**2*14.62~
CAS*CO*45*459.9~
REF*6R*100260818-1~
AMT*B6*1073.1~
LQ*HE*N548~
LX*87~
CLP*100260948*1*6897*1848.96*2212.24*HM*0006700842*13~
NM1*QC*1*POARCH*DIANA*L***MI*AS1005447002~
NM1*IL*1*POARCH*WILLIAM*Z***MI*AS1005447001~
REF*1L*A00000014~
AMT*AU*1848.96~
SVC*NU>0271*16*0**0**3~
DTM*472*20220106~
CAS*PR*1*8~
CAS*CO*45*8~
REF*6R*100260948-1~
AMT*B6*8~
SVC*HC>A9552*754*0*0343*0**1~
DTM*472*20220106~
CAS*PR*1*377~
CAS*CO*45*377~
REF*6R*100260948-2~
AMT*B6*377~
SVC*HC>78815*6127*1848.96*0404*1~
DTM*472*20220106~
CAS*PR*1*1365**2*462.24~
CAS*CO*45*2450.8~
REF*6R*100260948-3~
AMT*B6*3676.2~
LQ*HE*N548~
LX*88~
CLP*100260543*1*3097*1293.6**HM*0006700843*13~
NM1*QC*1*SEXTON*JOSEPH*R***MI*0004740846001~
REF*1L*FFMEXCHANGE~
AMT*AU*1293.6~
SVC*HC>70551*3097*1293.6*0611*1~
DTM*472*20211220~
CAS*CO*45*1803.4~
REF*6R*100260543-1~
AMT*B6*1293.6~
LX*89~
CLP*100260724*1*1827*133.19**HM*0006700844*13~
NM1*QC*1*SOUTHERLAND*EMILY****MI*AM0007725001~
REF*1L*A19930025~
AMT*AU*133.19~
SVC*HC>85415*248*29.57*0300*1~
DTM*472*20211228~
CAS*CO*45*218.43~
REF*6R*100260724-1~
AMT*B6*29.57~
SVC*HC>85025*233*13.36*0300*1~
DTM*472*20211228~
CAS*CO*45*219.64~
REF*6R*100260724-2~
AMT*B6*13.36~
SVC*HC>83550*293*15.03*0300*1~
DTM*472*20211228~
CAS*CO*45*277.97~
REF*6R*100260724-3~
AMT*B6*15.03~
SVC*HC>83540*303*11.13*0300*1~
DTM*472*20211228~
CAS*CO*45*291.87~
REF*6R*100260724-4~
AMT*B6*11.13~
SVC*HC>82728*278*23.44*0300*1~
DTM*472*20211228~
CAS*CO*45*254.56~
REF*6R*100260724-5~
AMT*B6*23.44~
SVC*HC>80053*442*18.16*0300*1~
DTM*472*20211228~
CAS*CO*45*423.84~
REF*6R*100260724-6~
AMT*B6*18.16~
SVC*HC>36415*30*22.5*0300*1~
DTM*472*20211228~
CAS*CO*45*7.5~
REF*6R*100260724-7~
AMT*B6*22.5~
LX*90~
CLP*100260765*1*645*301.45**HM*0006700845*13~
NM1*QC*1*DUHAIME*LISA*A***MI*AS1004460001~
REF*1L*A00000014~
AMT*AU*301.45~
SVC*HC>U0003*175*87.5*0300*1~
DTM*472*20211229~
CAS*CO*45*87.5~
REF*6R*100260765-1~
AMT*B6*87.5~
SVC*HC>87631*470*213.95*0300*1~
DTM*472*20211229~
CAS*CO*45*256.05~
REF*6R*100260765-2~
AMT*B6*213.95~
LX*91~
CLP*100260793*1*15463.91*1190.18*2738.93*HM*0006700846*13~
NM1*QC*1*HARDIN*SHAWNA*R***MI*0001721825002~
NM1*IL*1*HARDIN*DAVID****MI*0001721825001~
REF*1L*FFMEXCHANGE~
AMT*AU*1190.18~
SVC*NU>0250*345.91*0**0**1~
DTM*472*20220105~
CAS*CO*45*345.91~
REF*6R*100260793-1~
SVC*NU>0271*35*0**0**4~
DTM*472*20220105~
CAS*CO*45*35~
REF*6R*100260793-2~
SVC*NU>0272*94*0**0**6~
DTM*472*20220105~
CAS*CO*45*94~
REF*6R*100260793-3~
SVC*HC>C1726*630*277.2*0278*1~
DTM*472*20220105~
CAS*CO*45*352.8~
REF*6R*100260793-4~
AMT*B6*277.2~
SVC*HC>81025*183*0*0300*0**1~
DTM*472*20220105~
CAS*CO*45*183~
REF*6R*100260793-5~
SVC*HC>88305*2396*0*0310*0**4~
DTM*472*20220105~
CAS*CO*45*2396~
REF*6R*100260793-6~
SVC*HC>43239>59*3436.68*0*0360*0**1~
DTM*472*20220105~
CAS*PR*1*1825.95~
CAS*CO*45*1610.73~
REF*6R*100260793-7~
AMT*B6*1825.95~
SVC*HC>45378>33*3436.66*912.98*0360*1~
DTM*472*20220105~
CAS*CO*45*2523.68~
REF*6R*100260793-8~
AMT*B6*912.98~
SVC*HC>43249*3436.66*0*0360*0**1~
DTM*472*20220105~
CAS*PR*1*912.98~
CAS*CO*45*2523.68~
REF*6R*100260793-9~
AMT*B6*912.98~
SVC*NU>0370*1470*0**0**3~
DTM*472*20220105~
CAS*CO*45*1470~
REF*6R*100260793-10~
LX*92~
CLP*100260527*1*3921.56*77.33*1320.28*HM*0006700847*13~
NM1*QC*1*GARNER*MICHAEL****MI*0005418526001~
REF*1L*FFMEXCHANGE~
AMT*AU*77.33~
SVC*NU>0250*27.56*0**0**1~
DTM*472*20220105~
CAS*PR*1*13.78~
CAS*CO*45*13.78~
REF*6R*100260527-1~
AMT*B6*13.78~
SVC*NU>0271*14*0**0**2~
DTM*472*20220105~
CAS*PR*1*7~
CAS*CO*45*7~
REF*6R*100260527-2~
AMT*B6*7~
SVC*NU>0272*99*0**0**4~
DTM*472*20220105~
CAS*PR*1*49.5~
CAS*CO*45*49.5~
REF*6R*100260527-3~
AMT*B6*49.5~
SVC*HC>87070*383*12.93*0306*1~
DTM*472*20220105~
CAS*CO*45*370.07~
REF*6R*100260527-4~
AMT*B6*12.93~
SVC*HC>87075*84*14.21*0306*1~
DTM*472*20220105~
CAS*CO*45*69.79~
REF*6R*100260527-5~
AMT*B6*14.21~
SVC*HC>87077*194*24.24*0306*2~
DTM*472*20220105~
CAS*CO*45*169.76~
REF*6R*100260527-6~
AMT*B6*24.24~
SVC*HC>87186*620*25.95*0306*2~
DTM*472*20220105~
CAS*CO*45*594.05~
REF*6R*100260527-7~
AMT*B6*25.95~
SVC*HC>10160*1206*0*0450*0**1~
DTM*472*20220105~
CAS*PR*1*603~
CAS*CO*45*603~
REF*6R*100260527-8~
AMT*B6*603~
SVC*HC>99283>25*1294*0*0450*0**1~
DTM*472*20220105~
CAS*PR*1*647~
CAS*CO*45*647~
REF*6R*100260527-9~
AMT*B6*647~
LX*93~
CLP*100251149*1*3297*62.53*2410.22*HM*0006700857*13~
NM1*QC*1*ANDERSON*KELLY*R***MI*AM1060626001~
REF*1L*2021-A07160001~
AMT*AU*62.53~
SVC*HC>93306*3121*0*0483*0**1~
DTM*472*20211220~
CAS*PR*1*2340.75~
CAS*CO*45*780.25~
REF*6R*100251149-1~
AMT*B6*2340.75~
SVC*HC>Q9950>JW*176*62.53*0636*2~
DTM*472*20211220~
CAS*PR*1*53.84**2*15.63~
CAS*CO*45*44~
REF*6R*100251149-2~
AMT*B6*132~
LQ*HE*N548~
LX*94~
CLP*100261011*1*2665.85*1044*267.88*HM*0006700858*13~
NM1*QC*1*BETTERTON*BRISEIDA*D***MI*0003665009001~
REF*1L*FFMEXCHANGE~
AMT*AU*1044~
SVC*NU>0250*93.85*32.85**1~
DTM*472*20220105~
CAS*PR*2*14.08~
CAS*CO*45*46.92~
REF*6R*100261011-1~
AMT*B6*46.93~
SVC*HC>96372>59*383*134.05*0260*1~
DTM*472*20220105~
CAS*PR*2*57.45~
CAS*CO*45*191.5~
REF*6R*100261011-2~
AMT*B6*191.5~
SVC*NU>0271*15*5.25**3~
DTM*472*20220105~
CAS*PR*2*2.25~
CAS*CO*45*7.5~
REF*6R*100261011-3~
AMT*B6*7.5~
SVC*HC>87631*470*213.95*0300*1~
DTM*472*20220105~
CAS*CO*45*256.05~
REF*6R*100261011-4~
AMT*B6*213.95~
SVC*HC>C9803*235*117.5*0300*1~
DTM*472*20220105~
CAS*CO*45*117.5~
REF*6R*100261011-5~
AMT*B6*117.5~
SVC*HC>U0003*175*87.5*0300*1~
DTM*472*20220105~
CAS*CO*45*87.5~
REF*6R*100261011-6~
AMT*B6*87.5~
SVC*HC>99283>25*1294*452.9*0450*1~
DTM*472*20220105~
CAS*PR*2*194.1~
CAS*CO*45*647~
REF*6R*100261011-7~
AMT*B6*647~
LX*95~
CLP*100260494*1*10742*4480.1*100*HM*0006700859*13~
NM1*QC*1*DUNN*SARAH****MI*0003630637001~
REF*1L*FFMEXCHANGE~
AMT*AU*4480.1~
SVC*NU>0255*254*0**0**1~
DTM*472*20220106~
CAS*CO*45*254~
REF*6R*100260494-1~
SVC*NU>0271*11*0**0**2~
DTM*472*20220106~
CAS*CO*45*11~
REF*6R*100260494-2~
SVC*NU>0272*90*0**0**2~
DTM*472*20220106~
CAS*CO*45*90~
REF*6R*100260494-3~
SVC*HC>89051*288*0*0300*0**1~
DTM*472*20220106~
CAS*CO*45*288~
REF*6R*100260494-4~
SVC*HC>86592*44*0*0300*0**1~
DTM*472*20220106~
CAS*CO*45*44~
REF*6R*100260494-5~
SVC*HC>86403*990*0*0300*0**6~
DTM*472*20220106~
CAS*CO*A1*990~
REF*6R*100260494-6~
LQ*HE*N640~
SVC*HC>84157*180*0*0300*0**1~
DTM*472*20220106~
CAS*CO*45*180~
REF*6R*100260494-7~
SVC*HC>83916*100*0*0300*0**1~
DTM*472*20220106~
CAS*CO*45*100~
REF*6R*100260494-8~
SVC*HC>83873*109*0*0300*0**1~
DTM*472*20220106~
CAS*CO*45*109~
REF*6R*100260494-9~
SVC*HC>82945*177*0*0300*0**1~
DTM*472*20220106~
CAS*CO*45*177~
REF*6R*100260494-10~
SVC*HC>82784*82*0*0300*0**2~
DTM*472*20220106~
CAS*CO*45*82~
REF*6R*100260494-11~
SVC*HC>82042*32*0*0300*0**1~
DTM*472*20220106~
CAS*CO*45*32~
REF*6R*100260494-12~
SVC*HC>82040*32*0*0300*0**1~
DTM*472*20220106~
CAS*CO*45*32~
REF*6R*100260494-13~
SVC*HC>87205*210*0*0306*0**1~
DTM*472*20220106~
CAS*CO*45*210~
REF*6R*100260494-15~
SVC*HC>87070*383*0*0306*0**1~
DTM*472*20220106~
CAS*CO*45*383~
REF*6R*100260494-16~
SVC*HC>87015*28*0*0306*0**1~
DTM*472*20220106~
CAS*CO*45*28~
REF*6R*100260494-17~
SVC*HC>86618*740*0*0306*0**4~
DTM*472*20220106~
CAS*CO*45*740~
REF*6R*100260494-18~
SVC*HC>82042*555*0*0306*0**3~
DTM*472*20220106~
CAS*CO*45*555~
REF*6R*100260494-19~
SVC*HC>82040*185*0*0306*0**1~
DTM*472*20220106~
CAS*CO*45*185~
REF*6R*100260494-20~
SVC*HC>88112*286*0*0310*0**1~
DTM*472*20220106~
CAS*CO*45*286~
REF*6R*100260494-21~
SVC*HC>62328*2075*4480.1*0360*1~
DTM*472*20220106~
CAS*PR*3*100~
CAS*CO*45*-2505.1~
REF*6R*100260494-22~
AMT*B6*4580.1~
SVC*HC>70553*3891*0*0611*0**1~
DTM*472*20220106~
CAS*CO*45*3891~
REF*6R*100260494-23~
LX*96~
CLP*100260554*1*10948.95*1979.89*1475.9*HM*0006700860*13~
NM1*QC*1*MANIS*MONICA*N***MI*0002344425001~
REF*1L*FFMEXCHANGE~
AMT*AU*1979.89~
SVC*NU>0250*676.65*0**0**1~
DTM*472*20220105~
CAS*PR*1*338.33~
CAS*CO*45*338.32~
REF*6R*100260554-1~
AMT*B6*338.33~
SVC*HC>96374>59*529*0*0260*0**1~
DTM*472*20220105~
CAS*PR*1*264.5~
CAS*CO*45*264.5~
REF*6R*100260554-2~
AMT*B6*264.5~
SVC*HC>96375*1227*173.06*0260*3~
DTM*472*20220105~
CAS*PR*1*397.17**2*43.27~
CAS*CO*45*613.5~
REF*6R*100260554-3~
AMT*B6*613.5~
LQ*HE*N548~
SVC*NU>0271*44*17.6**7~
DTM*472*20220105~
CAS*PR*2*4.4~
CAS*CO*45*22~
REF*6R*100260554-4~
AMT*B6*22~
LQ*HE*N548~
SVC*NU>0272*39*15.6**2~
DTM*472*20220105~
CAS*PR*2*3.9~
CAS*CO*45*19.5~
REF*6R*100260554-5~
AMT*B6*19.5~
LQ*HE*N548~
SVC*HC>36415*30*15*0300*1~
DTM*472*20220105~
CAS*CO*45*15~
REF*6R*100260554-6~
AMT*B6*15~
SVC*HC>80053*442*15.84*0300*1~
DTM*472*20220105~
CAS*CO*45*426.16~
REF*6R*100260554-7~
AMT*B6*15.84~
SVC*HC>81001*150*4.76*0300*1~
DTM*472*20220105~
CAS*CO*45*145.24~
REF*6R*100260554-8~
AMT*B6*4.76~
SVC*HC>83690*50*10.34*0300*1~
DTM*472*20220105~
CAS*CO*45*39.66~
REF*6R*100260554-9~
AMT*B6*10.34~
SVC*HC>84484*367*18.71*0300*1~
DTM*472*20220105~
CAS*CO*45*348.29~
REF*6R*100260554-10~
AMT*B6*18.71~
SVC*HC>85025*233*11.66*0300*1~
DTM*472*20220105~
CAS*CO*45*221.34~
REF*6R*100260554-11~
AMT*B6*11.66~
SVC*HC>74177*4619*680.4*0352*1~
DTM*472*20220105~
CAS*PR*2*170.1~
CAS*CO*45*3768.5~
REF*6R*100260554-12~
AMT*B6*850.5~
LQ*HE*N548~
SVC*HC>99284>25*2016*806.4*0450*1~
DTM*472*20220105~
CAS*PR*2*201.6~
CAS*CO*45*1008~
REF*6R*100260554-13~
AMT*B6*1008~
LQ*HE*N548~
SVC*HC>S0164*49.3*19.72*0636*1~
DTM*472*20220105~
CAS*PR*2*4.93~
CAS*CO*45*24.65~
REF*6R*100260554-14~
AMT*B6*24.65~
LQ*HE*N548~
SVC*HC>93005*477*190.8*0730*1~
DTM*472*20220105~
CAS*PR*2*47.7~
CAS*CO*45*238.5~
REF*6R*100260554-15~
AMT*B6*238.5~
LQ*HE*N548~
LX*97~
CLP*100258392*1*1347*52.24**HM*0006700861*14~
NM1*QC*1*OWNBEY*TRINADI****MI*AS1005000001~
REF*1L*A00000014~
AMT*AU*52.24~
SVC*HC>85025*233*0*0300*0**1~
DTM*472*20220105~
CAS*CO*A1*233~
REF*6R*100258392-1~
AMT*B6*11.66~
LQ*HE*M15~
SVC*HC>84443*277*0*0300*0**1~
DTM*472*20220105~
CAS*CO*A1*277~
REF*6R*100258392-2~
AMT*B6*25.2~
LQ*HE*M15~
SVC*HC>83525*73*17.15*0300*1~
DTM*472*20220105~
CAS*CO*45*55.85~
REF*6R*100258392-3~
AMT*B6*17.15~
SVC*HC>80061*292*20.09*0300*1~
DTM*472*20220105~
CAS*CO*45*271.91~
REF*6R*100258392-4~
AMT*B6*20.09~
SVC*HC>80053*442*0*0300*0**1~
DTM*472*20220105~
CAS*CO*A1*442~
REF*6R*100258392-5~
AMT*B6*15.84~
LQ*HE*M15~
SVC*HC>36415*30*15*0300*1~
DTM*472*20220105~
CAS*CO*45*15~
REF*6R*100258392-6~
AMT*B6*15~
LX*98~
CLP*100261040*1*1105*37.69**HM*0006700862*14~
NM1*QC*1*MARTINEZ*ROSIE****MI*AM0010735001~
REF*1L*2021-A05150001~
AMT*AU*37.69~
SVC*HC>87205*210*0*0306*0**1~
DTM*472*20211208~
CAS*CO*18*210~
REF*6R*100261040-1~
AMT*B6*7.34~
LQ*HE*N522~
SVC*HC>87186*310*14.88*0306*1~
DTM*472*20211208~
CAS*CO*45*295.12~
REF*6R*100261040-2~
AMT*B6*14.88~
SVC*HC>87147*21*8.91*0306*1~
DTM*472*20211208~
CAS*CO*45*12.09~
REF*6R*100261040-3~
AMT*B6*8.91~
SVC*HC>87077*97*13.9*0306*1~
DTM*472*20211208~
CAS*CO*45*83.1~
REF*6R*100261040-4~
AMT*B6*13.9~
SVC*HC>87075*84*0*0306*0**1~
DTM*472*20211208~
CAS*CO*18*84~
REF*6R*100261040-5~
AMT*B6*16.29~
LQ*HE*N522~
SVC*HC>87070*383*0*0306*0**1~
DTM*472*20211208~
CAS*CO*18*383~
REF*6R*100261040-6~
AMT*B6*14.83~
LQ*HE*N522~
LX*99~
CLP*100261297*1*1034*67.12**HM*0006702983*13~
NM1*QC*1*CASH*RONALD*E***MI*0000546840001~
REF*1L*FFMEXCHANGE~
AMT*AU*67.12~
SVC*HC>85025*233*11.66*0300*1~
DTM*472*20220107~
CAS*CO*45*221.34~
REF*6R*100261297-1~
AMT*B6*11.66~
SVC*HC>83735*235*10.05*0300*1~
DTM*472*20220107~
CAS*CO*45*224.95~
REF*6R*100261297-2~
AMT*B6*10.05~
SVC*HC>83036*94*14.57*0300*1~
DTM*472*20220107~
CAS*CO*45*79.43~
REF*6R*100261297-3~
AMT*B6*14.57~
SVC*HC>80053*442*15.84*0300*1~
DTM*472*20220107~
CAS*CO*45*426.16~
REF*6R*100261297-4~
AMT*B6*15.84~
SVC*HC>36415*30*15*0300*1~
DTM*472*20220107~
CAS*CO*45*15~
REF*6R*100261297-5~
AMT*B6*15~
LX*100~
CLP*100261185*1*937*160.85**HM*0006702984*13~
NM1*QC*1*PATE*TRACY****MI*0001057448001~
REF*1L*FFMEXCHANGE~
AMT*AU*160.85~
SVC*HC>77067*700*127.31*0403*1~
DTM*472*20220107~
CAS*CO*45*572.69~
REF*6R*100261185-1~
AMT*B6*127.31~
SVC*HC>77063*237*33.54*0403*1~
DTM*472*20220107~
CAS*CO*45*203.46~
REF*6R*100261185-2~
AMT*B6*33.54~
LX*101~
CLP*100261296*1*3936*1029.24*264.36*HM*0006702985*13~
NM1*QC*1*GUINN*RHONDA****MI*0001541868001~
REF*1L*FFMEXCHANGE~
AMT*AU*1029.24~
SVC*HC>72141*3936*1029.24*0612*1~
DTM*472*20220107~
CAS*PR*1*150**2*114.36~
CAS*CO*45*2642.4~
REF*6R*100261296-1~
AMT*B6*1293.6~
LQ*HE*N548~
LX*102~
CLP*100261706*1*6897*2322.84*1738.36*HM*0006702987*13~
NM1*QC*1*WILLIAMS*TERESA*J***MI*0004734056001~
REF*1L*FFMEXCHANGE~
AMT*AU*2322.84~
SVC*NU>0271*16*0**0**3~
DTM*472*20220107~
CAS*PR*1*8~
CAS*CO*45*8~
REF*6R*100261706-1~
AMT*B6*8~
SVC*HC>A9552*754*0*0343*0**1~
DTM*472*20220107~
CAS*PR*1*377~
CAS*CO*45*377~
REF*6R*100261706-2~
AMT*B6*377~
SVC*HC>78815*6127*2322.84*0404*1~
DTM*472*20220107~
CAS*PR*1*772.65**2*580.71~
CAS*CO*45*2450.8~
REF*6R*100261706-3~
AMT*B6*3676.2~
LQ*HE*N548~
LX*103~
CLP*100261188*1*1322*0*661*HM*0006702988*13~
NM1*QC*1*BISHOP*JOHNNY*A***MI*0004827760001~
REF*1L*FFMEXCHANGE~
SVC*HC>93971>LT*1322*0*0921*0**1~
DTM*472*20220107~
CAS*PR*1*661~
CAS*CO*45*661~
REF*6R*100261188-1~
AMT*B6*661~
LX*104~
CLP*100261494*4*951*0**HM*0006702992*13~
NM1*QC*1*BYESS*CHRISTIANE*G***MI*0002283233001~
REF*1L*FFMEXCHANGE~
SVC*HC>85025*233*0*0300*0**1~
DTM*472*20210924~
CAS*CO*18*233~
REF*6R*100261494-1~
AMT*B6*11.66~
LQ*HE*N522~
SVC*HC>83970*121*0*0300*0**1~
DTM*472*20210924~
CAS*CO*18*121~
REF*6R*100261494-2~
AMT*B6*61.92~
LQ*HE*N522~
SVC*HC>82330*125*0*0300*0**1~
DTM*472*20210924~
CAS*CO*18*125~
REF*6R*100261494-3~
AMT*B6*20.52~
LQ*HE*N522~
SVC*HC>80053*442*0*0300*0**1~
DTM*472*20210924~
CAS*CO*18*442~
REF*6R*100261494-4~
AMT*B6*15.84~
LQ*HE*N522~
SVC*HC>36415*30*0*0300*0**1~
DTM*472*20210924~
CAS*CO*18*30~
REF*6R*100261494-5~
AMT*B6*15~
LQ*HE*N522~
LX*105~
CLP*100261537*4*58232.94*0**HM*0006703004*13~
NM1*QC*1*BYESS*CHRISTIANE*G***MI*0002283233001~
REF*1L*FFMEXCHANGE~
SVC*HC>96372>59*333*0*0260*0**1~
DTM*472*20211001~
CAS*CO*18*333~
REF*6R*100261537-1~
AMT*B6*166.5~
LQ*HE*N522~
SVC*HC>96372>59*333*0*0260*0**1~
DTM*472*20211029~
CAS*CO*18*333~
REF*6R*100261537-2~
AMT*B6*166.5~
LQ*HE*N522~
SVC*NU>0272*5*0**0**1~
DTM*472*20211001~
CAS*CO*18*5~
REF*6R*100261537-3~
AMT*B6*2.5~
LQ*HE*N522~
SVC*HC>86316*59*0*0300*0**1~
DTM*472*20211021~
CAS*CO*18*59~
REF*6R*100261537-4~
AMT*B6*31.22~
LQ*HE*N522~
SVC*HC>85025*233*0*0300*0**1~
DTM*472*20211021~
CAS*CO*18*233~
REF*6R*100261537-5~
AMT*B6*11.66~
LQ*HE*N522~
SVC*HC>82941*89*0*0300*0**1~
DTM*472*20211021~
CAS*CO*18*89~
REF*6R*100261537-6~
AMT*B6*26.45~
LQ*HE*N522~
SVC*HC>80053*442*0*0300*0**1~
DTM*472*20211021~
CAS*CO*18*442~
REF*6R*100261537-7~
AMT*B6*15.84~
LQ*HE*N522~
SVC*HC>36415*30*0*0300*0**1~
DTM*472*20211021~
CAS*CO*18*30~
REF*6R*100261537-8~
AMT*B6*15~
LQ*HE*N522~
SVC*HC>J2353*28354.47*0*0636*0**30~
DTM*472*20211001~
CAS*CO*18*28354.47~
REF*6R*100261537-9~
AMT*B6*14177.24~
LQ*HE*N522~
SVC*HC>J2353*28354.47*0*0636*0**30~
DTM*472*20211029~
CAS*CO*18*28354.47~
REF*6R*100261537-10~
AMT*B6*14177.24~
LQ*HE*N522~
LX*106~
CLP*100261766*4*28687.47*0**HM*0006703005*13~
NM1*QC*1*BYESS*CHRISTIANE*G***MI*0002283233001~
REF*1L*FFMEXCHANGE~
SVC*HC>96372>59*333*0*0260*0**1~
DTM*472*20211129~
CAS*CO*18*333~
REF*6R*100261766-1~
AMT*B6*166.5~
LQ*HE*N522~
SVC*HC>J2353*28354.47*0*0636*0**30~
DTM*472*20211129~
CAS*CO*18*28354.47~
REF*6R*100261766-2~
AMT*B6*14177.24~
LQ*HE*N522~
LX*107~
CLP*100261315*4*29540.47*0**HM*0006703006*13~
NM1*QC*1*BYESS*CHRISTIANE*G***MI*0002283233001~
REF*1L*FFMEXCHANGE~
SVC*HC>96372>59*333*0*0260*0**1~
DTM*472*20211230~
CAS*CO*18*333~
REF*6R*100261315-1~
AMT*B6*166.5~
LQ*HE*N522~
SVC*HC>86316*59*0*0300*0**1~
DTM*472*20211223~
CAS*CO*18*59~
REF*6R*100261315-2~
AMT*B6*31.22~
LQ*HE*N522~
SVC*HC>85025*233*0*0300*0**1~
DTM*472*20211223~
CAS*CO*18*233~
REF*6R*100261315-3~
AMT*B6*11.66~
LQ*HE*N522~
SVC*HC>82941*89*0*0300*0**1~
DTM*472*20211223~
CAS*CO*18*89~
REF*6R*100261315-4~
AMT*B6*26.45~
LQ*HE*N522~
SVC*HC>80053*442*0*0300*0**1~
DTM*472*20211223~
CAS*CO*18*442~
REF*6R*100261315-5~
AMT*B6*15.84~
LQ*HE*N522~
SVC*HC>36415*30*0*0300*0**1~
DTM*472*20211223~
CAS*CO*18*30~
REF*6R*100261315-6~
AMT*B6*15~
LQ*HE*N522~
SVC*HC>J2353*28354.47*0*0636*0**30~
DTM*472*20211230~
CAS*CO*18*28354.47~
REF*6R*100261315-7~
AMT*B6*14177.24~
LQ*HE*N522~
LX*108~
CLP*100261372*4*2876.14*0**HM*0006703007*13~
NM1*QC*1*BYESS*CHRISTIANE*G***MI*0002283233001~
REF*1L*FFMEXCHANGE~
SVC*NU>0250*5.14*0**0**1~
DTM*472*20210714~
CAS*CO*18*5.14~
REF*6R*100261372-1~
AMT*B6*2.57~
LQ*HE*N522~
SVC*HC>36415*30*0*0300*0**1~
DTM*472*20210712~
CAS*CO*18*30~
REF*6R*100261372-2~
AMT*B6*15~
LQ*HE*N522~
SVC*HC>82378*76*0*0300*0**1~
DTM*472*20210712~
CAS*CO*18*76~
REF*6R*100261372-3~
AMT*B6*28.44~
LQ*HE*N522~
SVC*HC>82728*292*0*0300*0**1~
DTM*472*20210712~
CAS*CO*18*292~
REF*6R*100261372-4~
AMT*B6*20.45~
LQ*HE*N522~
SVC*HC>82941*94*0*0300*0**1~
DTM*472*20210712~
CAS*CO*18*94~
REF*6R*100261372-5~
AMT*B6*26.45~
LQ*HE*N522~
SVC*HC>83090*119*0*0300*0**1~
DTM*472*20210712~
CAS*CO*18*119~
REF*6R*100261372-6~
AMT*B6*26.88~
LQ*HE*N522~
SVC*HC>83540*303*0*0300*0**1~
DTM*472*20210712~
CAS*CO*18*303~
REF*6R*100261372-7~
AMT*B6*9.71~
LQ*HE*N522~
SVC*HC>83550*308*0*0300*0**1~
DTM*472*20210712~
CAS*CO*18*308~
REF*6R*100261372-8~
AMT*B6*13.11~
LQ*HE*N522~
SVC*HC>84260*111*0*0300*0**1~
DTM*472*20210712~
CAS*CO*18*111~
REF*6R*100261372-9~
AMT*B6*46.47~
LQ*HE*N522~
SVC*HC>85300*59*0*0300*0**1~
DTM*472*20210712~
CAS*CO*18*59~
REF*6R*100261372-10~
AMT*B6*17.78~
LQ*HE*N522~
SVC*HC>85301*84*0*0300*0**1~
DTM*472*20210712~
CAS*CO*18*84~
REF*6R*100261372-11~
AMT*B6*16.22~
LQ*HE*N522~
SVC*HC>85303*176*0*0300*0**1~
DTM*472*20210712~
CAS*CO*18*176~
REF*6R*100261372-12~
AMT*B6*20.76~
LQ*HE*N522~
SVC*HC>85306*215*0*0300*0**1~
DTM*472*20210712~
CAS*CO*18*215~
REF*6R*100261372-13~
AMT*B6*22.98~
LQ*HE*N522~
SVC*HC>85307*188*0*0300*0**1~
DTM*472*20210712~
CAS*CO*18*188~
REF*6R*100261372-14~
AMT*B6*22.98~
LQ*HE*N522~
SVC*HC>85613*119*0*0300*0**1~
DTM*472*20210712~
CAS*CO*18*119~
REF*6R*100261372-15~
AMT*B6*14.37~
LQ*HE*N522~
SVC*HC>85730*58*0*0300*0**1~
DTM*472*20210712~
CAS*CO*18*58~
REF*6R*100261372-16~
AMT*B6*9.02~
LQ*HE*N522~
SVC*HC>86147*204*0*0300*0**3~
DTM*472*20210712~
CAS*CO*A1*204~
REF*6R*100261372-17~
AMT*B6*114.53~
LQ*HE*N640~
SVC*HC>86316*59*0*0300*0**1~
DTM*472*20210712~
CAS*CO*18*59~
REF*6R*100261372-18~
AMT*B6*31.22~
LQ*HE*N522~
SVC*HC>81240*182*0*0310*0**1~
DTM*472*20210712~
CAS*CO*29*182~
REF*6R*100261372-19~
AMT*B6*98.54~
SVC*HC>81241*194*0*0310*0**1~
DTM*472*20210712~
CAS*CO*29*194~
REF*6R*100261372-20~
AMT*B6*110.06~
LX*109~
CLP*1110787V8518*1*593*246.5*50*HM*0006703323*11~
NM1*QC*1*CAYLOR*DUSTIN****MI*AM0008596001~
NM1*82*1*PENAHERRERA OVIEDO*CARLOS****XX*1093268138~
REF*1L*A03960001~
AMT*AU*246.5~
SVC*HC>99205*415*157.5**1~
DTM*472*20220110~
CAS*PR*3*50~
CAS*CO*45*207.5~
REF*6R*13318404P8518B84197~
AMT*B6*207.5~
SVC*HC>82044>90*22*11**1~
DTM*472*20220110~
CAS*CO*45*11~
REF*6R*13318405P8518B84197~
AMT*B6*11~
SVC*HC>82962*8*4**1~
DTM*472*20220110~
CAS*CO*45*4~
REF*6R*13318406P8518B84197~
AMT*B6*4~
SVC*HC>86341>90*82*41**1~
DTM*472*20220110~
CAS*CO*45*41~
REF*6R*13318407P8518B84197~
AMT*B6*41~
SVC*HC>84681>90*52*26**1~
DTM*472*20220110~
CAS*CO*45*26~
REF*6R*13318408P8518B84197~
AMT*B6*26~
SVC*HC>36415*14*7**1~
DTM*472*20220110~
CAS*CO*45*7~
REF*6R*13318409P8518B84197~
AMT*B6*7~
LX*110~
CLP*1092465V8518*1*234*105.86*50*HM*0006703326*11~
NM1*QC*1*MCINTOSH*DORA LYNN****MI*AM0009926002~
NM1*IL*1*MCINTOSH*BRYAN****MI*AM0009926001~
NM1*82*1*LEWIS*CHANTAL****XX*1821439985~
REF*1L*A19470001~
AMT*AU*105.86~
SVC*HC>99214*215*96.95**1~
DTM*472*20211209~
CAS*PR*3*50~
CAS*CO*45*68.05~
REF*6R*13141666P8518B84197~
AMT*B6*146.95~
SVC*HC>82962*8*3.41**1~
DTM*472*20211209~
CAS*CO*45*4.59~
REF*6R*13141667P8518B84197~
AMT*B6*3.41~
SVC*HC>36416*11*5.5**1~
DTM*472*20211209~
CAS*CO*45*5.5~
REF*6R*13141668P8518B84197~
AMT*B6*5.5~
LX*111~
CLP*250074850*4*958*0**HM*0006703328*22~
NM1*QC*1*BYESS*CHRISTIANE*G***MI*0002283233001~
NM1*82*1*DUHAIME*LISA****XX*1083697494~
REF*1L*FFMEXCHANGE~
SVC*HC>99204*532*0**0**1~
DTM*472*20210712~
CAS*CO*18*532~
REF*6R*250074850-1~
AMT*B6*157.06~
LQ*HE*N522~
SVC*HC>99214*426*0**0**1~
DTM*472*20210726~
CAS*CO*18*426~
REF*6R*250074850-2~
AMT*B6*114.87~
LQ*HE*N522~
LX*112~
CLP*250074851*4*831*0**HM*0006703329*22~
NM1*QC*1*BYESS*CHRISTIANE*G***MI*0002283233001~
NM1*82*1*DUHAIME*LISA****XX*1083697494~
REF*1L*FFMEXCHANGE~
SVC*HC>99443*405*0**0**1~
DTM*472*20210811~
CAS*CO*96*405~
REF*6R*250074851-1~
AMT*B6*115.25~
SVC*HC>99214*426*0**0**1~
DTM*472*20210826~
CAS*CO*18*426~
REF*6R*250074851-2~
AMT*B6*114.87~
LQ*HE*N522~
LX*113~
CLP*250074852*4*426*0**HM*0006703330*22~
NM1*QC*1*BYESS*CHRISTIANE*G***MI*0002283233001~
NM1*82*1*DUHAIME*LISA****XX*1083697494~
REF*1L*FFMEXCHANGE~
SVC*HC>99214*426*0**0**1~
DTM*472*20210924~
CAS*CO*18*426~
REF*6R*250074852-1~
AMT*B6*114.87~
LQ*HE*N522~
LX*114~
CLP*250074853*4*426*0**HM*0006703331*22~
NM1*QC*1*BYESS*CHRISTIANE*G***MI*0002283233001~
NM1*82*1*DUHAIME*LISA****XX*1083697494~
REF*1L*FFMEXCHANGE~
SVC*HC>99214*426*0**0**1~
DTM*472*20211021~
CAS*CO*18*426~
REF*6R*250074853-1~
AMT*B6*114.87~
LQ*HE*N522~
LX*115~
CLP*100261522*1*6755.65*1924.5*225*HM*0006702982*13~
NM1*QC*1*HERNDON*BRANDON*S***MI*As0003161001~
REF*1L*A00000014~
AMT*AU*1924.5~
SVC*NU>0250*13.65*0**0**1~
DTM*472*20220106~
CAS*PR*3*6.83~
CAS*CO*45*6.82~
REF*6R*100261522-1~
AMT*B6*6.83~
SVC*HC>96372>59*383*191.5*0260*1~
DTM*472*20220106~
CAS*CO*45*191.5~
REF*6R*100261522-2~
AMT*B6*191.5~
SVC*NU>0271*8*0**0**1~
DTM*472*20220106~
CAS*PR*3*4~
CAS*CO*45*4~
REF*6R*100261522-3~
AMT*B6*4~
SVC*HC>36415*30*15*0300*1~
DTM*472*20220106~
CAS*CO*45*15~
REF*6R*100261522-4~
AMT*B6*15~
SVC*HC>80053*442*15.84*0300*1~
DTM*472*20220106~
CAS*CO*45*426.16~
REF*6R*100261522-5~
AMT*B6*15.84~
SVC*HC>84484*734*37.41*0300*2~
DTM*472*20220106~
CAS*CO*45*696.59~
REF*6R*100261522-6~
AMT*B6*37.41~
SVC*HC>85025*233*11.66*0300*1~
DTM*472*20220106~
CAS*CO*45*221.34~
REF*6R*100261522-7~
AMT*B6*11.66~
SVC*HC>85610*228*6.44*0300*1~
DTM*472*20220106~
CAS*CO*45*221.56~
REF*6R*100261522-8~
AMT*B6*6.44~
SVC*HC>85730*224*9.02*0300*1~
DTM*472*20220106~
CAS*CO*45*214.98~
REF*6R*100261522-9~
AMT*B6*9.02~
SVC*HC>85379*436*15.27*0305*1~
DTM*472*20220106~
CAS*CO*45*420.73~
REF*6R*100261522-10~
AMT*B6*15.27~
SVC*HC>71045*396*22.53*0320*1~
DTM*472*20220106~
CAS*CO*45*373.47~
REF*6R*100261522-11~
AMT*B6*22.53~
SVC*HC>99285>25*2674*1122.83*0450*1~
DTM*472*20220106~
CAS*PR*3*214.17~
CAS*CO*45*1337~
REF*6R*100261522-12~
AMT*B6*1337~
SVC*HC>93005*954*477*0730*2~
DTM*472*20220106~
CAS*CO*45*477~
REF*6R*100261522-13~
AMT*B6*477~
LX*116~
CLP*100261187*1*2207.22*571.94*112.97*HM*0006702989*13~
NM1*QC*1*PATTON*TANYA*M***MI*AM1037834001~
REF*1L*A19930003~
AMT*AU*571.94~
SVC*NU>0250*103.63*0**0**1~
DTM*472*20220107~
CAS*PR*3*77.72~
CAS*CO*45*25.91~
REF*6R*100261187-1~
AMT*B6*77.72~
SVC*HC>96361*214*160.5*0260*1~
DTM*472*20220107~
CAS*CO*45*53.5~
REF*6R*100261187-2~
AMT*B6*160.5~
SVC*HC>96374*529*396.75*0260*1~
DTM*472*20220107~
CAS*CO*45*132.25~
REF*6R*100261187-3~
AMT*B6*396.75~
SVC*NU>0271*36*0**0**4~
DTM*472*20220107~
CAS*PR*3*27~
CAS*CO*45*9~
REF*6R*100261187-4~
AMT*B6*27~
SVC*NU>0272*11*0**0**2~
DTM*472*20220107~
CAS*PR*3*8.25~
CAS*CO*45*2.75~
REF*6R*100261187-5~
AMT*B6*8.25~
SVC*HC>99283*1294*0*0450*0**1~
DTM*472*20220107~
CAS*CO*A1*1294~
REF*6R*100261187-6~
AMT*B6*970.5~
LQ*HE*M78~
SVC*HC>J2274*19.59*14.69*0636*1~
DTM*472*20220107~
CAS*CO*45*4.9~
REF*6R*100261187-7~
AMT*B6*14.69~
LX*117~
CLP*100261290*1*658*51.79**HM*0006702990*13~
NM1*QC*1*EICHOLTZ*MATTHEW*C***MI*AM1043540001~
REF*1L*2021-A28170001~
AMT*AU*51.79~
SVC*HC>85027*186*11.13*0300*1~
DTM*472*20220107~
CAS*CO*45*174.87~
REF*6R*100261290-1~
AMT*B6*11.13~
SVC*HC>80053*442*18.16*0300*1~
DTM*472*20220107~
CAS*CO*45*423.84~
REF*6R*100261290-2~
AMT*B6*18.16~
SVC*HC>36415*30*22.5*0300*1~
DTM*472*20220107~
CAS*CO*45*7.5~
REF*6R*100261290-3~
AMT*B6*22.5~
LX*118~
CLP*100261840*1*1545*0*1081.5*HM*0006702991*13~
NM1*QC*1*WATSON*SCOTT*A***MI*AM1061533001~
REF*1L*A26850001~
SVC*HC>76770*1545*0*0402*0**1~
DTM*472*20220107~
CAS*PR*1*1081.5~
CAS*CO*45*463.5~
REF*6R*100261840-1~
AMT*B6*1081.5~
LX*119~
CLP*100261785*1*3294*310.59*1077.65*HM*0006702993*13~
NM1*QC*1*DOUGLAS*DEBBIE****MI*AM1062211002~
NM1*IL*1*DOUGLAS*JEFFREY****MI*AM1062211001~
REF*1L*A28250002~
AMT*AU*310.59~
SVC*HC>78070*2540*0*0340*0**1~
DTM*472*20220107~
CAS*PR*1*822.74~
CAS*CO*45*1717.26~
REF*6R*100261785-1~
AMT*B6*822.74~
SVC*HC>A9500*754*310.59*0343*1~
DTM*472*20220107~
CAS*PR*1*177.26**2*77.65~
CAS*CO*45*188.5~
REF*6R*100261785-2~
AMT*B6*565.5~
LQ*HE*N548~
LX*120~
CLP*100261793*4*937*0*937*HM*0006702994*13~
NM1*QC*1*BROGDON*ALISA*R***MI*AS0002424002~
NM1*IL*1*BROGDON*CHARLES****MI*AS0002424001~
REF*1L*A00000014~
SVC*HC>77067*700*0*0403*0**1~
DTM*472*20220107~
CAS*PR*27*700~
REF*6R*100261793-1~
LQ*HE*N30~
SVC*HC>77063*237*0*0403*0**1~
DTM*472*20220107~
CAS*PR*27*237~
REF*6R*100261793-2~
LQ*HE*N30~
LX*121~
CLP*100261251*1*1888*121.32*626*HM*0006702995*13~
NM1*QC*1*BOCK*LAURA*WRIGHT***MI*AS1000525001~
REF*1L*A00000014~
AMT*AU*121.32~
SVC*HC>85025*233*0*0300*0**1~
DTM*472*20220107~
CAS*CO*A1*233~
REF*6R*100261251-1~
AMT*B6*11.66~
LQ*HE*M15~
SVC*HC>84443*277*0*0300*0**1~
DTM*472*20220107~
CAS*CO*A1*277~
REF*6R*100261251-2~
AMT*B6*25.2~
LQ*HE*M15~
SVC*HC>83970*121*61.92*0300*1~
DTM*472*20220107~
CAS*CO*45*59.08~
REF*6R*100261251-3~
AMT*B6*61.92~
SVC*HC>82306*159*44.4*0300*1~
DTM*472*20220107~
CAS*CO*45*114.6~
REF*6R*100261251-4~
AMT*B6*44.4~
SVC*HC>80053*442*0*0300*0**1~
DTM*472*20220107~
CAS*CO*A1*442~
REF*6R*100261251-5~
AMT*B6*15.84~
LQ*HE*M15~
SVC*HC>36415*30*15*0300*1~
DTM*472*20220107~
CAS*CO*45*15~
REF*6R*100261251-6~
AMT*B6*15~
SVC*HC>77080*626*0*0320*0**1~
DTM*472*20220107~
CAS*PR*6*626~
REF*6R*100261251-7~
AMT*B6*38.16~
LX*122~
CLP*100261658*1*6897*3811.2*250*HM*0006702996*13~
NM1*QC*1*CANADA*NEIL****MI*AS1004205001~
REF*1L*A00000014~
AMT*AU*3811.2~
SVC*NU>0271*16*8**3~
DTM*472*20220107~
CAS*CO*45*8~
REF*6R*100261658-1~
AMT*B6*8~
SVC*HC>A9552*754*377*0343*1~
DTM*472*20220107~
CAS*CO*45*377~
REF*6R*100261658-2~
AMT*B6*377~
SVC*HC>78815*6127*3426.2*0404*1~
DTM*472*20220107~
CAS*PR*3*250~
CAS*CO*45*2450.8~
REF*6R*100261658-3~
AMT*B6*3676.2~
LX*123~
CLP*100261613*1*2123*0*850.5*HM*0006702997*13~
NM1*QC*1*CLINE*CHRISTOPHER*T***MI*AS1004223001~
REF*1L*A00000014~
SVC*HC>71250*2123*0*0352*0**1~
DTM*472*20220107~
CAS*PR*1*850.5~
CAS*CO*45*1272.5~
REF*6R*100261613-1~
AMT*B6*850.5~
LX*124~
CLP*100261661*1*4087*0*1391.6*HM*0006702998*13~
NM1*QC*1*MALDONADO*ELIZABETH****MI*AS1004315001~
REF*1L*A00000014~
SVC*NU>0255*191*0**0**1~
DTM*472*20220107~
CAS*PR*1*95.5~
CAS*CO*45*95.5~
REF*6R*100261661-1~
AMT*B6*95.5~
SVC*NU>0271*5*0**0**1~
DTM*472*20220107~
CAS*PR*1*2.5~
CAS*CO*45*2.5~
REF*6R*100261661-2~
AMT*B6*2.5~
SVC*HC>70553*3891*0*0611*0**1~
DTM*472*20220107~
CAS*PR*1*1293.6~
CAS*CO*45*2597.4~
REF*6R*100261661-3~
AMT*B6*1293.6~
LX*125~
CLP*100261440*1*3121*0*1560.5*HM*0006702999*13~
NM1*QC*1*CUMBEE*CHRISTINE*D***MI*AS1005063001~
REF*1L*A00000014~
SVC*HC>93306*3121*0*0483*0**1~
DTM*472*20220107~
CAS*PR*1*1560.5~
CAS*CO*45*1560.5~
REF*6R*100261440-1~
AMT*B6*1560.5~
LX*126~
CLP*100261741*1*937*160.85**HM*0006703000*13~
NM1*QC*1*HUMBLE*HEATHER****MI*AS1005118001~
REF*1L*A00000014~
AMT*AU*160.85~
SVC*HC>77067*700*127.31*0403*1~
DTM*472*20220107~
CAS*CO*45*572.69~
REF*6R*100261741-1~
AMT*B6*127.31~
SVC*HC>77063*237*33.54*0403*1~
DTM*472*20220107~
CAS*CO*45*203.46~
REF*6R*100261741-2~
AMT*B6*33.54~
LX*127~
CLP*100261524*1*184*138**HM*0006703012*14~
NM1*QC*1*HENSLEY*KESHA****MI*AM0031807001~
REF*1L*A19930006~
AMT*AU*138~
SVC*HC>U0003*184*138*0300*1~
DTM*472*20220110~
CAS*CO*45*46~
REF*6R*100261524-1~
AMT*B6*138~
LX*128~
CLP*100260528*4*176699.53*0*176699.53*HM*0006703014*11~
NM1*QC*1*WHITAKER*CHARLES****MI*0004404013001~
REF*1L*FFMEXCHANGE~
DTM*232*20211215~
DTM*233*20220103~
SVC*NU>0111*31236*0**0**19~
CAS*PR*27*31236~
REF*6R*100260528-1~
LQ*HE*N30~
SVC*NU>0250*68415.53*0**0**562~
CAS*PR*27*68415.53~
REF*6R*100260528-2~
LQ*HE*N30~
SVC*NU>0260*775*0**0**2~
CAS*PR*27*775~
REF*6R*100260528-3~
LQ*HE*N30~
SVC*NU>0271*407*0**0**49~
CAS*PR*27*407~
REF*6R*100260528-4~
LQ*HE*N30~
SVC*NU>0272*280*0**0**13~
CAS*PR*27*280~
REF*6R*100260528-5~
LQ*HE*N30~
SVC*NU>0300*34770*0**0**206~
CAS*PR*27*34770~
REF*6R*100260528-6~
LQ*HE*N30~
SVC*NU>0306*991*0**0**2~
CAS*PR*27*991~
REF*6R*100260528-7~
LQ*HE*N30~
SVC*NU>0320*833*0**0**2~
CAS*PR*27*833~
REF*6R*100260528-8~
LQ*HE*N30~
SVC*NU>0761*5215*0**0**1~
CAS*PR*27*5215~
REF*6R*100260528-9~
LQ*HE*N30~
SVC*NU>0390*10032*0**0**6~
CAS*PR*27*10032~
REF*6R*100260528-10~
LQ*HE*N30~
SVC*NU>0391*4720*0**0**4~
CAS*PR*27*4720~
REF*6R*100260528-11~
LQ*HE*N30~
SVC*NU>0402*1702*0**0**1~
CAS*PR*27*1702~
REF*6R*100260528-12~
LQ*HE*N30~
SVC*NU>0420*3200*0**0**14~
CAS*PR*27*3200~
REF*6R*100260528-13~
LQ*HE*N30~
SVC*NU>0424*603*0**0**1~
CAS*PR*27*603~
REF*6R*100260528-14~
LQ*HE*N30~
SVC*NU>0430*3166*0**0**13~
CAS*PR*27*3166~
REF*6R*100260528-15~
LQ*HE*N30~
SVC*NU>0434*353*0**0**1~
CAS*PR*27*353~
REF*6R*100260528-16~
LQ*HE*N30~
SVC*NU>0450*2674*0**0**1~
CAS*PR*27*2674~
REF*6R*100260528-17~
LQ*HE*N30~
SVC*NU>0483*3121*0**0**1~
CAS*PR*27*3121~
REF*6R*100260528-18~
LQ*HE*N30~
SVC*NU>0611*3252*0**0**1~
CAS*PR*27*3252~
REF*6R*100260528-19~
LQ*HE*N30~
SVC*NU>0730*954*0**0**2~
CAS*PR*27*954~
REF*6R*100260528-20~
LQ*HE*N30~
LX*129~
CLP*100261700*1*833.55*0*416.78*HM*0006703018*13~
NM1*QC*1*HOUSE*PAIGE****MI*AS1005845001~
REF*1L*A00000014~
SVC*NU>0250*19.55*0**0**1~
DTM*472*20220107~
CAS*PR*1*9.78~
CAS*CO*45*9.77~
REF*6R*100261700-1~
AMT*B6*9.78~
SVC*HC>96360*814*0*0260*0**1~
DTM*472*20220107~
CAS*PR*1*407~
CAS*CO*45*407~
REF*6R*100261700-2~
AMT*B6*407~
LX*130~
CLP*100261442*1*13978.64*3383.04*630.87*HM*0006703022*13~
NM1*QC*1*MONTGOMERY*GINGER*S***MI*0004913800001~
REF*1L*FFMEXCHANGE~
AMT*AU*3383.04~
SVC*NU>0250*1052.34*368.32**1~
DTM*472*20220106~
CAS*PR*2*157.85~
CAS*CO*45*526.17~
REF*6R*100261442-1~
AMT*B6*526.17~
SVC*HC>96374>59*529*185.15*0260*1~
DTM*472*20220106~
CAS*PR*2*79.35~
CAS*CO*45*264.5~
REF*6R*100261442-2~
AMT*B6*264.5~
SVC*NU>0271*67*23.45**9~
DTM*472*20220106~
CAS*PR*2*10.05~
CAS*CO*45*33.5~
REF*6R*100261442-3~
AMT*B6*33.5~
SVC*NU>0272*39*13.65**2~
DTM*472*20220106~
CAS*PR*2*5.85~
CAS*CO*45*19.5~
REF*6R*100261442-4~
AMT*B6*19.5~
SVC*HC>36415*30*15*0300*1~
DTM*472*20220106~
CAS*CO*45*15~
REF*6R*100261442-5~
AMT*B6*15~
SVC*HC>80053*442*15.84*0300*1~
DTM*472*20220106~
CAS*CO*45*426.16~
REF*6R*100261442-6~
AMT*B6*15.84~
SVC*HC>81001*150*4.76*0300*1~
DTM*472*20220106~
CAS*CO*45*145.24~
REF*6R*100261442-7~
AMT*B6*4.76~
SVC*HC>82550*189*9.77*0300*1~
DTM*472*20220106~
CAS*CO*45*179.23~
REF*6R*100261442-8~
AMT*B6*9.77~
SVC*HC>83605*750*52.07*0300*3~
DTM*472*20220106~
CAS*CO*45*697.93~
REF*6R*100261442-9~
AMT*B6*52.07~
SVC*HC>83690*50*10.34*0300*1~
DTM*472*20220106~
CAS*CO*45*39.66~
REF*6R*100261442-10~
AMT*B6*10.34~
SVC*HC>84484*734*37.41*0300*2~
DTM*472*20220106~
CAS*CO*45*696.59~
REF*6R*100261442-11~
AMT*B6*37.41~
SVC*HC>85025*233*11.66*0300*1~
DTM*472*20220106~
CAS*CO*45*221.34~
REF*6R*100261442-12~
AMT*B6*11.66~
SVC*HC>85610*228*6.44*0300*1~
DTM*472*20220106~
CAS*CO*45*221.56~
REF*6R*100261442-13~
AMT*B6*6.44~
SVC*HC>85379*436*15.27*0305*1~
DTM*472*20220106~
CAS*CO*45*420.73~
REF*6R*100261442-14~
AMT*B6*15.27~
SVC*HC>71045*396*15.77*0320*1~
DTM*472*20220106~
CAS*PR*2*6.76~
CAS*CO*45*373.47~
REF*6R*100261442-15~
AMT*B6*22.53~
SVC*HC>74177*4619*595.35*0352*1~
DTM*472*20220106~
CAS*PR*2*255.15~
CAS*CO*45*3768.5~
REF*6R*100261442-16~
AMT*B6*850.5~
SVC*HC>76705*1015*493.14*0402*1~
DTM*472*20220106~
CAS*PR*2*115.86~
CAS*CO*45*406~
REF*6R*100261442-17~
AMT*B6*609~
SVC*HC>99284>25*2016*1008*0450*1~
DTM*472*20220106~
CAS*CO*45*1008~
REF*6R*100261442-18~
AMT*B6*1008~
SVC*HC>S0164*49.3*24.65*0636*1~
DTM*472*20220106~
CAS*CO*45*24.65~
REF*6R*100261442-19~
AMT*B6*24.65~
SVC*HC>93005*954*477*0730*2~
DTM*472*20220106~
CAS*CO*45*477~
REF*6R*100261442-20~
AMT*B6*477~
LX*131~
CLP*100261190*4*937*0*937*HM*0006703023*13~
NM1*QC*1*MCMAHAN*AMBER****MI*AM0002557001~
REF*1L*A19930011~
SVC*HC>77067*700*0*0403*0**1~
DTM*472*20220107~
CAS*PR*6*700~
REF*6R*100261190-1~
AMT*B6*145.98~
SVC*HC>77063*237*0*0403*0**1~
DTM*472*20220107~
CAS*PR*6*237~
REF*6R*100261190-2~
AMT*B6*38.46~
LX*132~
CLP*100261349*1*255*0*35.33*HM*0006703024*13~
NM1*QC*1*GOMEZ*ORLANDO*L***MI*AM0037509001~
REF*1L*2021-A23950001~
SVC*HC>71046*255*0*0320*0**1~
DTM*472*20220107~
CAS*PR*1*35.33~
CAS*CO*45*219.67~
REF*6R*100261349-1~
AMT*B6*35.33~
LX*133~
CLP*100261862*1*744*11.9*2.98*HM*0006703027*14~
NM1*QC*1*OWENBY*CYNTHIA*R***MI*AM1000878001~
REF*1L*A13840001~
AMT*AU*11.9~
SVC*HC>87186*310*11.9*0306*1~
DTM*472*20211209~
CAS*PR*2*2.98~
CAS*CO*45*295.12~
REF*6R*100261862-1~
AMT*B6*14.88~
LQ*HE*N548~
SVC*HC>87086*337*0*0306*0**1~
DTM*472*20211209~
CAS*CO*18*337~
REF*6R*100261862-2~
AMT*B6*13.88~
LQ*HE*N522~
SVC*HC>87077*97*0*0306*0**1~
DTM*472*20211209~
CAS*CO*18*97~
REF*6R*100261862-3~
AMT*B6*13.9~
LQ*HE*N522~
LX*134~
CLP*100262209*1*268*0*29.42*HM*0006705063*13~
NM1*QC*1*HEDDEN*JONATHAN****MI*0001106002001~
REF*1L*FFMEXCHANGE~
SVC*HC>71046*268*0*0320*0**1~
DTM*472*20210818~
CAS*PR*1*29.42~
CAS*CO*45*238.58~
REF*6R*100262209-1~
AMT*B6*29.42~
LX*135~
CLP*100262390*1*2174*1273.32*250*HM*0006705066*13~
NM1*QC*1*IDOM*CHARLES****MI*AM0002072001~
REF*1L*A19930012~
AMT*AU*1273.32~
SVC*HC>U0003*175*131.25*0300*1~
DTM*472*20220108~
CAS*CO*45*43.75~
REF*6R*100262390-1~
AMT*B6*131.25~
SVC*HC>C9803*235*176.25*0300*1~
DTM*472*20220108~
CAS*CO*45*58.75~
REF*6R*100262390-2~
AMT*B6*176.25~
SVC*HC>87631*470*245.32*0300*1~
DTM*472*20220108~
CAS*CO*45*224.68~
REF*6R*100262390-3~
AMT*B6*245.32~
SVC*HC>99283*1294*720.5*0450*1~
DTM*472*20220108~
CAS*PR*3*250~
CAS*CO*45*323.5~
REF*6R*100262390-4~
AMT*B6*970.5~
LX*136~
CLP*100262350*4*719*0**HM*0006705067*13~
NM1*QC*1*REED*TARA*N***MI*AM1040563001~
REF*1L*A19930021~
SVC*HC>99282*719*0*0450*0**1~
DTM*472*20220108~
CAS*CO*96*719~
REF*6R*100262350-1~
AMT*B6*539.25~
LX*137~
CLP*100237200*22*-577*0**HM*0006554965*13~
NM1*QC*1*BROWN*AVETT*L***MI*AS1004730002~
NM1*IL*1*BROWN*MELISSA*N***MI*AS1004730001~
REF*1L*A00000014~
SVC*HC>86140*-314*0*0300*0**1~
DTM*472*20211123~
CAS*PR*27*-314~
REF*6R*100237200-1~
LQ*HE*N30~
SVC*HC>85025*-233*0*0300*0**1~
DTM*472*20211123~
CAS*PR*27*-233~
REF*6R*100237200-2~
LQ*HE*N30~
SVC*HC>36415*-30*0*0300*0**1~
DTM*472*20211123~
CAS*PR*27*-30~
REF*6R*100237200-3~
LQ*HE*N30~
LX*138~
CLP*100237200*4*577*0*577*HM*0006554965*13~
NM1*QC*1*BROWN*AVETT*L***MI*AS1004730002~
NM1*IL*1*BROWN*MELISSA*N***MI*AS1004730001~
REF*1L*A00000014~
SVC*HC>86140*314*0*0300*0**1~
DTM*472*20211123~
CAS*PR*A1*314~
REF*6R*100237200-1~
LQ*HE*N30~
SVC*HC>85025*233*0*0300*0**1~
DTM*472*20211123~
CAS*PR*A1*233~
REF*6R*100237200-2~
LQ*HE*N30~
SVC*HC>36415*30*0*0300*0**1~
DTM*472*20211123~
CAS*PR*A1*30~
REF*6R*100237200-3~
LQ*HE*N30~
LX*139~
CLP*100240109*22*-4360*-114.5**HM*0006572789*13~
NM1*QC*1*CARROLL*SHANNON*M***MI*0004204734001~
REF*1L*FFMEXCHANGE~
SVC*HC>97113>CQ>GP*-729*0*0420*0**3~
DTM*472*20211111~
CAS*CO*96*-729~
REF*6R*100240109-1~
SVC*HC>97113>CQ>GP*-729*0*0420*0**3~
DTM*472*20211112~
CAS*CO*96*-729~
REF*6R*100240109-2~
SVC*HC>97113>CQ>GP*-972*0*0420*0**4~
DTM*472*20211117~
CAS*CO*96*-972~
REF*6R*100240109-3~
SVC*HC>97113>CQ>GP*-729*0*0420*0**3~
DTM*472*20211119~
CAS*CO*96*-729~
REF*6R*100240109-4~
SVC*HC>97113>CQ>GP*-972*0*0420*0**4~
DTM*472*20211123~
CAS*CO*96*-972~
REF*6R*100240109-5~
SVC*HC>97110>GP*-229*-114.5*0420*1~
DTM*472*20211124~
CAS*CO*45*-114.5~
REF*6R*100240109-6~
LX*140~
CLP*100240109*1*4360*114.5*4131*HM*0006572789*13~
NM1*QC*1*CARROLL*SHANNON*M***MI*0004204734001~
REF*1L*FFMEXCHANGE~
AMT*AU*114.5~
SVC*HC>97113>CQ>GP*729*0*0420*0**3~
DTM*472*20211111~
CAS*PR*46*729~
REF*6R*100240109-1~
AMT*B6*364.5~
SVC*HC>97113>CQ>GP*729*0*0420*0**3~
DTM*472*20211112~
CAS*PR*46*729~
REF*6R*100240109-2~
AMT*B6*364.5~
SVC*HC>97113>CQ>GP*972*0*0420*0**4~
DTM*472*20211117~
CAS*PR*46*972~
REF*6R*100240109-3~
AMT*B6*486~
SVC*HC>97113>CQ>GP*729*0*0420*0**3~
DTM*472*20211119~
CAS*PR*46*729~
REF*6R*100240109-4~
AMT*B6*364.5~
SVC*HC>97113>CQ>GP*972*0*0420*0**4~
DTM*472*20211123~
CAS*PR*46*972~
REF*6R*100240109-5~
AMT*B6*486~
SVC*HC>97110>GP*229*114.5*0420*1~
DTM*472*20211124~
CAS*CO*45*114.5~
REF*6R*100240109-6~
AMT*B6*114.5~
LX*141~
CLP*100262016*1*1317*138.55*29.42*HM*0006705069*13~
NM1*QC*1*HEDDEN*JONATHAN****MI*0001106002001~
REF*1L*FFMEXCHANGE~
AMT*AU*138.55~
SVC*HC>U0003*184*92*0300*1~
DTM*472*20210813~
CAS*CO*45*92~
REF*6R*100262016-1~
AMT*B6*92~
SVC*HC>85652*157*4.05*0300*1~
DTM*472*20210813~
CAS*CO*45*152.95~
REF*6R*100262016-2~
AMT*B6*4.05~
SVC*HC>85025*213*11.66*0300*1~
DTM*472*20210813~
CAS*CO*45*201.34~
REF*6R*100262016-3~
AMT*B6*11.66~
SVC*HC>80053*465*15.84*0300*1~
DTM*472*20210813~
CAS*CO*45*449.16~
REF*6R*100262016-4~
AMT*B6*15.84~
SVC*HC>36415*30*15*0300*1~
DTM*472*20210813~
CAS*CO*45*15~
REF*6R*100262016-5~
AMT*B6*15~
SVC*HC>71046*268*0*0320*0**1~
DTM*472*20210813~
CAS*PR*1*29.42~
CAS*CO*45*238.58~
REF*6R*100262016-6~
AMT*B6*29.42~
LX*142~
CLP*100262513*1*1071*52.95**HM*0006705072*14~
NM1*QC*1*CARROLL*SHANNON*M***MI*0004204734001~
REF*1L*FFMEXCHANGE~
AMT*AU*52.95~
SVC*HC>86364*78*39*0300*1~
DTM*472*20220111~
CAS*CO*45*39~
REF*6R*100262513-1~
AMT*B6*39~
SVC*HC>85025*233*0*0300*0**1~
DTM*472*20220111~
CAS*CO*A1*233~
REF*6R*100262513-2~
AMT*B6*11.66~
LQ*HE*M15~
SVC*HC>84443*277*0*0300*0**1~
DTM*472*20220111~
CAS*CO*A1*277~
REF*6R*100262513-3~
AMT*B6*25.2~
LQ*HE*M15~
SVC*HC>82784*41*13.95*0300*1~
DTM*472*20220111~
CAS*CO*45*27.05~
REF*6R*100262513-4~
AMT*B6*13.95~
SVC*HC>80053*442*0*0300*0**1~
DTM*472*20220111~
CAS*CO*A1*442~
REF*6R*100262513-5~
AMT*B6*15.84~
LQ*HE*M15~
LX*143~
CLP*100262411*1*808*38.25**HM*0006705073*14~
NM1*QC*1*SCOTT*LISA*P***MI*AS1004562001~
REF*1L*A00000014~
AMT*AU*38.25~
SVC*HC>82947*142*5.9*0300*1~
DTM*472*20220111~
CAS*CO*45*136.1~
REF*6R*100262411-1~
AMT*B6*5.9~
SVC*HC>80076*374*12.26*0300*1~
DTM*472*20220111~
CAS*CO*45*361.74~
REF*6R*100262411-2~
AMT*B6*12.26~
SVC*HC>80061*292*20.09*0300*1~
DTM*472*20220111~
CAS*CO*45*271.91~
REF*6R*100262411-3~
AMT*B6*20.09~
LX*144~
CLP*100262249*1*11691.99*1635.68*3413.51*HM*0006705074*13~
NM1*QC*1*NICHOLS*JAMES****MI*44100000475001~
REF*1L*A28360001~
AMT*AU*1635.68~
SVC*NU>0250*691.99*0**0**1~
DTM*472*20220107~
CAS*PR*1*518.99~
CAS*CO*45*173~
REF*6R*100262249-1~
AMT*B6*518.99~
SVC*HC>96361*214*0*0260*0**1~
DTM*472*20220107~
CAS*PR*1*160.5~
CAS*CO*45*53.5~
REF*6R*100262249-2~
AMT*B6*160.5~
SVC*HC>96374>59*529*0*0260*0**1~
DTM*472*20220107~
CAS*PR*1*396.75~
CAS*CO*45*132.25~
REF*6R*100262249-3~
AMT*B6*396.75~
SVC*HC>96375*409*0*0260*0**1~
DTM*472*20220107~
CAS*PR*1*306.75~
CAS*CO*45*102.25~
REF*6R*100262249-4~
AMT*B6*306.75~
SVC*HC>96376*409*0*0260*0**1~
DTM*472*20220107~
CAS*PR*1*306.75~
CAS*CO*45*102.25~
REF*6R*100262249-5~
AMT*B6*306.75~
SVC*NU>0271*33*0**0**4~
DTM*472*20220107~
CAS*PR*1*24.75~
CAS*CO*45*8.25~
REF*6R*100262249-6~
AMT*B6*24.75~
SVC*NU>0272*33*0**0**1~
DTM*472*20220107~
CAS*PR*1*24.75~
CAS*CO*45*8.25~
REF*6R*100262249-7~
AMT*B6*24.75~
SVC*HC>36415*30*22.5*0300*1~
DTM*472*20220107~
CAS*CO*45*7.5~
REF*6R*100262249-8~
AMT*B6*22.5~
SVC*HC>80053*442*18.16*0300*1~
DTM*472*20220107~
CAS*CO*45*423.84~
REF*6R*100262249-9~
AMT*B6*18.16~
SVC*HC>81001*150*5.45*0300*1~
DTM*472*20220107~
CAS*CO*45*144.55~
REF*6R*100262249-10~
AMT*B6*5.45~
SVC*HC>83605*500*39.8*0300*2~
DTM*472*20220107~
CAS*CO*45*460.2~
REF*6R*100262249-11~
AMT*B6*39.8~
SVC*HC>83690*50*11.85*0300*1~
DTM*472*20220107~
CAS*CO*45*38.15~
REF*6R*100262249-12~
AMT*B6*11.85~
SVC*HC>85025*233*13.36*0300*1~
DTM*472*20220107~
CAS*CO*45*219.64~
REF*6R*100262249-13~
AMT*B6*13.36~
SVC*HC>85610*208*7.38*0300*1~
DTM*472*20220107~
CAS*CO*45*200.62~
REF*6R*100262249-14~
AMT*B6*7.38~
SVC*HC>85730*245*10.34*0300*1~
DTM*472*20220107~
CAS*CO*45*234.66~
REF*6R*100262249-15~
AMT*B6*10.34~
SVC*HC>87631*470*245.32*0300*1~
DTM*472*20220107~
CAS*CO*45*224.68~
REF*6R*100262249-16~
AMT*B6*245.32~
SVC*HC>C9803*235*176.25*0300*1~
DTM*472*20220107~
CAS*CO*45*58.75~
REF*6R*100262249-17~
AMT*B6*176.25~
SVC*HC>U0003*175*131.25*0300*1~
DTM*472*20220107~
CAS*CO*45*43.75~
REF*6R*100262249-18~
AMT*B6*131.25~
SVC*HC>74177*4619*0*0352*0**1~
DTM*472*20220107~
CAS*PR*1*1116.29~
CAS*CO*45*3502.71~
REF*6R*100262249-19~
AMT*B6*1116.29~
SVC*HC>99284>25*2016*954.02*0450*1~
DTM*472*20220107~
CAS*PR*1*319.47**2*238.51~
CAS*CO*45*504~
REF*6R*100262249-20~
AMT*B6*1512~
LQ*HE*N548~
LX*145~
CLP*100262404*1*7623.18*806.05*2701.51*HM*0006705077*13~
NM1*QC*1*SAMPSON*MARGARET****MI*AM0017275001~
REF*1L*A12500001~
AMT*AU*806.05~
SVC*NU>0250*102.18*0**0**1~
DTM*472*20220108~
CAS*PR*1*76.64~
CAS*CO*45*25.54~
REF*6R*100262404-1~
AMT*B6*76.64~
SVC*HC>96372>59*383*0*0260*0**1~
DTM*472*20220108~
CAS*CO*B18*383~
REF*6R*100262404-2~
AMT*B6*287.25~
SVC*HC>96374>59*529*0*0260*0**1~
DTM*472*20220108~
CAS*PR*1*396.75~
CAS*CO*45*132.25~
REF*6R*100262404-3~
AMT*B6*396.75~
SVC*HC>96375>59*409*0*0260*0**1~
DTM*472*20220108~
CAS*PR*1*306.75~
CAS*CO*45*102.25~
REF*6R*100262404-4~
AMT*B6*306.75~
SVC*NU>0271*36*0**0**4~
DTM*472*20220108~
CAS*PR*1*27~
CAS*CO*45*9~
REF*6R*100262404-5~
AMT*B6*27~
SVC*NU>0272*16*0**0**3~
DTM*472*20220108~
CAS*PR*1*12~
CAS*CO*45*4~
REF*6R*100262404-6~
AMT*B6*12~
SVC*HC>36415*30*0*0300*0**1~
DTM*472*20220108~
CAS*PR*1*22.5~
CAS*CO*45*7.5~
REF*6R*100262404-7~
AMT*B6*22.5~
SVC*HC>80053*442*0*0300*0**1~
DTM*472*20220108~
CAS*PR*1*18.16~
CAS*CO*45*423.84~
REF*6R*100262404-8~
AMT*B6*18.16~
SVC*HC>84484*367*0*0300*0**1~
DTM*472*20220108~
CAS*PR*1*21.45~
CAS*CO*45*345.55~
REF*6R*100262404-9~
AMT*B6*21.45~
SVC*HC>85025*233*0*0300*0**1~
DTM*472*20220108~
CAS*PR*1*13.36~
CAS*CO*45*219.64~
REF*6R*100262404-10~
AMT*B6*13.36~
SVC*HC>85610*208*0*0300*0**1~
DTM*472*20220108~
CAS*PR*1*7.38~
CAS*CO*45*200.62~
REF*6R*100262404-11~
AMT*B6*7.38~
SVC*HC>85730*245*0*0300*0**1~
DTM*472*20220108~
CAS*PR*1*10.34~
CAS*CO*45*234.66~
REF*6R*100262404-12~
AMT*B6*10.34~
SVC*HC>73030>RT*1214*0*0320*0**1~
DTM*472*20220108~
CAS*PR*1*38.48~
CAS*CO*45*1175.52~
REF*6R*100262404-13~
AMT*B6*38.48~
SVC*HC>27198>RT*2115*29.65*0450*1~
DTM*472*20220108~
CAS*PR*1*1549.19**2*7.41~
CAS*CO*45*528.75~
REF*6R*100262404-14~
AMT*B6*1586.25~
LQ*HE*N548~
SVC*HC>99283>25*1294*776.4*0450*1~
DTM*472*20220108~
CAS*PR*2*194.1~
CAS*CO*45*323.5~
REF*6R*100262404-15~
AMT*B6*970.5~
LQ*HE*N548~
LX*146~
CLP*250037970*4*814*0**HM*0006705078*13~
NM1*QC*1*PAYNE*CHRISTI****MI*0001028155001~
REF*1L*FFMEXCHANGE~
SVC*HC>96360*814*0*0260*0**1~
DTM*472*20210604~
CAS*CO*29*814~
REF*6R*250037970-1~
AMT*B6*407~
LX*147~
CLP*250074942*1*215*122.81*25*HM*0006705861*11~
NM1*QC*1*VESS*JAMES****MI*AM1062735002~
NM1*IL*1*VESS*VICKIE****MI*AM1062735001~
NM1*82*1*CHEEVER*BRYAN****XX*1063459220~
REF*1L*A28250001~
AMT*AU*122.81~
SVC*HC>99214>GC*215*122.81**1~
DTM*472*20220103~
CAS*PR*3*25~
CAS*CO*45*67.19~
REF*6R*250074942-1~
AMT*B6*147.81~
LX*148~
CLP*100262645*1*4528.11*651.5*1590.08*HM*0006707556*13~
NM1*QC*1*ROJAS*MANUEL*R***MI*AM0017235001~
REF*1L*2021-A24410001~
AMT*AU*651.5~
SVC*NU>0250*46.11*0**0**1~
DTM*472*20220109~
CAS*PR*1*34.58~
CAS*CO*45*11.53~
REF*6R*100262645-1~
AMT*B6*34.58~
SVC*HC>96361*214*0*0260*0**1~
DTM*472*20220109~
CAS*PR*1*160.5~
CAS*CO*45*53.5~
REF*6R*100262645-2~
AMT*B6*160.5~
SVC*HC>96374*529*0*0260*0**1~
DTM*472*20220109~
CAS*PR*1*396.75~
CAS*CO*45*132.25~
REF*6R*100262645-3~
AMT*B6*396.75~
SVC*NU>0271*31*0**0**3~
DTM*472*20220109~
CAS*PR*1*23.25~
CAS*CO*45*7.75~
REF*6R*100262645-4~
AMT*B6*23.25~
SVC*NU>0272*6*0**0**1~
DTM*472*20220109~
CAS*PR*1*4.5~
CAS*CO*45*1.5~
REF*6R*100262645-5~
AMT*B6*4.5~
SVC*HC>36415*30*22.5*0300*1~
DTM*472*20220109~
CAS*CO*45*7.5~
REF*6R*100262645-6~
AMT*B6*22.5~
SVC*HC>80053*442*18.16*0300*1~
DTM*472*20220109~
CAS*CO*45*423.84~
REF*6R*100262645-7~
AMT*B6*18.16~
SVC*HC>81001*150*5.45*0300*1~
DTM*472*20220109~
CAS*CO*45*144.55~
REF*6R*100262645-8~
AMT*B6*5.45~
SVC*HC>82010*198*14.05*0300*1~
DTM*472*20220109~
CAS*CO*45*183.95~
REF*6R*100262645-9~
AMT*B6*14.05~
SVC*HC>82962*138*11.28*0300*2~
DTM*472*20220109~
CAS*CO*45*126.72~
REF*6R*100262645-10~
AMT*B6*11.28~
SVC*HC>85025*233*13.36*0300*1~
DTM*472*20220109~
CAS*CO*45*219.64~
REF*6R*100262645-11~
AMT*B6*13.36~
SVC*HC>87631*470*245.32*0300*1~
DTM*472*20220109~
CAS*CO*45*224.68~
REF*6R*100262645-12~
AMT*B6*245.32~
SVC*HC>C9803*235*176.25*0300*1~
DTM*472*20220109~
CAS*CO*45*58.75~
REF*6R*100262645-13~
AMT*B6*176.25~
SVC*HC>U0003*175*131.25*0300*1~
DTM*472*20220109~
CAS*CO*45*43.75~
REF*6R*100262645-14~
AMT*B6*131.25~
SVC*HC>87086*337*13.88*0306*1~
DTM*472*20220109~
CAS*CO*45*323.12~
REF*6R*100262645-15~
AMT*B6*13.88~
SVC*HC>99283>25*1294*0*0450*0**1~
DTM*472*20220109~
CAS*PR*1*970.5~
CAS*CO*45*323.5~
REF*6R*100262645-16~
AMT*B6*970.5~
LX*149~
CLP*100262640*1*2184.1*1280.9*250*HM*0006707557*13~
NM1*QC*1*HICKS*JENNIFER*R***MI*AM1051007001~
REF*1L*A28530001~
AMT*AU*1280.9~
SVC*NU>0250*10.1*0**0**1~
DTM*472*20220109~
CAS*PR*3*7.58~
CAS*CO*45*2.52~
REF*6R*100262640-1~
AMT*B6*7.58~
SVC*HC>87631*470*245.32*0300*1~
DTM*472*20220109~
CAS*CO*45*224.68~
REF*6R*100262640-2~
AMT*B6*245.32~
SVC*HC>C9803*235*176.25*0300*1~
DTM*472*20220109~
CAS*CO*45*58.75~
REF*6R*100262640-3~
AMT*B6*176.25~
SVC*HC>U0003*175*131.25*0300*1~
DTM*472*20220109~
CAS*CO*45*43.75~
REF*6R*100262640-4~
AMT*B6*131.25~
SVC*HC>99283*1294*728.08*0450*1~
DTM*472*20220109~
CAS*PR*3*242.42~
CAS*CO*45*323.5~
REF*6R*100262640-5~
AMT*B6*970.5~
LX*150~
CLP*1112022V8518*4*198*0*198*HM*0006708222*11~
NM1*QC*1*DRAPER*JOHN****MI*AS1000667001~
NM1*82*1*LEWIS*CHANTAL****XX*1821439985~
REF*1L*A00000014~
SVC*HC>80053>90*31*0**0**1~
DTM*472*20220112~
CAS*PR*257*31~
REF*6R*13326125P8518B84320~
AMT*B6*11.19~
LQ*HE*N617~
SVC*HC>84439>90*39*0**0**1~
DTM*472*20220112~
CAS*PR*257*39~
REF*6R*13326126P8518B84320~
AMT*B6*9.56~
LQ*HE*N617~
SVC*HC>85027>90*17*0**0**1~
DTM*472*20220112~
CAS*PR*257*17~
REF*6R*13326127P8518B84320~
AMT*B6*6.86~
LQ*HE*N617~
SVC*HC>84480>90*47*0**0**1~
DTM*472*20220112~
CAS*PR*257*47~
REF*6R*13326128P8518B84320~
AMT*B6*15.03~
LQ*HE*N617~
SVC*HC>84443>90*50*0**0**1~
DTM*472*20220112~
CAS*PR*257*50~
REF*6R*13326129P8518B84320~
AMT*B6*17.81~
LQ*HE*N617~
SVC*HC>36415*14*0**0**1~
DTM*472*20220112~
CAS*PR*257*14~
REF*6R*13326130P8518B84320~
AMT*B6*3.48~
LQ*HE*N617~
LX*151~
CLP*1109126V8518*1*163*53.39**HM*0006708225*11~
NM1*QC*1*CALDWELL*EDWARD****MI*44100000443001~
NM1*82*1*LEWIS*CHANTAL****XX*1821439985~
REF*1L*A28340001~
AMT*AU*53.39~
SVC*HC>84443>90*50*17.81**1~
DTM*472*20220106~
CAS*CO*45*32.19~
REF*6R*13300170P8518B84320~
AMT*B6*17.81~
SVC*HC>84439>90*39*9.56**1~
DTM*472*20220106~
CAS*CO*45*29.44~
REF*6R*13300171P8518B84320~
AMT*B6*9.56~
SVC*HC>84305>90*60*22.54**1~
DTM*472*20220106~
CAS*CO*45*37.46~
REF*6R*13300172P8518B84320~
AMT*B6*22.54~
SVC*HC>36415*14*3.48**1~
DTM*472*20220106~
CAS*CO*45*10.52~
REF*6R*13300173P8518B84320~
AMT*B6*3.48~
LX*152~
CLP*250075077*4*725*0*725*HM*0006708232*21~
NM1*QC*1*WHITAKER*CHARLES****MI*0004404013001~
NM1*82*1*IHENATU*EMEKA****XX*1841653508~
REF*1L*FFMEXCHANGE~
SVC*HC>99223>GC*725*0**0**1~
DTM*472*20211216~
CAS*PR*27*725~
REF*6R*250075077-1~
LQ*HE*N30~
LX*153~
CLP*250075078*4*19*0*19*HM*0006708233*21~
NM1*QC*1*WHITAKER*CHARLES****MI*0004404013001~
NM1*82*1*AHMAD*EZAD****XX*1770597361~
REF*1L*FFMEXCHANGE~
SVC*HC>93010*19*0**0**1~
DTM*472*20211216~
CAS*PR*27*19~
REF*6R*250075078-1~
LQ*HE*N30~
LX*154~
CLP*250075076*4*309*0*309*HM*0006708234*21~
NM1*QC*1*WHITAKER*CHARLES****MI*0004404013001~
NM1*82*1*AHMAD*MOHAMMAD****XX*1831273036~
REF*1L*FFMEXCHANGE~
SVC*HC>90792>95*309*0**0**1~
DTM*472*20211216~
CAS*PR*27*309~
REF*6R*250075076-1~
LQ*HE*N30~
LX*155~
CLP*250075072*4*866*0*866*HM*0006708235*21~
NM1*QC*1*WHITAKER*CHARLES****MI*0004404013001~
NM1*82*1*MASSON*SARBJIT****XX*1023538279~
REF*1L*FFMEXCHANGE~
SVC*HC>99232>GC*246*0**0**1~
DTM*472*20211217~
CAS*PR*27*246~
REF*6R*250075072-1~
LQ*HE*N30~
SVC*HC>99232>GC*246*0**0**1~
DTM*472*20211218~
CAS*PR*27*246~
REF*6R*250075072-2~
LQ*HE*N30~
SVC*HC>99232>GC*246*0**0**1~
DTM*472*20211219~
CAS*PR*27*246~
REF*6R*250075072-3~
LQ*HE*N30~
SVC*HC>99231>GC*128*0**0**1~
DTM*472*20211220~
CAS*PR*27*128~
REF*6R*250075072-4~
LQ*HE*N30~
LX*156~
CLP*250075073*4*1722*0*1722*HM*0006708236*21~
NM1*QC*1*WHITAKER*CHARLES****MI*0004404013001~
NM1*82*1*JO*STEPHEN****XX*1922071943~
REF*1L*FFMEXCHANGE~
SVC*HC>99232>GC*246*0**0**1~
DTM*472*20211221~
CAS*PR*27*246~
REF*6R*250075073-1~
LQ*HE*N30~
SVC*HC>99232>GC*246*0**0**1~
DTM*472*20211222~
CAS*PR*27*246~
REF*6R*250075073-2~
LQ*HE*N30~
SVC*HC>99232>GC*246*0**0**1~
DTM*472*20211223~
CAS*PR*27*246~
REF*6R*250075073-3~
LQ*HE*N30~
SVC*HC>99232>GC*246*0**0**1~
DTM*472*20211224~
CAS*PR*27*246~
REF*6R*250075073-4~
LQ*HE*N30~
SVC*HC>99232>GC*246*0**0**1~
DTM*472*20211225~
CAS*PR*27*246~
REF*6R*250075073-5~
LQ*HE*N30~
SVC*HC>99232>GC*246*0**0**1~
DTM*472*20211226~
CAS*PR*27*246~
REF*6R*250075073-6~
LQ*HE*N30~
SVC*HC>99232>GC*246*0**0**1~
DTM*472*20211227~
CAS*PR*27*246~
REF*6R*250075073-7~
LQ*HE*N30~
LX*157~
CLP*250075074*4*19*0*19*HM*0006708237*21~
NM1*QC*1*WHITAKER*CHARLES****MI*0004404013001~
NM1*82*1*VERMA*RAJIV****XX*1609809813~
REF*1L*FFMEXCHANGE~
SVC*HC>93010*19*0**0**1~
DTM*472*20211227~
CAS*PR*27*19~
REF*6R*250075074-1~
LQ*HE*N30~
LX*158~
CLP*250069381*1*1705*152.95**HM*0006708239*21~
NM1*QC*1*FARMER*JOHN*H***MI*AM0042575001~
NM1*82*1*SABETGHADAM*PAYMAN****XX*1205247392~
REF*1L*A26840001~
AMT*AU*152.95~
SVC*HC>99233*353*0**0**1~
DTM*472*20211102~
CAS*CO*18*353~
REF*6R*250069381-1~
AMT*B6*152.95~
LQ*HE*N522~
SVC*HC>99233*353*152.95**1~
DTM*472*20211103~
CAS*CO*45*200.05~
REF*6R*250069381-2~
AMT*B6*152.95~
SVC*HC>99233*353*0**0**1~
DTM*472*20211104~
CAS*CO*18*353~
REF*6R*250069381-3~
AMT*B6*152.95~
LQ*HE*N522~
SVC*HC>99232*259*0**0**1~
DTM*472*20211105~
CAS*CO*18*259~
REF*6R*250069381-4~
AMT*B6*106.44~
LQ*HE*N522~
SVC*HC>99231*128*0**0**1~
DTM*472*20211106~
CAS*CO*18*128~
REF*6R*250069381-5~
AMT*B6*56.95~
LQ*HE*N522~
SVC*HC>99232*259*0**0**1~
DTM*472*20211107~
CAS*CO*18*259~
REF*6R*250069381-6~
AMT*B6*106.44~
LQ*HE*N522~
LX*159~
CLP*100264052*1*254*0*25.83*HM*0006709933*13~
NM1*QC*1*CARTER*SABRINA****MI*AM0000063001~
REF*1L*A19930002~
SVC*HC>71045*254*0*0320*0**1~
DTM*472*20220111~
CAS*PR*1*25.83~
CAS*CO*45*228.17~
REF*6R*100264052-1~
AMT*B6*25.83~
LX*160~
CLP*100263961*1*645*376.57**HM*0006709934*13~
NM1*QC*1*RIESCO*RICARDO****MI*AM0001715001~
REF*1L*A19930004~
AMT*AU*376.57~
SVC*HC>U0003*175*131.25*0300*1~
DTM*472*20220111~
CAS*CO*45*43.75~
REF*6R*100263961-1~
AMT*B6*131.25~
SVC*HC>87631*470*245.32*0300*1~
DTM*472*20220111~
CAS*CO*45*224.68~
REF*6R*100263961-2~
AMT*B6*245.32~
LX*161~
CLP*100264274*1*923*0*646.1*HM*0006709938*13~
NM1*QC*1*ROSS*OLIVIA*L***MI*AM1053746002~
NM1*IL*1*ROSS*AMY*P***MI*AM1053746001~
REF*1L*2021-A25820001~
SVC*HC>76705*923*0*0402*0**1~
DTM*472*20220111~
CAS*PR*1*646.1~
CAS*CO*45*276.9~
REF*6R*100264274-1~
AMT*B6*646.1~
LX*162~
CLP*100264177*1*827.75*0*620.81*HM*0006709939*13~
NM1*QC*1*COLE*MARLON****MI*AM1062481001~
REF*1L*A28250001~
SVC*NU>0250*13.75*0**0**1~
DTM*472*20220111~
CAS*PR*1*10.31~
CAS*CO*45*3.44~
REF*6R*100264177-1~
AMT*B6*10.31~
SVC*HC>96360*814*0*0260*0**1~
DTM*472*20220111~
CAS*PR*1*610.5~
CAS*CO*45*203.5~
REF*6R*100264177-2~
AMT*B6*610.5~
LX*163~
CLP*100264580*1*937*184.44**HM*0006709957*13~
NM1*QC*1*VOEGELE*ROSANIE****MI*AM0012099002~
NM1*IL*1*VOEGELE*STANFORD****MI*AM0012099001~
REF*1L*A19930025~
AMT*AU*184.44~
SVC*HC>77067*700*145.98*0403*1~
DTM*472*20220112~
CAS*CO*45*554.02~
REF*6R*100264580-1~
AMT*B6*145.98~
SVC*HC>77063*237*38.46*0403*1~
DTM*472*20220112~
CAS*CO*45*198.54~
REF*6R*100264580-2~
AMT*B6*38.46~
LX*164~
CLP*100264620*1*1929*414.08*569.11*HM*0006709958*13~
NM1*QC*1*VILLEGAS*MARBELLA****MI*AM0012467001~
REF*1L*A27570001~
AMT*AU*414.08~
SVC*HC>77066*790*0*0401*0**1~
DTM*472*20220112~
CAS*PR*1*176.54~
CAS*CO*45*613.46~
REF*6R*100264620-1~
AMT*B6*176.54~
SVC*HC>77062*187*0*0401*0**1~
DTM*472*20220112~
CAS*PR*1*140.25~
CAS*CO*45*46.75~
REF*6R*100264620-2~
AMT*B6*140.25~
SVC*HC>76642>RT*476*180.84*0402*1~
DTM*472*20220112~
CAS*PR*1*74.85**2*77.51~
CAS*CO*45*142.8~
REF*6R*100264620-3~
AMT*B6*333.2~
LQ*HE*N548~
SVC*HC>76642>LT*476*233.24*0402*1~
DTM*472*20220112~
CAS*PR*2*99.96~
CAS*CO*45*142.8~
REF*6R*100264620-4~
AMT*B6*333.2~
LQ*HE*N548~
LX*165~
CLP*100264708*1*937*184.44**HM*0006709959*13~
NM1*QC*1*PRINCE*SHANNON****MI*AM0014376001~
REF*1L*A19930014~
AMT*AU*184.44~
SVC*HC>77067*700*145.98*0403*1~
DTM*472*20220112~
CAS*CO*45*554.02~
REF*6R*100264708-1~
AMT*B6*145.98~
SVC*HC>77063*237*38.46*0403*1~
DTM*472*20220112~
CAS*CO*45*198.54~
REF*6R*100264708-2~
AMT*B6*38.46~
LX*166~
CLP*100264634*1*827.75*0*620.81*HM*0006709960*13~
NM1*QC*1*ABDELDAYEM*ABEER****MI*AM0032918001~
REF*1L*A19930004~
SVC*NU>0250*13.75*0**0**1~
DTM*472*20220112~
CAS*PR*1*10.31~
CAS*CO*45*3.44~
REF*6R*100264634-1~
AMT*B6*10.31~
SVC*HC>96360*814*0*0260*0**1~
DTM*472*20220112~
CAS*PR*1*610.5~
CAS*CO*45*203.5~
REF*6R*100264634-2~
AMT*B6*610.5~
LX*167~
CLP*100264501*1*827.75*0*620.81*HM*0006709961*13~
NM1*QC*1*HEDRICK*EARL****MI*AM0042096001~
REF*1L*2021-A00610001~
SVC*NU>0250*13.75*0**0**1~
DTM*472*20220112~
CAS*PR*1*10.31~
CAS*CO*45*3.44~
REF*6R*100264501-1~
AMT*B6*10.31~
SVC*HC>96360*814*0*0260*0**1~
DTM*472*20220112~
CAS*PR*1*610.5~
CAS*CO*45*203.5~
REF*6R*100264501-2~
AMT*B6*610.5~
LX*168~
CLP*100264528*1*2416*118.48*85.38*HM*0006709962*13~
NM1*QC*1*TEMPLES*ROBERT****MI*AM1046054001~
REF*1L*2021-A23410001~
AMT*AU*118.48~
SVC*HC>86140*314*8.91*0300*1~
DTM*472*20220112~
CAS*CO*45*305.09~
REF*6R*100264528-1~
AMT*B6*8.91~
SVC*HC>85652*172*4.64*0300*1~
DTM*472*20220112~
CAS*CO*45*167.36~
REF*6R*100264528-2~
AMT*B6*4.64~
SVC*HC>85025*233*13.36*0300*1~
DTM*472*20220112~
CAS*CO*45*219.64~
REF*6R*100264528-3~
AMT*B6*13.36~
SVC*HC>82306*159*50.91*0300*1~
DTM*472*20220112~
CAS*CO*45*108.09~
REF*6R*100264528-4~
AMT*B6*50.91~
SVC*HC>80053*442*18.16*0300*1~
DTM*472*20220112~
CAS*CO*45*423.84~
REF*6R*100264528-5~
AMT*B6*18.16~
SVC*HC>36415*30*22.5*0300*1~
DTM*472*20220112~
CAS*CO*45*7.5~
REF*6R*100264528-6~
AMT*B6*22.5~
SVC*HC>73130>RT*533*0*0320*0**1~
DTM*472*20220112~
CAS*PR*1*42.69~
CAS*CO*45*490.31~
REF*6R*100264528-7~
AMT*B6*42.69~
SVC*HC>73130>LT*533*0*0320*0**1~
DTM*472*20220112~
CAS*PR*1*42.69~
CAS*CO*45*490.31~
REF*6R*100264528-8~
AMT*B6*42.69~
LX*169~
CLP*100264410*1*1545*0*1081.5*HM*0006709963*13~
NM1*QC*1*TOMASINI-CIRINO*ROBERTO****MI*AM1056754001~
REF*1L*2021-A26640001~
SVC*HC>76770*1545*0*0402*0**1~
DTM*472*20220112~
CAS*PR*1*1081.5~
CAS*CO*45*463.5~
REF*6R*100264410-1~
AMT*B6*1081.5~
LX*170~
CLP*100264437*1*827.75*0*620.81*HM*0006709964*13~
NM1*QC*1*CROSS*TAMMY*L***MI*AM1056993001~
REF*1L*2021-A25550001~
SVC*NU>0250*13.75*0**0**1~
DTM*472*20220112~
CAS*PR*1*10.31~
CAS*CO*45*3.44~
REF*6R*100264437-1~
AMT*B6*10.31~
SVC*HC>96360*814*0*0260*0**1~
DTM*472*20220112~
CAS*PR*1*610.5~
CAS*CO*45*203.5~
REF*6R*100264437-2~
AMT*B6*610.5~
LX*171~
CLP*100263430*1*13859.6*5600.13*2814.15*HM*0006710276*11~
NM1*QC*1*TYLER*CATLEEN*N***MI*AM1054494001~
REF*1L*A25940001~
DTM*232*20220105~
DTM*233*20220107~
AMT*AU*5600.13~
SVC*NU>0164*4270*5600.13**2~
CAS*PR*1*414.09**2*2400.06~
CAS*CO*45*-4144.28~
REF*6R*100263430-1~
AMT*B6*8414.28~
LQ*HE*N548~
SVC*NU>0250*1041.6*0**0**42~
CAS*CO*45*1041.6~
REF*6R*100263430-2~
SVC*NU>0271*287*0**0**11~
CAS*CO*45*287~
REF*6R*100263430-3~
SVC*NU>0272*287*0**0**9~
CAS*CO*45*287~
REF*6R*100263430-4~
SVC*NU>0300*861*0**0**4~
CAS*CO*45*861~
REF*6R*100263430-5~
SVC*NU>0361*2308*0**0**4~
CAS*CO*45*2308~
REF*6R*100263430-6~
SVC*NU>0720*4805*0**0**1~
CAS*CO*45*4805~
REF*6R*100263430-7~
LX*172~
CLP*100263759*4*645*0*645*HM*0006710285*13~
NM1*QC*1*CAMPBELL*AVYN****MI*AM0001043004~
NM1*IL*1*CAMPBELL*ANTHONY****MI*AM0001043001~
REF*1L*A03490001~
SVC*HC>U0003*175*0*0300*0**1~
DTM*472*20220110~
CAS*PR*27*175~
REF*6R*100263759-1~
LQ*HE*N30~
SVC*HC>87631*470*0*0300*0**1~
DTM*472*20220110~
CAS*PR*27*470~
REF*6R*100263759-2~
LQ*HE*N30~
LX*173~
CLP*100263638*1*582*0*407.4*HM*0006710287*13~
NM1*QC*1*MCINTOSH*DORA LYNN****MI*AM0009926002~
NM1*IL*1*MCINTOSH*BRYAN****MI*AM0009926001~
REF*1L*A19470001~
SVC*HC>76536*582*0*0402*0**1~
DTM*472*20220110~
CAS*PR*1*407.4~
CAS*CO*45*174.6~
REF*6R*100263638-1~
AMT*B6*407.4~
LX*174~
CLP*100263676*1*276*117.03**HM*0006710288*13~
NM1*QC*1*BOSTIC*JUDY****MI*AM0021595001~
REF*1L*A21000001~
AMT*AU*117.03~
SVC*HC>83970*121*71*0300*1~
DTM*472*20220110~
CAS*CO*45*50~
REF*6R*100263676-1~
AMT*B6*71~
SVC*HC>82330*125*23.53*0300*1~
DTM*472*20220110~
CAS*CO*45*101.47~
REF*6R*100263676-2~
AMT*B6*23.53~
SVC*HC>36415*30*22.5*0300*1~
DTM*472*20220110~
CAS*CO*45*7.5~
REF*6R*100263676-3~
AMT*B6*22.5~
LX*175~
CLP*100263863*1*937*184.44**HM*0006710289*13~
NM1*QC*1*HAMRICK*TAMMY*M***MI*AM0025017001~
REF*1L*A19930020~
AMT*AU*184.44~
SVC*HC>77067*700*145.98*0403*1~
DTM*472*20220110~
CAS*CO*45*554.02~
REF*6R*100263863-1~
AMT*B6*145.98~
SVC*HC>77063*237*38.46*0403*1~
DTM*472*20220110~
CAS*CO*45*198.54~
REF*6R*100263863-2~
AMT*B6*38.46~
LX*176~
CLP*100263602*1*833.55*0*625.16*HM*0006710290*13~
NM1*QC*1*GUZMAN*AMANDA****MI*AM1047198001~
REF*1L*A13690001~
SVC*NU>0250*19.55*0**0**1~
DTM*472*20220110~
CAS*PR*1*14.66~
CAS*CO*45*4.89~
REF*6R*100263602-1~
AMT*B6*14.66~
SVC*HC>96360*814*0*0260*0**1~
DTM*472*20220110~
CAS*PR*1*610.5~
CAS*CO*45*203.5~
REF*6R*100263602-2~
AMT*B6*610.5~
LX*177~
CLP*1112583V8518*1*304*103.31*50*HM*0006710888*11~
NM1*QC*1*ELROD*JIM****MI*AM0005663001~
NM1*82*1*LEWIS*CHANTAL****XX*1821439985~
REF*1L*A19930034~
AMT*AU*103.31~
SVC*HC>99214*215*97.81**1~
DTM*472*20220113~
CAS*PR*3*50~
CAS*CO*45*67.19~
REF*6R*13332159P8518B84392~
AMT*B6*147.81~
SVC*HC>95251*70*0**0**1~
DTM*472*20220113~
CAS*CO*15*70~
REF*6R*13332161P8518B84392~
AMT*B6*35~
SVC*HC>3044F*0*0**0**1~
DTM*472*20220113~
REF*6R*13332160P8518B84392~
SVC*HC>82962*8*0**0**1~
DTM*472*20220113~
CAS*CO*231*8~
REF*6R*13332162P8518B84392~
AMT*B6*3.48~
SVC*HC>36416*11*5.5**1~
DTM*472*20220113~
CAS*CO*45*5.5~
REF*6R*13332163P8518B84392~
AMT*B6*5.5~
LX*178~
CLP*1112620V8518*1*264*127.08*40*HM*0006710889*11~
NM1*QC*1*CALDWELL*EDWARD****MI*44100000443001~
NM1*82*1*LEWIS*CHANTAL****XX*1821439985~
REF*1L*A28340001~
AMT*AU*127.08~
SVC*HC>99214*215*107.81**1~
DTM*472*20220113~
CAS*PR*3*40~
CAS*CO*45*67.19~
REF*6R*13332885P8518B84392~
AMT*B6*147.81~
SVC*HC>82962*8*3.48**1~
DTM*472*20220113~
CAS*CO*45*4.52~
REF*6R*13332886P8518B84392~
AMT*B6*3.48~
SVC*HC>83036>QW*30*10.29**1~
DTM*472*20220113~
CAS*CO*45*19.71~
REF*6R*13332887P8518B84392~
AMT*B6*10.29~
SVC*HC>36416*11*5.5**1~
DTM*472*20220113~
CAS*CO*45*5.5~
REF*6R*13332888P8518B84392~
AMT*B6*5.5~
LX*179~
CLP*1112592V8518*1*45*0*25.93*HM*0006710892*11~
NM1*QC*1*HAWTIN*CARMEN****MI*44100000118001~
NM1*82*1*LEWIS*CHANTAL****XX*1821439985~
REF*1L*A27840001~
SVC*HC>99211*45*0**0**1~
DTM*472*20220113~
CAS*PR*3*25.93~
CAS*CO*45*19.07~
REF*6R*13332185P8518B84392~
AMT*B6*25.93~
LX*180~
CLP*250075246*1*991*35.21*8.8*HM*0006710901*21~
NM1*QC*1*SOUTHERLAND*EMILY****MI*AM0007725001~
NM1*82*1*DUHAIME*LISA****XX*1083697494~
REF*1L*A19930025~
AMT*AU*35.21~
SVC*HC>99221*345*0**0**1~
DTM*472*20211206~
CAS*CO*18*345~
REF*6R*250075246-1~
AMT*B6*115.67~
LQ*HE*N522~
SVC*HC>99231*128*35.21**1~
DTM*472*20211207~
CAS*PR*2*8.8~
CAS*CO*45*83.99~
REF*6R*250075246-2~
AMT*B6*44.01~
LQ*HE*N548~
SVC*HC>99232*259*0**0**1~
DTM*472*20211208~
CAS*CO*18*259~
REF*6R*250075246-3~
AMT*B6*82.25~
LQ*HE*N522~
SVC*HC>99232>GC*259*0**0**1~
DTM*472*20211209~
CAS*CO*18*259~
REF*6R*250075246-4~
AMT*B6*82.25~
LQ*HE*N522~
PLB*1528056066*20221231*L6>0006525707*-.3*L6>0006570765*-8.29~
SE*6892*0069~
GE*1*1~
IEA*1*100358959~
