ISA*00*          *00*          *01*030240928      *ZZ*XXXXXXXXXXXXXXX*220118*1831*^*00501*262537571*0*P*>~
GS*HP*52629*XX*20220118*1831*1*X*005010X221A1~
ST*835*1001~
BPR*I*14.12*C*ACH*CCP*01*091000019*DA*9600006359*1363573805**01*091000019*DA*175095525267*20220119~
TRN*1*010005736375*1363573805~
DTM*405*20220117~
N1*PR*UCARE~
N3*P.O. BOX 52~
N4*MINNEAPOLIS*MN*55440~
REF*2U*52629~
PER*BL*PROVIDER ASSISTANCE CENTER*TE*8885311493~
N1*PE*AVERA MCKENNA REG LAB*XX*1891718136~
N3*PO BOX 5045~
N4*SIOUX FALLS*SD*57117~
REF*PQ*N729~
REF*TJ*460224743~
LX*1~
CLP*RMCM0576*1*53*14.12**HM*220113H01370~
NM1*QC*1*KAHSAY*ATSEDE W****MI*00173903900~
REF*1L*MESOMA~
REF*1W*04504775~
REF*CE*MA~
DTM*232*20210930~
DTM*233*20210930~
DTM*050*20220113~
SVC*HC>86780*53*14.12**1~
DTM*472*20210930~
CAS*CO*45*38.88~
REF*6R*ZORL0013186424-1~
AMT*B6*14.12~
LQ*HE*MA125~
SE*30*1001~
GE*1*1~
IEA*1*262537571~
