ISA*00*          *00*          *01*030240928      *ZZ*XXXXXXXXXXXXXXX*220118*1531*^*00501*262455724*0*P*>~
GS*HP*364559356*XX*20220118*1531*1*X*005010X221A1~
ST*835*1016~
BPR*I*7444.01*C*ACH*CCP*01* 121000248*DA*4649685948*3383253977**01*041200050*DA*7343252644*20220117~
TRN*1*00000964486*1383253977~
DTM*405*20220115~
N1*PR*MERIDIAN HEALTH PLAN~
N3*777 WOODWARD AVE*SUITE 600~
N4*DETROIT*MI*48226~
REF*2U*52563~
PER*BL*EDI TEAM*EM*EDITEAM@MHPLAN.COM~
PER*IC**UR*WWW.MHPLAN.COM/MI~
N1*PE*PROMEDICA COLDWATER REGIONAL HOSPITAL*FI*386108110~
N3*PO BOX 639617~
N4*CINCINNATI*OH*45263~
LX*1~
TS3*1063471639*13*20221231*17*48052.96~
CLP*H315039753700*4*445*0**HM*198397126*13*1~
NM1*QC*1*BECKER*CIERRA*R***MI*0006433945~
NM1*82*2*COMMUNITY HEALTH CENTER OF BRANCH COUNTY*****XX*1063471639~
REF*CE*MEDICAID~
DTM*232*20210622~
DTM*050*20211109~
SVC*HC>72110*445*0*0320*1~
DTM*472*20210622~
CAS*CO*185*445~
REF*6R*PMXP0095842320-1~
LQ*HE*N253~
CLP*H315377646800*1*341*46.23**HM*200074337*13*3~
NM1*QC*1*BOLLING*KATHRYN*E***MI*1222805149~
NM1*82*2*COMMUNITY HEALTH CENTER OF BRANCH COUNTY*****XX*1063471639~
REF*CE*MEDICAID~
DTM*232*20211208~
DTM*050*20220105~
SVC*HC>97110>GP>97*103*13.53*0421*1~
DTM*472*20211208~
CAS*CO*45*89.47~
REF*6R*PMXP0101399258-1~
AMT*B6*13.53~
SVC*HC>97112>GP>97*125*20.06*0421*1~
DTM*472*20211208~
CAS*CO*45*104.94~
REF*6R*PMXP0101399258-2~
AMT*B6*20.06~
SVC*HC>97140>GP>97*113*12.64*0421*1~
DTM*472*20211208~
CAS*CO*45*100.36~
REF*6R*PMXP0101399258-3~
AMT*B6*12.64~
CLP*H315371164000*1*309*44.38**HM*200074349*13*3~
NM1*QC*1*BOWLING*NICOLE*A***MI*0073941772~
NM1*82*2*COMMUNITY HEALTH CENTER OF BRANCH COUNTY*****XX*1063471639~
REF*CE*MEDICAID~
DTM*232*20211210~
DTM*050*20220105~
SVC*HC>97110>GP>97*309*44.38*0421*3~
DTM*472*20211210~
CAS*CO*45*264.62~
REF*6R*PMXP0101399224-1~
AMT*B6*44.38~
CLP*H315361429900*1*6745*157.35**HM*200035286*13*2~
NM1*QC*1*CARPENTER*KIMBERLY****MI*0010547915~
NM1*82*2*COMMUNITY HEALTH CENTER OF BRANCH COUNTY*****XX*1063471639~
REF*CE*MEDICAID~
DTM*232*20211213~
DTM*050*20220104~
SVC*NU>0250*15*0**3~
DTM*472*20211213~
CAS*CO*97*15~
SVC*HC>78452*3610*0*0341*1~
DTM*472*20211213~
CAS*CO*197*3610~
REF*6R*PMXP0101357750-2~
SVC*HC>A9500*780*0*0343*2~
DTM*472*20211213~
CAS*CO*97*780~
REF*6R*PMXP0101357750-3~
LQ*HE*M15~
SVC*HC>93017*806*157.35*0482*1~
DTM*472*20211213~
CAS*CO*45*648.65~
REF*6R*PMXP0101357750-4~
AMT*B6*157.35~
SVC*HC>J2785*1534*0*0636*4~
DTM*472*20211213~
CAS*CO*97*1534~
REF*6R*PMXP0101357750-5~
LQ*HE*M15~
CLP*H315363246800*1*2429*335.68**HM*200035273*13*3~
NM1*QC*1*EDWARDS*ERICA*R***MI*1042186178~
NM1*82*2*COMMUNITY HEALTH CENTER OF BRANCH COUNTY*****XX*1063471639~
REF*CE*MEDICAID~
DTM*232*20211201~
DTM*233*20211229~
DTM*050*20220104~
SVC*HC>97110>GP>97*206*30.84*0421*2~
DTM*472*20211201~
CAS*CO*45*175.16~
REF*6R*PMXP0101357734-1~
AMT*B6*30.84~
SVC*HC>97110>GP>97*206*30.84*0421*2~
DTM*472*20211206~
CAS*CO*45*175.16~
REF*6R*PMXP0101357734-2~
AMT*B6*30.84~
SVC*HC>97110>GP>97*103*17.31*0421*1~
DTM*472*20211213~
CAS*CO*45*85.69~
REF*6R*PMXP0101357734-3~
AMT*B6*17.31~
SVC*HC>97110>GP>97*309*44.38*0421*3~
DTM*472*20211215~
CAS*CO*45*264.62~
REF*6R*PMXP0101357734-4~
AMT*B6*44.38~
SVC*HC>97110>GP>97*309*44.38*0421*3~
DTM*472*20211220~
CAS*CO*45*264.62~
REF*6R*PMXP0101357734-5~
AMT*B6*44.38~
SVC*HC>97110>GP>97*309*44.38*0421*3~
DTM*472*20211222~
CAS*CO*45*264.62~
REF*6R*PMXP0101357734-6~
AMT*B6*44.38~
SVC*HC>97110>GP>97*309*44.38*0421*3~
DTM*472*20211229~
CAS*CO*45*264.62~
REF*6R*PMXP0101357734-7~
AMT*B6*44.38~
SVC*HC>97140>GP>97*113*12.64*0421*1~
DTM*472*20211201~
CAS*CO*45*100.36~
REF*6R*PMXP0101357734-8~
AMT*B6*12.64~
SVC*HC>97140>GP>97*113*12.64*0421*1~
DTM*472*20211206~
CAS*CO*45*100.36~
REF*6R*PMXP0101357734-9~
AMT*B6*12.64~
SVC*HC>97140>GP>97*226*28.6*0421*2~
DTM*472*20211208~
CAS*CO*45*197.4~
REF*6R*PMXP0101357734-10~
AMT*B6*28.6~
SVC*HC>97140>GP>97*226*25.29*0421*2~
DTM*472*20211213~
CAS*CO*45*200.71~
REF*6R*PMXP0101357734-11~
AMT*B6*25.29~
CLP*H315435966600*1*2398*106.24**HM*200074339*13*1~
NM1*QC*1*HANDSHOE*LARRY*G***MI*0016190475~
NM1*82*2*COMMUNITY HEALTH CENTER OF BRANCH COUNTY*****XX*1063471639~
REF*CE*MEDICAID~
DTM*232*20211231~
DTM*050*20220105~
SVC*NU>0250*8*0**1~
DTM*472*20211231~
CAS*CO*97*8~
SVC*NU>0255*84*0**100~
DTM*472*20211231~
CAS*CO*97*84~
SVC*HC>71260*2306*106.24*0352*1~
DTM*472*20211231~
CAS*CO*45*2199.76~
REF*6R*PMXP0101399252-3~
AMT*B6*106.24~
CLP*H315415271200*1*3022*136.93**HM*200035258*13*1~
NM1*QC*1*HOULDSWORTH*RONALD*T***MI*0027703560~
NM1*82*2*COMMUNITY HEALTH CENTER OF BRANCH COUNTY*****XX*1063471639~
REF*CE*MEDICAID~
DTM*232*20211230~
DTM*050*20220104~
SVC*HC>72148*3022*136.93*0612*1~
DTM*472*20211230~
CAS*CO*45*2885.07~
REF*6R*PMXP0101357705-1~
AMT*B6*136.93~
CLP*H315376896100*1*319*43.48**HM*200074342*13*3~
NM1*QC*1*KENNEDY*RANDOLL*T***MI*0009414175~
NM1*82*2*COMMUNITY HEALTH CENTER OF BRANCH COUNTY*****XX*1063471639~
REF*CE*MEDICAID~
DTM*232*20211206~
DTM*050*20220105~
SVC*HC>97110>GP>97*206*30.84*0421*2~
DTM*472*20211206~
CAS*CO*45*175.16~
REF*6R*PMXP0101399248-1~
AMT*B6*30.84~
SVC*HC>97140>GP>97*113*12.64*0421*1~
DTM*472*20211206~
CAS*CO*45*100.36~
REF*6R*PMXP0101399248-2~
AMT*B6*12.64~
CLP*H315418495500*1*2221*106.24**HM*199967375*13*1~
NM1*QC*1*KOCHENDORFER*LINDA*D***MI*0012489427~
NM1*82*2*COMMUNITY HEALTH CENTER OF BRANCH COUNTY*****XX*1063471639~
REF*CE*MEDICAID~
DTM*232*20211227~
DTM*050*20211231~
SVC*NU>0250*8*0**1~
DTM*472*20211227~
CAS*CO*97*8~
SVC*NU>0255*84*0**100~
DTM*472*20211227~
CAS*CO*97*84~
SVC*HC>72193*2129*106.24*0352*1~
DTM*472*20211227~
CAS*CO*45*2022.76~
REF*6R*PMXP0101285871-3~
AMT*B6*106.24~
CLP*H315203808300*1*5784*258.9**HM*199988643*13*1~
NM1*QC*1*OGLESBEE*ALFRED*J***MI*0057090779~
NM1*82*2*COMMUNITY HEALTH CENTER OF BRANCH COUNTY*****XX*1063471639~
REF*CE*MEDICAID~
DTM*232*20211229~
DTM*050*20220103~
SVC*NU>0250*8*0**1~
DTM*472*20211229~
CAS*CO*97*8~
SVC*NU>0255*84*0**100~
DTM*472*20211229~
CAS*CO*97*84~
SVC*HC>36415*21*0*0300*1~
DTM*472*20211229~
CAS*CO*97*21~
REF*6R*PMXP0101313283-3~
LQ*HE*M15~
SVC*HC>80053*137*0*0300*1~
DTM*472*20211229~
CAS*CO*97*137~
REF*6R*PMXP0101313283-4~
LQ*HE*M15~
SVC*HC>85025*73*0*0305*1~
DTM*472*20211229~
CAS*CO*97*73~
REF*6R*PMXP0101313283-5~
LQ*HE*M15~
SVC*HC>71260*2306*258.9*0352*1~
DTM*472*20211229~
CAS*CO*45*2047.1~
REF*6R*PMXP0101313283-6~
AMT*B6*258.9~
SVC*HC>74177*3155*0*0352*1~
DTM*472*20211229~
CAS*CO*97*3155~
REF*6R*PMXP0101313283-7~
LQ*HE*M15~
CLP*H315371739300*1*1436*257.57**HM*200074356*13*3~
NM1*QC*1*RUBIO*IKER****MI*1262797963~
NM1*82*2*COMMUNITY HEALTH CENTER OF BRANCH COUNTY*****XX*1063471639~
REF*CE*MEDICAID~
DTM*232*20211203~
DTM*233*20211220~
DTM*050*20220105~
SVC*HC>97110>GP>97*103*13.53*0421*1~
DTM*472*20211203~
CAS*CO*45*89.47~
REF*6R*PMXP0101399247-1~
AMT*B6*13.53~
SVC*HC>97110>GP>97*103*13.53*0421*1~
DTM*472*20211206~
CAS*CO*45*89.47~
REF*6R*PMXP0101399247-2~
AMT*B6*13.53~
SVC*HC>97110>GP>97*103*13.53*0421*1~
DTM*472*20211210~
CAS*CO*45*89.47~
REF*6R*PMXP0101399247-3~
AMT*B6*13.53~
SVC*HC>97110>GP>97*103*13.53*0421*1~
DTM*472*20211213~
CAS*CO*45*89.47~
REF*6R*PMXP0101399247-4~
AMT*B6*13.53~
SVC*HC>97110>GP>97*103*13.53*0421*1~
DTM*472*20211220~
CAS*CO*45*89.47~
REF*6R*PMXP0101399247-5~
AMT*B6*13.53~
SVC*HC>97112>GP>97*125*20.06*0421*1~
DTM*472*20211203~
CAS*CO*45*104.94~
REF*6R*PMXP0101399247-6~
AMT*B6*20.06~
SVC*HC>97112>GP>97*125*20.06*0421*1~
DTM*472*20211206~
CAS*CO*45*104.94~
REF*6R*PMXP0101399247-7~
AMT*B6*20.06~
SVC*HC>97112>GP>97*125*15.42*0421*1~
DTM*472*20211210~
CAS*CO*45*109.58~
REF*6R*PMXP0101399247-8~
AMT*B6*15.42~
SVC*HC>97112>GP>97*125*15.42*0421*1~
DTM*472*20211213~
CAS*CO*45*109.58~
REF*6R*PMXP0101399247-9~
AMT*B6*15.42~
SVC*HC>97112>GP>97*125*20.06*0421*1~
DTM*472*20211220~
CAS*CO*45*104.94~
REF*6R*PMXP0101399247-10~
AMT*B6*20.06~
SVC*HC>92526>GN>59>97*148*49.45*0441*1~
DTM*472*20211210~
CAS*CO*45*98.55~
REF*6R*PMXP0101399247-11~
AMT*B6*49.45~
SVC*HC>92526>GN>59>97*148*49.45*0441*1~
DTM*472*20211213~
CAS*CO*45*98.55~
REF*6R*PMXP0101399247-12~
AMT*B6*49.45~
CLP*H315174697300*1*17956.96*3010.96**HM*200302823*13*1~
NM1*QC*1*SAGER*DONNA****MI*0044750747~
NM1*82*2*COMMUNITY HEALTH CENTER OF BRANCH COUNTY*****XX*1063471639~
REF*CE*MEDICAID~
DTM*232*20210929~
DTM*050*20220113~
SVC*NU>0250*429*0**17~
DTM*472*20210929~
CAS*CO*97*429~
SVC*NU>0272*4497*0**2~
DTM*472*20210929~
CAS*CO*97*4497~
SVC*HC>81025*63*0*0307*1~
DTM*472*20210929~
CAS*CO*97*63~
LQ*HE*M15~
SVC*HC>88305*220*0*0312*1~
DTM*472*20210929~
CAS*CO*97*220~
LQ*HE*M15~
SVC*HC>58563*4373.5*0*0360*1~
DTM*472*20210929~
CAS*CO*97*4373.5~
LQ*HE*M15~
SVC*HC>58670*7384.46*3010.96*0360*1~
DTM*472*20210929~
CAS*CO*45*4373.5~
AMT*B6*3010.96~
SVC*NU>0710*990*0**6~
DTM*472*20210929~
CAS*CO*97*990~
CLP*H315356891300*1*948*146.9**HM*200035280*13*2~
NM1*QC*1*SUNDAY*LOGAN*S***MI*0024966576~
NM1*82*2*COMMUNITY HEALTH CENTER OF BRANCH COUNTY*****XX*1063471639~
REF*CE*MEDICAID~
DTM*232*20211203~
DTM*233*20211228~
DTM*050*20220104~
SVC*HC>97110>GP>97*309*44.38*0421*3~
DTM*472*20211208~
CAS*CO*45*264.62~
REF*6R*PMXP0101357711-1~
AMT*B6*44.38~
SVC*HC>97110>GP>97*309*44.38*0421*3~
DTM*472*20211228~
CAS*CO*45*264.62~
REF*6R*PMXP0101357711-2~
AMT*B6*44.38~
SVC*HC>97162>GP>97*330*58.14*0424*1~
DTM*472*20211203~
CAS*CO*45*271.86~
REF*6R*PMXP0101357711-3~
AMT*B6*58.14~
CLP*H315371016400*1*206*30.84**HM*200074335*13*3~
NM1*QC*1*TAYLOR*ANDREW*R***MI*0019289773~
NM1*82*2*COMMUNITY HEALTH CENTER OF BRANCH COUNTY*****XX*1063471639~
REF*CE*MEDICAID~
DTM*232*20211208~
DTM*050*20220105~
SVC*HC>97110>GP>97*206*30.84*0421*2~
DTM*472*20211208~
CAS*CO*45*175.16~
REF*6R*PMXP0101399223-1~
AMT*B6*30.84~
CLP*H315363717800*1*824*119.6**HM*200035244*13*3~
NM1*QC*1*THOMPSON*MARISA*N***MI*1118752921~
NM1*82*2*COMMUNITY HEALTH CENTER OF BRANCH COUNTY*****XX*1063471639~
REF*CE*MEDICAID~
DTM*232*20211201~
DTM*233*20211208~
DTM*050*20220104~
SVC*HC>97110>GO>97*309*44.38*0431*3~
DTM*472*20211201~
CAS*CO*45*264.62~
REF*6R*PMXP0101357664-1~
AMT*B6*44.38~
SVC*HC>97110>GO>97*309*44.38*0431*3~
DTM*472*20211202~
CAS*CO*45*264.62~
REF*6R*PMXP0101357664-2~
AMT*B6*44.38~
SVC*HC>97110>GO>97*206*30.84*0431*2~
DTM*472*20211208~
CAS*CO*45*175.16~
REF*6R*PMXP0101357664-3~
AMT*B6*30.84~
CLP*H315371406100*1*1389*190.34**HM*200074354*13*3~
NM1*QC*1*WALLACE*COURTNEY*R***MI*0090904306~
NM1*82*2*COMMUNITY HEALTH CENTER OF BRANCH COUNTY*****XX*1063471639~
REF*CE*MEDICAID~
DTM*232*20211203~
DTM*233*20211222~
DTM*050*20220105~
SVC*HC>97110>GP>97*206*30.84*0421*2~
DTM*472*20211203~
CAS*CO*45*175.16~
REF*6R*PMXP0101399227-1~
AMT*B6*30.84~
SVC*HC>97110>GP>97*206*30.84*0421*2~
DTM*472*20211207~
CAS*CO*45*175.16~
REF*6R*PMXP0101399227-2~
AMT*B6*30.84~
SVC*HC>97110>GP>97*103*17.31*0421*1~
DTM*472*20211209~
CAS*CO*45*85.69~
REF*6R*PMXP0101399227-3~
AMT*B6*17.31~
SVC*HC>97110>GP>97*206*30.84*0421*2~
DTM*472*20211213~
CAS*CO*45*175.16~
REF*6R*PMXP0101399227-4~
AMT*B6*30.84~
SVC*HC>97110>GP>97*103*17.31*0421*1~
DTM*472*20211222~
CAS*CO*45*85.69~
REF*6R*PMXP0101399227-5~
AMT*B6*17.31~
SVC*HC>97140>GP>97*113*12.64*0421*1~
DTM*472*20211203~
CAS*CO*45*100.36~
REF*6R*PMXP0101399227-6~
AMT*B6*12.64~
SVC*HC>97140>GP>97*113*12.64*0421*1~
DTM*472*20211207~
CAS*CO*45*100.36~
REF*6R*PMXP0101399227-7~
AMT*B6*12.64~
SVC*HC>97140>GP>97*113*12.64*0421*1~
DTM*472*20211209~
CAS*CO*45*100.36~
REF*6R*PMXP0101399227-8~
AMT*B6*12.64~
SVC*HC>97140>GP>97*113*12.64*0421*1~
DTM*472*20211213~
CAS*CO*45*100.36~
REF*6R*PMXP0101399227-9~
AMT*B6*12.64~
SVC*HC>97140>GP>97*113*12.64*0421*1~
DTM*472*20211222~
CAS*CO*45*100.36~
REF*6R*PMXP0101399227-10~
AMT*B6*12.64~
CLP*H315368079000*1*1280*183**HM*200035246*13*3~
NM1*QC*1*WOLFORD*MIRANDA*K***MI*0030695755~
NM1*82*2*COMMUNITY HEALTH CENTER OF BRANCH COUNTY*****XX*1063471639~
REF*CE*MEDICAID~
DTM*232*20211202~
DTM*233*20211213~
DTM*050*20220104~
SVC*HC>97110>GP>97*309*44.38*0421*3~
DTM*472*20211202~
CAS*CO*45*264.62~
REF*6R*PMXP0101357675-1~
AMT*B6*44.38~
SVC*HC>97110>GP>97*206*27.06*0421*2~
DTM*472*20211206~
CAS*CO*45*178.94~
REF*6R*PMXP0101357675-2~
AMT*B6*27.06~
SVC*HC>97110>GP>97*309*44.38*0421*3~
DTM*472*20211209~
CAS*CO*45*264.62~
REF*6R*PMXP0101357675-3~
AMT*B6*44.38~
SVC*HC>97110>GP>97*206*27.06*0421*2~
DTM*472*20211213~
CAS*CO*45*178.94~
REF*6R*PMXP0101357675-4~
AMT*B6*27.06~
SVC*HC>97112>GP>97*125*20.06*0421*1~
DTM*472*20211206~
CAS*CO*45*104.94~
REF*6R*PMXP0101357675-5~
AMT*B6*20.06~
SVC*HC>97112>GP>97*125*20.06*0421*1~
DTM*472*20211213~
CAS*CO*45*104.94~
REF*6R*PMXP0101357675-6~
AMT*B6*20.06~
LX*2~
TS3*1528206208*11*20221231*3*1770~
CLP*P217730700*22*-574*-84.39**HM*199830129*11~
NM1*QC*1*SMOKER*MICKEYA*M***MI*0055588554~
NM1*82*1*WIDENER*GAIL*M***XX*1528206208~
REF*CE*MEDICAID~
DTM*050*20211227~
SVC*HC>11983*-574*-84.39**1~
DTM*472*20211221~
CAS*CO*45*-489.61~
REF*6R*XPPB0101076929-1~
LQ*HE*N377~
CLP*P217730700*4*574*0**HM*199830129*11~
NM1*QC*1*SMOKER*MICKEYA*M***MI*0055588554~
NM1*82*1*WIDENER*GAIL*M***XX*1528206208~
REF*CE*MEDICAID~
DTM*050*20211227~
SVC*HC>11983*574*0**1~
DTM*472*20211221~
CAS*CO*45*489.61**104*84.39~
REF*6R*XPPB0101076929-1~
CLP*P218984220*1*1770*1115.03**HM*200275760*11~
NM1*QC*1*SMOKER*MICKEYA*M***MI*0055588554~
NM1*82*1*WIDENER*GAIL*M***XX*1528206208~
REF*CE*MEDICAID~
DTM*050*20220112~
SVC*HC>11983*574*84.39**1~
DTM*472*20211221~
CAS*CO*45*489.61~
REF*6R*XPPB0101603374-1~
AMT*B6*84.39~
SVC*HC>J7307*1196*1030.64**1~
DTM*472*20211221~
CAS*CO*45*165.36~
REF*6R*XPPB0101603374-2~
AMT*B6*1030.64~
LX*3~
TS3*1134176670*21*20221231*1*127~
CLP*P218762540*1*127*40.81**HM*200192325*21~
NM1*QC*1*MCCLURE*BRIAN*M***MI*1197785041~
NM1*82*1*DAOUD*JOUDAT*M***XX*1134176670~
REF*CE*MEDICAID~
DTM*050*20220110~
SVC*HC>99232*127*40.81**1~
DTM*472*20220102~
CAS*CO*45*86.19~
REF*6R*XPPB0101521765-1~
AMT*B6*40.81~
LX*4~
TS3*1518998202*22*20221231*2*4383.13~
CLP*P218860350*1*3070.13*730.2**HM*200249161*22~
NM1*QC*1*BLOOD*NICHOLAS*R***MI*0093858412~
NM1*82*1*HOGG*CHRISTOPHER*TARO***XX*1518998202~
REF*CE*MEDICAID~
DTM*050*20220111~
SVC*HC>29888>RT*2013*571.32**1~
DTM*472*20220106~
CAS*CO*45*1441.68~
REF*6R*XPPB0101577600-1~
AMT*B6*571.32~
SVC*HC>29881>RT*1057.13*158.88**1~
DTM*472*20220106~
CAS*CO*45*898.25~
REF*6R*XPPB0101577600-2~
AMT*B6*158.88~
CLP*P218860310*1*1313*329.44**HM*200249160*22~
NM1*QC*1*YERRICK*SHANNON****MI*0016759844~
NM1*82*1*HOGG*CHRISTOPHER*TARO***XX*1518998202~
REF*CE*MEDICAID~
DTM*050*20220111~
SVC*HC>29880>LT*1313*329.44**1~
DTM*472*20220104~
CAS*CO*45*983.56~
REF*6R*XPPB0101577596-1~
AMT*B6*329.44~
LX*5~
TS3*1083977151*11*20221231*1*165~
CLP*P218984250*1*165*74.49**HM*200275916*11~
NM1*QC*1*HEMINGER*DON*A***MI*1196149647~
NM1*82*1*BARTOCK*JESSICA*LYNNE***XX*1083977151~
REF*CE*MEDICAID~
DTM*050*20220112~
SVC*HC>99214*165*74.49**1~
DTM*472*20220103~
CAS*CO*45*90.51~
REF*6R*XPPB0101611910-1~
AMT*B6*74.49~
LX*6~
TS3*1235407024*11*20221231*1*136~
CLP*P218983970*1*136*63.79**HM*200275823*11~
NM1*QC*1*CATES*MCKAYLA*M***MI*0032613212~
NM1*82*1*LESTER*SHANNAN*MARIE***XX*1235407024~
REF*CE*MEDICAID~
DTM*050*20220112~
SVC*HC>90834*136*63.79**1~
DTM*472*20220110~
CAS*CO*45*72.21~
REF*6R*XPPB0101610414-1~
AMT*B6*63.79~
SE*593*1016~
ST*835*1025~
BPR*I*4190.32*C*ACH*CCP*01* 121000248*DA*4649685948*3383253977**01*041200050*DA*7343252644*20220117~
TRN*1*00000964484*1383253977~
DTM*405*20220115~
N1*PR*MERIDIAN HEALTH PLAN~
N3*777 WOODWARD AVE*SUITE 600~
N4*DETROIT*MI*48226~
REF*2U*52563~
PER*BL*EDI TEAM*EM*EDITEAM@MHPLAN.COM~
PER*IC**UR*WWW.MHPLAN.COM/MI~
N1*PE*CHC HOSPICE*FI*386108110~
N3*300 E CHICAGO ST~
N4*COLDWATER*MI*49036~
LX*1~
TS3*1811933153*81*20221231*1*9335~
CLP*964624*1*9335*5003.6**HM*200302089*81*3~
NM1*QC*1*OCONNOR*STEPHEN*W***MI*0071810350~
NM1*82*2*COMMUNITY HEALTH CENTER OF BRANCH COUNTY*****XX*1811933153~
REF*CE*MEDICAID~
DTM*232*20210301~
DTM*233*20210331~
DTM*050*20220113~
SVC*HC>T2042*260*178.7*0651*1~
DTM*472*20210301~
CAS*CO*45*81.3~
REF*6R*31984235~
AMT*B6*178.7~
SVC*HC>T2042*260*178.7*0651*1~
DTM*472*20210302~
CAS*CO*45*81.3~
REF*6R*32018827~
AMT*B6*178.7~
SVC*HC>T2042*260*178.7*0651*1~
DTM*472*20210303~
CAS*CO*45*81.3~
REF*6R*32042267~
AMT*B6*178.7~
SVC*HC>T2042*260*178.7*0651*1~
DTM*472*20210304~
CAS*CO*45*81.3~
REF*6R*32093001~
AMT*B6*178.7~
SVC*HC>T2042*260*178.7*0651*1~
DTM*472*20210305~
CAS*CO*45*81.3~
REF*6R*32106292~
AMT*B6*178.7~
SVC*HC>T2042*260*178.7*0651*1~
DTM*472*20210306~
CAS*CO*45*81.3~
REF*6R*32124199~
AMT*B6*178.7~
SVC*HC>T2042*260*178.7*0651*1~
DTM*472*20210307~
CAS*CO*45*81.3~
REF*6R*32134703~
AMT*B6*178.7~
SVC*HC>T2042*260*178.7*0651*1~
DTM*472*20210308~
CAS*CO*45*81.3~
REF*6R*32152385~
AMT*B6*178.7~
SVC*HC>T2042*260*178.7*0651*1~
DTM*472*20210312~
CAS*CO*45*81.3~
REF*6R*32274769~
AMT*B6*178.7~
SVC*HC>T2042*260*178.7*0651*1~
DTM*472*20210313~
CAS*CO*45*81.3~
REF*6R*32278216~
AMT*B6*178.7~
SVC*HC>T2042*260*178.7*0651*1~
DTM*472*20210314~
CAS*CO*45*81.3~
REF*6R*32296679~
AMT*B6*178.7~
SVC*HC>T2042*260*178.7*0651*1~
DTM*472*20210315~
CAS*CO*45*81.3~
REF*6R*32309138~
AMT*B6*178.7~
SVC*HC>T2042*260*178.7*0651*1~
DTM*472*20210316~
CAS*CO*45*81.3~
REF*6R*32322876~
AMT*B6*178.7~
SVC*HC>T2042*260*178.7*0651*1~
DTM*472*20210317~
CAS*CO*45*81.3~
REF*6R*32339115~
AMT*B6*178.7~
SVC*HC>T2042*260*178.7*0651*1~
DTM*472*20210318~
CAS*CO*45*81.3~
REF*6R*32416117~
AMT*B6*178.7~
SVC*HC>T2042*260*178.7*0651*1~
DTM*472*20210319~
CAS*CO*45*81.3~
REF*6R*32426306~
AMT*B6*178.7~
SVC*HC>T2042*260*178.7*0651*1~
DTM*472*20210320~
CAS*CO*45*81.3~
REF*6R*32444815~
AMT*B6*178.7~
SVC*HC>T2042*260*178.7*0651*1~
DTM*472*20210321~
CAS*CO*45*81.3~
REF*6R*32451886~
AMT*B6*178.7~
SVC*HC>T2042*260*178.7*0651*1~
DTM*472*20210322~
CAS*CO*45*81.3~
REF*6R*32465510~
AMT*B6*178.7~
SVC*HC>T2042*260*178.7*0651*1~
DTM*472*20210323~
CAS*CO*45*81.3~
REF*6R*32477795~
AMT*B6*178.7~
SVC*HC>T2042*260*178.7*0651*1~
DTM*472*20210324~
CAS*CO*45*81.3~
REF*6R*32501437~
AMT*B6*178.7~
SVC*HC>T2042*260*178.7*0651*1~
DTM*472*20210325~
CAS*CO*45*81.3~
REF*6R*32570588~
AMT*B6*178.7~
SVC*HC>T2042*260*178.7*0651*1~
DTM*472*20210326~
CAS*CO*45*81.3~
REF*6R*32578588~
AMT*B6*178.7~
SVC*HC>T2042*260*178.7*0651*1~
DTM*472*20210327~
CAS*CO*45*81.3~
REF*6R*32594473~
AMT*B6*178.7~
SVC*HC>T2042*260*178.7*0651*1~
DTM*472*20210328~
CAS*CO*45*81.3~
REF*6R*32605599~
AMT*B6*178.7~
SVC*HC>T2042*260*178.7*0651*1~
DTM*472*20210329~
CAS*CO*45*81.3~
REF*6R*32621930~
AMT*B6*178.7~
SVC*HC>T2042*260*178.7*0651*1~
DTM*472*20210330~
CAS*CO*45*81.3~
REF*6R*32629935~
AMT*B6*178.7~
SVC*HC>T2042*260*178.7*0651*1~
DTM*472*20210331~
CAS*CO*45*81.3~
REF*6R*32652651~
AMT*B6*178.7~
SVC*HC>T2044*685*0*0655*1~
DTM*472*20210309~
CAS*CO*197*685~
REF*6R*32159346~
SVC*HC>T2044*685*0*0655*1~
DTM*472*20210310~
CAS*CO*197*685~
REF*6R*32187553~
SVC*HC>T2044*685*0*0655*1~
DTM*472*20210311~
CAS*CO*197*685~
REF*6R*32250815~
PLB*386108110043725*20220116*FB>CO*813.28~
SE*176*1025~
ST*835*1029~
BPR*I*21855.29*C*ACH*CCP*01* 121000248*DA*4649685948*3383253977**01*041200050*DA*7343252644*20220117~
TRN*1*00000964483*1383253977~
DTM*405*20220115~
N1*PR*MERIDIAN HEALTH PLAN~
N3*777 WOODWARD AVE*SUITE 600~
N4*DETROIT*MI*48226~
REF*2U*52563~
PER*BL*EDI TEAM*EM*EDITEAM@MHPLAN.COM~
PER*IC**UR*WWW.MHPLAN.COM/MI~
N1*PE*COMMUNITY HEALTH CENTER OF BRANCH COUNTY*XX*1053348938~
N3*274 E CHICAGO ST~
N4*COLDWATER*MI*49036~
REF*TJ*386108110~
LX*1~
TS3*1861402836*11*20221231*1*536~
CLP*P219091740*1*536*136.89**HM*200313464*11~
NM1*QC*1*NAMETH*JOSEPH*M***MI*1250580926~
NM1*82*1*BREWTON*KEVIN*A***XX*1861402836~
REF*CE*MEDICAID~
DTM*050*20220113~
SVC*HC>52000*536*136.89**1~
DTM*472*20220112~
CAS*CO*45*399.11~
REF*6R*XPPB0101648435-1~
AMT*B6*136.89~
LX*2~
TS3*1457353575*11*20221231*1*361~
CLP*P218984030*1*361*81.22**HM*200275757*11~
NM1*QC*1*GARDNER*MEGAN*L***MI*0021880361~
NM1*82*1*CLARK*JOHN*ROBERT***XX*1457353575~
REF*CE*MEDICAID~
DTM*050*20220112~
SVC*HC>76805*361*81.22**1~
DTM*472*20211122~
CAS*CO*45*279.78~
REF*6R*XPPB0101603377-1~
AMT*B6*81.22~
LX*3~
TS3*1063471639*13*20221231*40*151275.89~
CLP*H315460907600*1*4974*580.34**HM*200305748*13*1~
NM1*QC*1*ADAM*KHATAB*A***MI*1177801380~
NM1*82*2*COMMUNITY HEALTH CENTER OF BRANCH COUNTY*****XX*1063471639~
REF*CE*MEDICAID~
DTM*232*20220109~
DTM*050*20220113~
SVC*NU>0250*15*0**2~
DTM*472*20220109~
CAS*CO*97*15~
SVC*NU>0255*84*0**100~
DTM*472*20220109~
CAS*CO*97*84~
SVC*HC>96361*200*23.8*0260*1~
DTM*472*20220109~
CAS*CO*45*176.2~
REF*6R*PMXP0101654060-3~
AMT*B6*23.8~
SVC*HC>80048*140*0*0300*1~
DTM*472*20220109~
CAS*CO*97*140~
REF*6R*PMXP0101654060-4~
LQ*HE*M15~
SVC*HC>85025*74*0*0305*1~
DTM*472*20220109~
CAS*CO*97*74~
REF*6R*PMXP0101654060-5~
LQ*HE*M15~
SVC*HC>74177*3281*219.03*0352*1~
DTM*472*20220109~
CAS*CO*45*3061.97~
REF*6R*PMXP0101654060-6~
AMT*B6*219.03~
SVC*HC>99284>25*922*216.43*0450*1~
DTM*472*20220109~
CAS*CO*45*705.57~
REF*6R*PMXP0101654060-7~
AMT*B6*216.43~
SVC*HC>96374>59*258*121.08*0761*1~
DTM*472*20220109~
CAS*CO*45*136.92~
REF*6R*PMXP0101654060-8~
AMT*B6*121.08~
CLP*H315457033700*1*1062*163.08**HM*200266389*13*1~
NM1*QC*1*ALGALAL*MAZEN*A***MI*0023936509~
NM1*82*2*COMMUNITY HEALTH CENTER OF BRANCH COUNTY*****XX*1063471639~
REF*CE*MEDICAID~
DTM*232*20220106~
DTM*050*20220112~
SVC*HC>U0002*220*25.28*0300*1~
DTM*472*20220106~
CAS*CO*45*194.72~
REF*6R*PMXP0101616730-1~
AMT*B6*25.28~
SVC*HC>87804*188*0*0306*2~
DTM*472*20220106~
CAS*CO*97*188~
REF*6R*PMXP0101616730-2~
LQ*HE*M15~
SVC*HC>99283>25>CS*654*137.8*0450*1~
DTM*472*20220106~
CAS*CO*45*516.2~
REF*6R*PMXP0101616730-3~
AMT*B6*137.8~
CLP*H315461593600*1*1266*137.8**HM*200305751*13*1~
NM1*QC*1*BASSAGE*JASEN*A***MI*0022502372~
NM1*82*2*COMMUNITY HEALTH CENTER OF BRANCH COUNTY*****XX*1063471639~
REF*CE*MEDICAID~
DTM*232*20220109~
DTM*050*20220113~
SVC*NU>0250*1*0**1~
DTM*472*20220109~
CAS*CO*97*1~
SVC*NU>0270*266*0**1~
DTM*472*20220109~
CAS*CO*97*266~
SVC*HC>73110>LT*345*0*0320*1~
DTM*472*20220109~
CAS*CO*97*345~
REF*6R*PMXP0101654067-3~
LQ*HE*M15~
SVC*HC>99283>25*654*137.8*0450*1~
DTM*472*20220109~
CAS*CO*45*516.2~
REF*6R*PMXP0101654067-4~
AMT*B6*137.8~
CLP*H315461530500*1*4630*547.32**HM*200342097*13*1~
NM1*QC*1*BROOKS*AARON****MI*1264634813~
NM1*82*2*COMMUNITY HEALTH CENTER OF BRANCH COUNTY*****XX*1063471639~
REF*CE*MEDICAID~
DTM*232*20220109~
DTM*050*20220114~
SVC*NU>0250*55*0**2~
DTM*472*20220109~
CAS*CO*97*55~
SVC*HC>96361*200*23.8*0260*1~
DTM*472*20220109~
CAS*CO*45*176.2~
REF*6R*PMXP0101691037-2~
AMT*B6*23.8~
SVC*HC>80053*140*0*0300*1~
DTM*472*20220109~
CAS*CO*97*140~
REF*6R*PMXP0101691037-3~
LQ*HE*M15~
SVC*HC>80307*74*0*0300*1~
DTM*472*20220109~
CAS*CO*97*74~
REF*6R*PMXP0101691037-4~
LQ*HE*M15~
SVC*HC>U0002*220*25.28*0300*1~
DTM*472*20220109~
CAS*CO*45*194.72~
REF*6R*PMXP0101691037-5~
AMT*B6*25.28~
SVC*HC>81003>59*21*0*0301*1~
DTM*472*20220109~
CAS*CO*97*21~
REF*6R*PMXP0101691037-6~
LQ*HE*M15~
SVC*HC>83690*54*0*0301*1~
DTM*472*20220109~
CAS*CO*97*54~
REF*6R*PMXP0101691037-7~
LQ*HE*M15~
SVC*HC>83735*43*0*0301*1~
DTM*472*20220109~
CAS*CO*97*43~
REF*6R*PMXP0101691037-8~
LQ*HE*M15~
SVC*HC>85025*74*0*0305*1~
DTM*472*20220109~
CAS*CO*97*74~
REF*6R*PMXP0101691037-9~
LQ*HE*M15~
SVC*HC>87804*188*0*0306*2~
DTM*472*20220109~
CAS*CO*97*188~
REF*6R*PMXP0101691037-10~
LQ*HE*M15~
SVC*HC>74176*2168*136.93*0352*1~
DTM*472*20220109~
CAS*CO*45*2031.07~
REF*6R*PMXP0101691037-11~
AMT*B6*136.93~
SVC*HC>99284>25>CS*922*216.43*0450*1~
DTM*472*20220109~
CAS*CO*45*705.57~
REF*6R*PMXP0101691037-12~
AMT*B6*216.43~
SVC*HC>96374*258*121.08*0761*1~
DTM*472*20220109~
CAS*CO*45*136.92~
REF*6R*PMXP0101691037-13~
AMT*B6*121.08~
SVC*HC>96375*213*23.8*0761*1~
DTM*472*20220109~
CAS*CO*45*189.2~
REF*6R*PMXP0101691037-14~
AMT*B6*23.8~
CLP*H315461695100*1*443*78.3**HM*200305740*13*1~
NM1*QC*1*BROWN*HUXLEY****MI*1255498810~
NM1*82*2*COMMUNITY HEALTH CENTER OF BRANCH COUNTY*****XX*1063471639~
REF*CE*MEDICAID~
DTM*232*20220109~
DTM*050*20220113~
SVC*HC>99282*443*78.3*0450*1~
DTM*472*20220109~
CAS*CO*45*364.7~
REF*6R*PMXP0101654098-1~
AMT*B6*78.3~
CLP*H315428000900*1*6906*839.16**HM*200266381*13*1~
NM1*QC*1*CASKEY*ZETA*K***MI*0020345065~
NM1*82*2*COMMUNITY HEALTH CENTER OF BRANCH COUNTY*****XX*1063471639~
REF*CE*MEDICAID~
DTM*232*20211227~
DTM*233*20211228~
DTM*050*20220112~
SVC*NU>0250*26*0**3~
DTM*472*20211227~
CAS*CO*97*26~
SVC*NU>0250*8*0**1~
DTM*472*20211228~
CAS*CO*97*8~
SVC*NU>0255*84*0**100~
DTM*472*20211228~
CAS*CO*97*84~
SVC*HC>96361*187*23.8*0260*1~
DTM*472*20211227~
CAS*CO*45*163.2~
REF*6R*PMXP0101616726-4~
AMT*B6*23.8~
SVC*HC>80053*137*0*0300*1~
DTM*472*20211227~
CAS*CO*97*137~
REF*6R*PMXP0101616726-5~
LQ*HE*M15~
SVC*HC>U0002*220*25.28*0300*1~
DTM*472*20211227~
CAS*CO*45*194.72~
REF*6R*PMXP0101616726-6~
AMT*B6*25.28~
SVC*HC>83690*53*0*0301*1~
DTM*472*20211227~
CAS*CO*97*53~
REF*6R*PMXP0101616726-7~
LQ*HE*M15~
SVC*HC>83735*42*0*0301*1~
DTM*472*20211227~
CAS*CO*97*42~
REF*6R*PMXP0101616726-8~
LQ*HE*M15~
SVC*HC>84484*126*0*0301*1~
DTM*472*20211227~
CAS*CO*97*126~
REF*6R*PMXP0101616726-9~
LQ*HE*M15~
SVC*HC>85025*73*0*0305*1~
DTM*472*20211227~
CAS*CO*97*73~
REF*6R*PMXP0101616726-10~
LQ*HE*M15~
SVC*HC>87804*184*0*0306*2~
DTM*472*20211227~
CAS*CO*97*184~
REF*6R*PMXP0101616726-11~
LQ*HE*M15~
SVC*HC>81001*63*0*0307*1~
DTM*472*20211227~
CAS*CO*97*63~
REF*6R*PMXP0101616726-12~
LQ*HE*M15~
SVC*HC>81025*63*0*0307*1~
DTM*472*20211227~
CAS*CO*97*63~
REF*6R*PMXP0101616726-13~
LQ*HE*M15~
SVC*HC>71045*190*48.14*0320*1~
DTM*472*20211227~
CAS*CO*45*141.86~
REF*6R*PMXP0101616726-14~
AMT*B6*48.14~
SVC*HC>74177*3155*219.03*0352*1~
DTM*472*20211228~
CAS*CO*45*2935.97~
REF*6R*PMXP0101616726-15~
AMT*B6*219.03~
SVC*HC>99283>25>27>CS*629*137.8*0450*1~
DTM*472*20211227~
CAS*CO*45*491.2~
REF*6R*PMXP0101616726-16~
AMT*B6*137.8~
SVC*HC>99284>25*887*216.43*0450*1~
DTM*472*20211227~
CAS*CO*45*670.57~
REF*6R*PMXP0101616726-17~
AMT*B6*216.43~
SVC*HC>93005>59*140*0*0730*1~
DTM*472*20211227~
CAS*CO*97*140~
REF*6R*PMXP0101616726-18~
LQ*HE*M15~
SVC*HC>96374*241*121.08*0761*1~
DTM*472*20211227~
CAS*CO*45*119.92~
REF*6R*PMXP0101616726-19~
AMT*B6*121.08~
SVC*HC>96375*398*47.6*0761*2~
DTM*472*20211227~
CAS*CO*45*350.4~
REF*6R*PMXP0101616726-20~
AMT*B6*47.6~
CLP*H315455504400*1*7382*604.14**HM*200247517*13*1~
NM1*QC*1*CHIRINOS*VANESSA*J***MI*0069001468~
NM1*82*2*COMMUNITY HEALTH CENTER OF BRANCH COUNTY*****XX*1063471639~
REF*CE*MEDICAID~
DTM*232*20220106~
DTM*050*20220111~
SVC*NU>0250*49*0**3~
DTM*472*20220106~
CAS*CO*97*49~
SVC*NU>0255*84*0**100~
DTM*472*20220106~
CAS*CO*97*84~
SVC*HC>96361*200*23.8*0260*1~
DTM*472*20220106~
CAS*CO*45*176.2~
REF*6R*PMXP0101583327-3~
AMT*B6*23.8~
SVC*HC>80053*140*0*0300*1~
DTM*472*20220106~
CAS*CO*97*140~
REF*6R*PMXP0101583327-4~
LQ*HE*M15~
SVC*HC>82010*33*0*0301*1~
DTM*472*20220106~
CAS*CO*97*33~
REF*6R*PMXP0101583327-5~
LQ*HE*M15~
SVC*HC>82800*64*0*0301*1~
DTM*472*20220106~
CAS*CO*97*64~
REF*6R*PMXP0101583327-6~
LQ*HE*M15~
SVC*HC>85025*74*0*0305*1~
DTM*472*20220106~
CAS*CO*97*74~
REF*6R*PMXP0101583327-7~
LQ*HE*M15~
SVC*HC>81001*64*0*0307*1~
DTM*472*20220106~
CAS*CO*97*64~
REF*6R*PMXP0101583327-8~
LQ*HE*M15~
SVC*HC>71101>RT*386*0*0320*1~
DTM*472*20220106~
CAS*CO*97*386~
REF*6R*PMXP0101583327-9~
LQ*HE*M15~
SVC*HC>72040*339*0*0320*1~
DTM*472*20220106~
CAS*CO*97*339~
REF*6R*PMXP0101583327-10~
LQ*HE*M15~
SVC*HC>72100*386*0*0320*1~
DTM*472*20220106~
CAS*CO*97*386~
REF*6R*PMXP0101583327-11~
LQ*HE*M15~
SVC*HC>73552>RT*258*0*0320*1~
DTM*472*20220106~
CAS*CO*97*258~
REF*6R*PMXP0101583327-12~
LQ*HE*M15~
SVC*HC>73590>RT*280*0*0320*1~
DTM*472*20220106~
CAS*CO*97*280~
REF*6R*PMXP0101583327-13~
LQ*HE*M15~
SVC*HC>73630>RT*351*0*0320*1~
DTM*472*20220106~
CAS*CO*97*351~
REF*6R*PMXP0101583327-14~
LQ*HE*M15~
SVC*HC>74177*3281*219.03*0352*1~
DTM*472*20220106~
CAS*CO*45*3061.97~
REF*6R*PMXP0101583327-15~
AMT*B6*219.03~
SVC*HC>99284>25*922*216.43*0450*1~
DTM*472*20220106~
CAS*CO*45*705.57~
REF*6R*PMXP0101583327-16~
AMT*B6*216.43~
SVC*HC>96374>59*258*121.08*0761*1~
DTM*472*20220106~
CAS*CO*45*136.92~
REF*6R*PMXP0101583327-17~
AMT*B6*121.08~
SVC*HC>96375*213*23.8*0761*1~
DTM*472*20220106~
CAS*CO*45*189.2~
REF*6R*PMXP0101583327-18~
AMT*B6*23.8~
CLP*H315424549401*2*438*78.3**HM*200305721*13*1~
NM1*QC*1*CLARK*JAXON****MI*1231224801~
NM1*82*2*COMMUNITY HEALTH CENTER OF BRANCH COUNTY*****XX*1063471639~
REF*CE*MEDICAID~
DTM*232*20211226~
DTM*050*20220113~
SVC*NU>0250*12*0**3~
DTM*472*20211226~
CAS*OA*23*12~
SVC*HC>99282>25*426*78.3*0450*1~
DTM*472*20211226~
CAS*OA*23*347.7~
REF*6R*PMXP0101654050-2~
CLP*H315460771000*1*3124*505.16**HM*200305754*13*1~
NM1*QC*1*COLE*MARLENE*A***MI*0093390539~
NM1*82*2*COMMUNITY HEALTH CENTER OF BRANCH COUNTY*****XX*1063471639~
REF*CE*MEDICAID~
DTM*232*20220108~
DTM*050*20220113~
SVC*NU>0250*1*0**1~
DTM*472*20220108~
CAS*CO*97*1~
SVC*HC>96360*412*121.08*0260*1~
DTM*472*20220108~
CAS*CO*45*290.92~
REF*6R*PMXP0101654076-2~
AMT*B6*121.08~
SVC*HC>80053*140*0*0300*1~
DTM*472*20220108~
CAS*CO*97*140~
REF*6R*PMXP0101654076-3~
LQ*HE*M15~
SVC*HC>80307*74*0*0300*1~
DTM*472*20220108~
CAS*CO*97*74~
REF*6R*PMXP0101654076-4~
LQ*HE*M15~
SVC*HC>U0002*220*25.28*0300*1~
DTM*472*20220108~
CAS*CO*45*194.72~
REF*6R*PMXP0101654076-5~
AMT*B6*25.28~
SVC*HC>83735*43*0*0301*1~
DTM*472*20220108~
CAS*CO*97*43~
REF*6R*PMXP0101654076-6~
LQ*HE*M15~
SVC*HC>84443*150*0*0301*1~
DTM*472*20220108~
CAS*CO*97*150~
REF*6R*PMXP0101654076-7~
LQ*HE*M15~
SVC*HC>84484*129*0*0301*1~
DTM*472*20220108~
CAS*CO*97*129~
REF*6R*PMXP0101654076-8~
LQ*HE*M15~
SVC*HC>85025*74*0*0305*1~
DTM*472*20220108~
CAS*CO*97*74~
REF*6R*PMXP0101654076-9~
LQ*HE*M15~
SVC*HC>85379*54*0*0305*1~
DTM*472*20220108~
CAS*CO*97*54~
REF*6R*PMXP0101654076-10~
LQ*HE*M15~
SVC*HC>81001>59*64*0*0307*1~
DTM*472*20220108~
CAS*CO*97*64~
REF*6R*PMXP0101654076-11~
LQ*HE*M15~
SVC*HC>71045*200*48.14*0320*1~
DTM*472*20220108~
CAS*CO*45*151.86~
REF*6R*PMXP0101654076-12~
AMT*B6*48.14~
SVC*HC>99285>25>CS*1413*310.66*0450*1~
DTM*472*20220108~
CAS*CO*45*1102.34~
REF*6R*PMXP0101654076-13~
AMT*B6*310.66~
SVC*HC>93005>59*150*0*0730*1~
DTM*472*20220108~
CAS*CO*97*150~
REF*6R*PMXP0101654076-14~
LQ*HE*M15~
CLP*H315423316701*2*904*137.8**HM*200342107*13*1~
NM1*QC*1*CUELLAR*ISABELLE*R***MI*1197256267~
NM1*82*2*COMMUNITY HEALTH CENTER OF BRANCH COUNTY*****XX*1063471639~
REF*CE*MEDICAID~
DTM*232*20211224~
DTM*050*20220114~
SVC*HC>81001*63*0*0307*1~
DTM*472*20211224~
CAS*OA*23*63~
REF*6R*PMXP0101691035-1~
SVC*HC>73600>RT*212*0*0320*1~
DTM*472*20211224~
CAS*OA*23*212~
REF*6R*PMXP0101691035-2~
SVC*HC>99283>25*629*137.8*0450*1~
DTM*472*20211224~
CAS*OA*23*491.2~
REF*6R*PMXP0101691035-3~
CLP*H315453976600*1*4083*539.13**HM*200305744*13*1~
NM1*QC*1*DELLES*THERESA*L***MI*0006134182~
NM1*82*2*COMMUNITY HEALTH CENTER OF BRANCH COUNTY*****XX*1063471639~
REF*CE*MEDICAID~
DTM*232*20220106~
DTM*050*20220113~
SVC*NU>0250*1*0**5~
DTM*472*20220106~
CAS*CO*97*1~
SVC*HC>96361*200*23.8*0260*1~
DTM*472*20220106~
CAS*CO*45*176.2~
REF*6R*PMXP0101654055-2~
AMT*B6*23.8~
SVC*HC>80048*140*0*0300*1~
DTM*472*20220106~
CAS*CO*97*140~
REF*6R*PMXP0101654055-3~
LQ*HE*M15~
SVC*HC>82803*193*0*0301*1~
DTM*472*20220106~
CAS*CO*97*193~
REF*6R*PMXP0101654055-4~
LQ*HE*M15~
SVC*HC>84484*258*0*0301*2~
DTM*472*20220106~
CAS*CO*97*258~
REF*6R*PMXP0101654055-5~
LQ*HE*M15~
SVC*HC>85025*74*0*0305*1~
DTM*472*20220106~
CAS*CO*97*74~
REF*6R*PMXP0101654055-6~
LQ*HE*M15~
SVC*HC>85379*54*0*0305*1~
DTM*472*20220106~
CAS*CO*97*54~
REF*6R*PMXP0101654055-7~
LQ*HE*M15~
SVC*HC>71046*316*48.14*0320*1~
DTM*472*20220106~
CAS*CO*45*267.86~
REF*6R*PMXP0101654055-8~
AMT*B6*48.14~
SVC*HC>76830*683*64.84*0402*1~
DTM*472*20220106~
CAS*CO*45*618.16~
REF*6R*PMXP0101654055-9~
AMT*B6*64.84~
SVC*HC>76856*834*64.84*0402*1~
DTM*472*20220106~
CAS*CO*45*769.16~
REF*6R*PMXP0101654055-10~
AMT*B6*64.84~
SVC*HC>99284>25*922*216.43*0450*1~
DTM*472*20220106~
CAS*CO*45*705.57~
REF*6R*PMXP0101654055-11~
AMT*B6*216.43~
SVC*HC>93005>59*150*0*0730*1~
DTM*472*20220106~
CAS*CO*97*150~
REF*6R*PMXP0101654055-12~
LQ*HE*M15~
SVC*HC>96374*258*121.08*0761*1~
DTM*472*20220106~
CAS*CO*45*136.92~
REF*6R*PMXP0101654055-13~
AMT*B6*121.08~
CLP*H315459935500*1*2005*221.8**HM*200305731*13*1~
NM1*QC*1*DEPEW*KELLY*S***MI*0095742022~
NM1*82*2*COMMUNITY HEALTH CENTER OF BRANCH COUNTY*****XX*1063471639~
REF*CE*MEDICAID~
DTM*232*20220107~
DTM*050*20220113~
SVC*NU>0250*1*0**2~
DTM*472*20220107~
CAS*CO*97*1~
SVC*HC>73590>LT*280*0*0320*1~
DTM*472*20220107~
CAS*CO*97*280~
REF*6R*PMXP0101654085-2~
LQ*HE*M15~
SVC*HC>73610>LT*351*0*0320*1~
DTM*472*20220107~
CAS*CO*97*351~
REF*6R*PMXP0101654085-3~
LQ*HE*M15~
SVC*HC>29515>LT*719*84*0361*1~
DTM*472*20220107~
CAS*CO*45*635~
REF*6R*PMXP0101654085-4~
AMT*B6*84~
SVC*HC>99283>25*654*137.8*0450*1~
DTM*472*20220107~
CAS*CO*45*516.2~
REF*6R*PMXP0101654085-5~
AMT*B6*137.8~
CLP*H315460110800*4*3183*0**HM*200247463*13*1~
NM1*QC*1*DILLION*CHELSEA****MI*0089061525~
NM1*PR*2*COMMUNITY HEALTH CENTER OF BRANCH COUNTY*****FI*386108110~
REF*CE*MEDICAID~
DTM*232*20220107~
DTM*050*20220111~
SVC*HC>96360*412*0*0260*1~
DTM*472*20220107~
CAS*CO*22*412~
REF*6R*PMXP0101583325-1~
SVC*HC>80053*140*0*0300*1~
DTM*472*20220107~
CAS*CO*22*140~
REF*6R*PMXP0101583325-2~
SVC*HC>84702*129*0*0301*1~
DTM*472*20220107~
CAS*CO*22*129~
REF*6R*PMXP0101583325-3~
SVC*HC>85025*74*0*0305*1~
DTM*472*20220107~
CAS*CO*22*74~
REF*6R*PMXP0101583325-4~
SVC*HC>81001*64*0*0307*1~
DTM*472*20220107~
CAS*CO*22*64~
REF*6R*PMXP0101583325-5~
SVC*HC>81025*64*0*0307*1~
DTM*472*20220107~
CAS*CO*22*64~
REF*6R*PMXP0101583325-6~
SVC*HC>76801*857*0*0402*1~
DTM*472*20220107~
CAS*CO*22*857~
REF*6R*PMXP0101583325-7~
SVC*HC>76817*521*0*0402*1~
DTM*472*20220107~
CAS*CO*22*521~
REF*6R*PMXP0101583325-8~
SVC*HC>99284>25*922*0*0450*1~
DTM*472*20220107~
CAS*CO*22*922~
REF*6R*PMXP0101583325-9~
CLP*H315464814200*1*171*11.79**HM*200342078*13*1~
NM1*QC*1*GONZALEZ*SABRINA*M***MI*0090462133~
NM1*82*2*COMMUNITY HEALTH CENTER OF BRANCH COUNTY*****XX*1063471639~
REF*CE*MEDICAID~
DTM*232*20220110~
DTM*050*20220114~
SVC*HC>36415*21*1.79*0300*1~
DTM*472*20220110~
CAS*CO*45*19.21~
REF*6R*PMXP0101691018-1~
AMT*B6*1.79~
SVC*HC>84443*150*10*0301*1~
DTM*472*20220110~
CAS*CO*45*140~
REF*6R*PMXP0101691018-2~
AMT*B6*10~
CLP*H315435314900*1*1539*137.8**HM*200266379*13*1~
NM1*QC*1*ICE*TRISTIN*M***MI*0026672183~
NM1*82*2*COMMUNITY HEALTH CENTER OF BRANCH COUNTY*****XX*1063471639~
REF*CE*MEDICAID~
DTM*232*20211229~
DTM*233*20211230~
DTM*050*20220112~
SVC*NU>0250*1*0**1~
DTM*472*20211230~
CAS*CO*97*1~
SVC*HC>73030>LT*334*0*0320*1~
DTM*472*20211230~
CAS*CO*97*334~
REF*6R*PMXP0101616713-2~
LQ*HE*M15~
SVC*HC>73090>LT*246*0*0320*1~
DTM*472*20211230~
CAS*CO*97*246~
REF*6R*PMXP0101616713-3~
LQ*HE*M15~
SVC*HC>73110>LT*329*0*0320*1~
DTM*472*20211230~
CAS*CO*97*329~
REF*6R*PMXP0101616713-4~
LQ*HE*M15~
SVC*HC>99283>25*629*137.8*0450*1~
DTM*472*20211229~
CAS*CO*45*491.2~
REF*6R*PMXP0101616713-5~
AMT*B6*137.8~
CLP*H315460680700*1*842*137.8**HM*200266386*13*1~
NM1*QC*1*JAMES*LIAM*C***MI*1228481351~
NM1*82*2*COMMUNITY HEALTH CENTER OF BRANCH COUNTY*****XX*1063471639~
REF*CE*MEDICAID~
DTM*232*20220108~
DTM*050*20220112~
SVC*HC>87804*188*0*0306*2~
DTM*472*20220108~
CAS*CO*97*188~
REF*6R*PMXP0101616701-1~
LQ*HE*M15~
SVC*HC>99283>25*654*137.8*0450*1~
DTM*472*20220108~
CAS*CO*45*516.2~
REF*6R*PMXP0101616701-2~
AMT*B6*137.8~
CLP*H315460368100*1*2178*282.68**HM*200266397*13*1~
NM1*QC*1*KAFER*BRANDON*J***MI*0015012497~
NM1*82*2*COMMUNITY HEALTH CENTER OF BRANCH COUNTY*****XX*1063471639~
REF*CE*MEDICAID~
DTM*232*20220108~
DTM*050*20220112~
SVC*NU>0250*18*0**4~
DTM*472*20220108~
CAS*CO*97*18~
SVC*HC>0241U*1035*0*0306*1~
DTM*472*20220108~
CAS*CO*204*1035~
REF*6R*PMXP0101616709-2~
SVC*HC>99283>25*654*137.8*0450*1~
DTM*472*20220108~
CAS*CO*45*516.2~
REF*6R*PMXP0101616709-3~
AMT*B6*137.8~
SVC*HC>96374*258*121.08*0761*1~
DTM*472*20220108~
CAS*CO*45*136.92~
REF*6R*PMXP0101616709-4~
AMT*B6*121.08~
SVC*HC>96375*213*23.8*0761*1~
DTM*472*20220108~
CAS*CO*45*189.2~
REF*6R*PMXP0101616709-5~
AMT*B6*23.8~
CLP*H315461746100*1*1389*137.8**HM*200305727*13*1~
NM1*QC*1*KERRY*BROOKLYN****MI*0029195774~
NM1*82*2*COMMUNITY HEALTH CENTER OF BRANCH COUNTY*****XX*1063471639~
REF*CE*MEDICAID~
DTM*232*20220109~
DTM*050*20220113~
SVC*NU>0250*1*0**1~
DTM*472*20220109~
CAS*CO*97*1~
SVC*NU>0270*383*0**1~
DTM*472*20220109~
CAS*CO*97*383~
SVC*HC>73610>LT*351*0*0320*1~
DTM*472*20220109~
CAS*CO*97*351~
REF*6R*PMXP0101654077-3~
LQ*HE*M15~
SVC*HC>99283>25*654*137.8*0450*1~
DTM*472*20220109~
CAS*CO*45*516.2~
REF*6R*PMXP0101654077-4~
AMT*B6*137.8~
CLP*H315423459501*2*2269*0**HM*200266396*13*1~
NM1*QC*1*LEDFORD*LILY*D***MI*0042868125~
NM1*82*2*COMMUNITY HEALTH CENTER OF BRANCH COUNTY*****XX*1063471639~
REF*CE*MEDICAID~
DTM*232*20211224~
DTM*050*20220112~
SVC*NU>0250*12*0**2~
DTM*472*20211224~
CAS*OA*23*12~
SVC*HC>0241U*1015*0*0306*1~
DTM*472*20211224~
CAS*OA*23*1015~
REF*6R*PMXP0101616715-2~
SVC*HC>81025*63*0*0307*1~
DTM*472*20211224~
CAS*OA*23*63~
REF*6R*PMXP0101616715-3~
SVC*HC>99284>25*887*0*0450*1~
DTM*472*20211224~
CAS*OA*23*887~
REF*6R*PMXP0101616715-4~
SVC*HC>93005>59*140*0*0730*1~
DTM*472*20211224~
CAS*OA*23*140~
REF*6R*PMXP0101616715-5~
SVC*HC>96372>59*152*0*0761*1~
DTM*472*20211224~
CAS*OA*23*152~
REF*6R*PMXP0101616715-6~
CLP*H315460139000*1*1389*137.8**HM*200266395*13*1~
NM1*QC*1*LUCAS*VICTOR*M***MI*0036880545~
NM1*82*2*COMMUNITY HEALTH CENTER OF BRANCH COUNTY*****XX*1063471639~
REF*CE*MEDICAID~
DTM*232*20220107~
DTM*050*20220112~
SVC*NU>0250*1*0**1~
DTM*472*20220107~
CAS*CO*97*1~
SVC*NU>0270*383*0**1~
DTM*472*20220107~
CAS*CO*97*383~
SVC*HC>73610>RT*351*0*0320*1~
DTM*472*20220107~
CAS*CO*97*351~
REF*6R*PMXP0101616695-3~
LQ*HE*M15~
SVC*HC>99283>25*654*137.8*0450*1~
DTM*472*20220107~
CAS*CO*45*516.2~
REF*6R*PMXP0101616695-4~
AMT*B6*137.8~
CLP*H315262027601*2*399*0**HM*200305735*13*1~
NM1*QC*1*MARTEN*MELISSA*K***MI*0008871483~
NM1*82*2*COMMUNITY HEALTH CENTER OF BRANCH COUNTY*****XX*1063471639~
REF*CE*MEDICAID~
DTM*232*20211012~
DTM*050*20220113~
SVC*HC>36415*21*0*0300*1~
DTM*472*20211012~
CAS*OA*23*21~
REF*6R*PMXP0101654062-1~
SVC*HC>82306*105*0*0300*1~
DTM*472*20211012~
CAS*OA*23*105~
REF*6R*PMXP0101654062-2~
SVC*HC>80061*105*0*0301*1~
DTM*472*20211012~
CAS*OA*23*105~
REF*6R*PMXP0101654062-3~
SVC*HC>83036*63*0*0301*1~
DTM*472*20211012~
CAS*OA*23*63~
REF*6R*PMXP0101654062-4~
SVC*HC>83525*32*0*0301*1~
DTM*472*20211012~
CAS*OA*23*32~
REF*6R*PMXP0101654062-5~
SVC*HC>85025*73*0*0305*1~
DTM*472*20211012~
CAS*OA*23*73~
REF*6R*PMXP0101654062-6~
CLP*H315460424400*1*654*137.8**HM*200266390*13*1~
NM1*QC*1*MCCARLEY*AMARA*M***MI*1167631222~
NM1*82*2*COMMUNITY HEALTH CENTER OF BRANCH COUNTY*****XX*1063471639~
REF*CE*MEDICAID~
DTM*232*20220108~
DTM*050*20220112~
SVC*HC>99283*654*137.8*0450*1~
DTM*472*20220108~
CAS*CO*45*516.2~
REF*6R*PMXP0101616697-1~
AMT*B6*137.8~
CLP*H315457429500*1*131*70.65**HM*200266384*13*1~
NM1*QC*1*MCGEE*HAYLEY****MI*0014372264~
NM1*74*1*MCGEE*HALEY****C*0014372264~
NM1*82*2*COMMUNITY HEALTH CENTER OF BRANCH COUNTY*****XX*1063471639~
REF*CE*MEDICAID~
DTM*232*20220107~
DTM*050*20220112~
SVC*HC>G0463*131*70.65*0761*1~
DTM*472*20220107~
CAS*CO*45*60.35~
REF*6R*PMXP0101616699-1~
AMT*B6*70.65~
CLP*H315423863500*1*1835*185.94**HM*200342092*13*1~
NM1*QC*1*MOHAMED*SAMI*S***MI*1155719409~
NM1*82*2*COMMUNITY HEALTH CENTER OF BRANCH COUNTY*****XX*1063471639~
REF*CE*MEDICAID~
DTM*232*20211225~
DTM*050*20220114~
SVC*NU>0250*1*0**1~
DTM*472*20211225~
CAS*CO*97*1~
SVC*HC>0241U*1015*0*0306*1~
DTM*472*20211225~
CAS*CO*204*1015~
REF*6R*PMXP0101691019-2~
SVC*HC>71045*190*48.14*0320*1~
DTM*472*20211225~
CAS*CO*45*141.86~
REF*6R*PMXP0101691019-3~
AMT*B6*48.14~
SVC*HC>99283>25*629*137.8*0450*1~
DTM*472*20211225~
CAS*CO*45*491.2~
REF*6R*PMXP0101691019-4~
AMT*B6*137.8~
CLP*H315460636200*1*718*137.8**HM*200266385*13*1~
NM1*QC*1*PATTON*BROOKLYNN*R***MI*0024835771~
NM1*82*2*COMMUNITY HEALTH CENTER OF BRANCH COUNTY*****XX*1063471639~
REF*CE*MEDICAID~
DTM*232*20220108~
DTM*050*20220112~
SVC*NU>0250*3*0**5~
DTM*472*20220108~
CAS*CO*97*3~
SVC*HC>87880*61*0*0306*1~
DTM*472*20220108~
CAS*CO*97*61~
REF*6R*PMXP0101616735-2~
LQ*HE*M15~
SVC*HC>99283>25*654*137.8*0450*1~
DTM*472*20220108~
CAS*CO*45*516.2~
REF*6R*PMXP0101616735-3~
AMT*B6*137.8~
CLP*H315431542200*4*1640*0**HM*199998818*13*1~
NM1*QC*1*POPE*PAUL*J***MI*0014671357~
NM1*82*2*COMMUNITY HEALTH CENTER OF BRANCH COUNTY*****XX*1063471639~
REF*CE*MEDICAID~
DTM*232*20211230~
DTM*050*20220103~
SVC*HC>93306*1640*0*0483*1~
DTM*472*20211230~
CAS*CO*197*1640~
REF*6R*PMXP0101316636-1~
CLP*H315443200000*1*1181*64.84**HM*200187094*13*1~
NM1*QC*1*QUEEN*LARRY*J***MI*0009130299~
NM1*82*2*COMMUNITY HEALTH CENTER OF BRANCH COUNTY*****XX*1063471639~
REF*CE*MEDICAID~
DTM*232*20220103~
DTM*050*20220110~
SVC*HC>72050*492*64.84*0320*1~
DTM*472*20220103~
CAS*CO*45*427.16~
REF*6R*PMXP0101524704-1~
AMT*B6*64.84~
SVC*HC>72100*386*0*0320*1~
DTM*472*20220103~
CAS*CO*97*386~
REF*6R*PMXP0101524704-2~
LQ*HE*M15~
SVC*HC>73060>RT*303*0*0320*1~
DTM*472*20220103~
CAS*CO*97*303~
REF*6R*PMXP0101524704-3~
LQ*HE*M15~
CLP*H315461919900*1*1958*216.43**HM*200305729*13*1~
NM1*QC*1*SALEM*AHMED*H***MI*0041916809~
NM1*82*2*COMMUNITY HEALTH CENTER OF BRANCH COUNTY*****XX*1063471639~
REF*CE*MEDICAID~
DTM*232*20220109~
DTM*050*20220113~
SVC*NU>0250*1*0**1~
DTM*472*20220109~
CAS*CO*97*1~
SVC*HC>0241U*1035*0*0306*1~
DTM*472*20220109~
CAS*CO*204*1035~
REF*6R*PMXP0101654103-2~
SVC*HC>99284>25*922*216.43*0450*1~
DTM*472*20220109~
CAS*CO*45*705.57~
REF*6R*PMXP0101654103-3~
AMT*B6*216.43~
CLP*H315460679800*1*842*137.8**HM*200266387*13*1~
NM1*QC*1*SATTLER-MCCURLEY*ABIGAIL****MI*1005571336~
NM1*82*2*COMMUNITY HEALTH CENTER OF BRANCH COUNTY*****XX*1063471639~
REF*CE*MEDICAID~
DTM*232*20220108~
DTM*050*20220112~
SVC*HC>87804*188*0*0306*2~
DTM*472*20220108~
CAS*CO*97*188~
REF*6R*PMXP0101616723-1~
LQ*HE*M15~
SVC*HC>99283>25*654*137.8*0450*1~
DTM*472*20220108~
CAS*CO*45*516.2~
REF*6R*PMXP0101616723-2~
AMT*B6*137.8~
CLP*H315461548800*1*6396*580.34**HM*200305742*13*1~
NM1*QC*1*SEBRING*ALISHA*M***MI*0085494860~
NM1*82*2*COMMUNITY HEALTH CENTER OF BRANCH COUNTY*****XX*1063471639~
REF*CE*MEDICAID~
DTM*232*20220109~
DTM*050*20220113~
SVC*NU>0250*17*0**2~
DTM*472*20220109~
CAS*CO*97*17~
SVC*NU>0255*84*0**100~
DTM*472*20220109~
CAS*CO*97*84~
SVC*HC>96361*200*23.8*0260*1~
DTM*472*20220109~
CAS*CO*45*176.2~
REF*6R*PMXP0101654101-3~
AMT*B6*23.8~
SVC*HC>80053*140*0*0300*1~
DTM*472*20220109~
CAS*CO*97*140~
REF*6R*PMXP0101654101-4~
LQ*HE*M15~
SVC*HC>80307*74*0*0300*1~
DTM*472*20220109~
CAS*CO*97*74~
REF*6R*PMXP0101654101-5~
LQ*HE*M15~
SVC*HC>81003>59*21*0*0301*1~
DTM*472*20220109~
CAS*CO*97*21~
REF*6R*PMXP0101654101-6~
LQ*HE*M15~
SVC*HC>83690*54*0*0301*1~
DTM*472*20220109~
CAS*CO*97*54~
REF*6R*PMXP0101654101-7~
LQ*HE*M15~
SVC*HC>83735*43*0*0301*1~
DTM*472*20220109~
CAS*CO*97*43~
REF*6R*PMXP0101654101-8~
LQ*HE*M15~
SVC*HC>84702*129*0*0301*1~
DTM*472*20220109~
CAS*CO*97*129~
REF*6R*PMXP0101654101-9~
LQ*HE*M15~
SVC*HC>85025*74*0*0305*1~
DTM*472*20220109~
CAS*CO*97*74~
REF*6R*PMXP0101654101-10~
LQ*HE*M15~
SVC*HC>0241U*1035*0*0306*1~
DTM*472*20220109~
CAS*CO*204*1035~
REF*6R*PMXP0101654101-11~
SVC*HC>81025*64*0*0307*1~
DTM*472*20220109~
CAS*CO*97*64~
REF*6R*PMXP0101654101-12~
LQ*HE*M15~
SVC*HC>74177*3281*219.03*0352*1~
DTM*472*20220109~
CAS*CO*45*3061.97~
REF*6R*PMXP0101654101-13~
AMT*B6*219.03~
SVC*HC>99284>25*922*216.43*0450*1~
DTM*472*20220109~
CAS*CO*45*705.57~
REF*6R*PMXP0101654101-14~
AMT*B6*216.43~
SVC*HC>96374>59*258*121.08*0761*1~
DTM*472*20220109~
CAS*CO*45*136.92~
REF*6R*PMXP0101654101-15~
AMT*B6*121.08~
CLP*H315460666800*1*654*137.8**HM*200266393*13*1~
NM1*QC*1*SMITH*DESTINY*L***MI*0024998623~
NM1*82*2*COMMUNITY HEALTH CENTER OF BRANCH COUNTY*****XX*1063471639~
REF*CE*MEDICAID~
DTM*232*20220108~
DTM*050*20220112~
SVC*HC>99283*654*137.8*0450*1~
DTM*472*20220108~
CAS*CO*45*516.2~
REF*6R*PMXP0101616712-1~
AMT*B6*137.8~
CLP*H315463188700*1*5082*742.76**HM*200342111*13*1~
NM1*QC*1*SMITH*JAMES*W***MI*1035399444~
NM1*82*2*COMMUNITY HEALTH CENTER OF BRANCH COUNTY*****XX*1063471639~
REF*CE*MEDICAID~
DTM*232*20220110~
DTM*050*20220114~
SVC*NU>0250*23*0**2~
DTM*472*20220110~
CAS*CO*97*23~
SVC*HC>M0247*1496*268.05*0260*1~
DTM*472*20220110~
CAS*CO*45*1227.95~
REF*6R*PMXP0101691027-2~
AMT*B6*268.05~
SVC*HC>80048*140*0*0300*1~
DTM*472*20220110~
CAS*CO*97*140~
REF*6R*PMXP0101691027-3~
LQ*HE*M15~
SVC*HC>85025*74*0*0305*1~
DTM*472*20220110~
CAS*CO*97*74~
REF*6R*PMXP0101691027-4~
LQ*HE*M15~
SVC*HC>74176*2168*136.93*0352*1~
DTM*472*20220110~
CAS*CO*45*2031.07~
REF*6R*PMXP0101691027-5~
AMT*B6*136.93~
SVC*HC>99284>25*922*216.43*0450*1~
DTM*472*20220110~
CAS*CO*45*705.57~
REF*6R*PMXP0101691027-6~
AMT*B6*216.43~
SVC*HC>Q0247*1*.27*0636*1~
DTM*472*20220110~
CAS*CO*45*.73~
REF*6R*PMXP0101691027-7~
AMT*B6*.27~
SVC*HC>96374*258*121.08*0761*1~
DTM*472*20220110~
CAS*CO*45*136.92~
REF*6R*PMXP0101691027-8~
AMT*B6*121.08~
CLP*H315461760400*1*2946*482.33**HM*200347141*13*1~
NM1*QC*1*SMITH*JAMES*W***MI*1035399444~
NM1*82*2*COMMUNITY HEALTH CENTER OF BRANCH COUNTY*****XX*1063471639~
REF*CE*MEDICAID~
DTM*232*20220109~
DTM*050*20220114~
SVC*NU>0250*39*0**9~
DTM*472*20220109~
CAS*CO*97*39~
SVC*HC>96361*200*23.8*0260*1~
DTM*472*20220109~
CAS*CO*45*176.2~
REF*6R*PMXP0101691026-2~
AMT*B6*23.8~
SVC*HC>80053*140*0*0300*1~
DTM*472*20220109~
CAS*CO*97*140~
REF*6R*PMXP0101691026-3~
LQ*HE*M15~
SVC*HC>U0002*220*25.28*0300*1~
DTM*472*20220109~
CAS*CO*45*194.72~
REF*6R*PMXP0101691026-4~
AMT*B6*25.28~
SVC*HC>84484*129*0*0301*1~
DTM*472*20220109~
CAS*CO*97*129~
REF*6R*PMXP0101691026-5~
LQ*HE*M15~
SVC*HC>85025*74*0*0305*1~
DTM*472*20220109~
CAS*CO*97*74~
REF*6R*PMXP0101691026-6~
LQ*HE*M15~
SVC*HC>87804*188*0*0306*2~
DTM*472*20220109~
CAS*CO*97*188~
REF*6R*PMXP0101691026-7~
LQ*HE*M15~
SVC*HC>71045*200*48.14*0320*1~
DTM*472*20220109~
CAS*CO*45*151.86~
REF*6R*PMXP0101691026-8~
AMT*B6*48.14~
SVC*HC>99284>25>CS*922*216.43*0450*1~
DTM*472*20220109~
CAS*CO*45*705.57~
REF*6R*PMXP0101691026-9~
AMT*B6*216.43~
SVC*HC>93005>59*150*0*0730*1~
DTM*472*20220109~
CAS*CO*97*150~
REF*6R*PMXP0101691026-10~
LQ*HE*M15~
SVC*HC>96374*258*121.08*0761*1~
DTM*472*20220109~
CAS*CO*45*136.92~
REF*6R*PMXP0101691026-11~
AMT*B6*121.08~
SVC*HC>96375*426*47.6*0761*2~
DTM*472*20220109~
CAS*CO*45*378.4~
REF*6R*PMXP0101691026-12~
AMT*B6*47.6~
CLP*H315441010400*1*5884*839.98**HM*200266391*13*1~
NM1*QC*1*SNYDER*KAYLENE*M***MI*1134297596~
NM1*82*2*COMMUNITY HEALTH CENTER OF BRANCH COUNTY*****XX*1063471639~
REF*CE*MEDICAID~
DTM*232*20220102~
DTM*233*20220103~
DTM*050*20220112~
SVC*NU>0250*17*0**2~
DTM*472*20220102~
CAS*CO*97*17~
SVC*HC>96361*200*23.8*0260*1~
DTM*472*20220102~
CAS*CO*45*176.2~
REF*6R*PMXP0101616714-2~
AMT*B6*23.8~
SVC*HC>M0243*1496*268.05*0260*1~
DTM*472*20220102~
CAS*CO*45*1227.95~
REF*6R*PMXP0101616714-3~
AMT*B6*268.05~
SVC*HC>80053*140*0*0300*1~
DTM*472*20220102~
CAS*CO*97*140~
REF*6R*PMXP0101616714-4~
LQ*HE*M15~
SVC*HC>U0002*220*25.28*0300*1~
DTM*472*20220102~
CAS*CO*45*194.72~
REF*6R*PMXP0101616714-5~
AMT*B6*25.28~
SVC*HC>85025*74*0*0305*1~
DTM*472*20220102~
CAS*CO*97*74~
REF*6R*PMXP0101616714-6~
LQ*HE*M15~
SVC*HC>87804*188*0*0306*2~
DTM*472*20220102~
CAS*CO*97*188~
REF*6R*PMXP0101616714-7~
LQ*HE*M15~
SVC*HC>71045*200*48.14*0320*1~
DTM*472*20220102~
CAS*CO*45*151.86~
REF*6R*PMXP0101616714-8~
AMT*B6*48.14~
SVC*HC>74176*2168*136.93*0352*1~
DTM*472*20220102~
CAS*CO*45*2031.07~
REF*6R*PMXP0101616714-9~
AMT*B6*136.93~
SVC*HC>99284>25>CS*922*216.43*0450*1~
DTM*472*20220102~
CAS*CO*45*705.57~
REF*6R*PMXP0101616714-10~
AMT*B6*216.43~
SVC*HC>Q0244*1*.27*0636*1~
DTM*472*20220102~
CAS*CO*45*.73~
REF*6R*PMXP0101616714-11~
AMT*B6*.27~
SVC*HC>96374*258*121.08*0761*1~
DTM*472*20220102~
CAS*CO*45*136.92~
REF*6R*PMXP0101616714-12~
AMT*B6*121.08~
CLP*H315453155700*1*17745*1600**HM*200266382*13*1~
NM1*QC*1*SWARTOUT*DAVID*A***MI*0062554180~
NM1*82*2*COMMUNITY HEALTH CENTER OF BRANCH COUNTY*****XX*1063471639~
REF*CE*MEDICAID~
DTM*232*20220105~
DTM*233*20220107~
DTM*050*20220112~
SVC*NU>0250*1*0**3~
DTM*472*20220105~
CAS*CO*97*1~
SVC*NU>0250*15*0**8~
DTM*472*20220106~
CAS*CO*97*15~
SVC*NU>0250*13*0**5~
DTM*472*20220107~
CAS*CO*97*13~
SVC*HC>96360*412*0*0260*1~
DTM*472*20220106~
CAS*CO*97*412~
REF*6R*PMXP0101616739-4~
SVC*HC>96361*400*0*0260*2~
DTM*472*20220106~
CAS*CO*97*400~
REF*6R*PMXP0101616739-5~
SVC*HC>96361*3000*0*0260*15~
DTM*472*20220107~
CAS*CO*97*3000~
REF*6R*PMXP0101616739-6~
SVC*HC>80048*140*0*0300*1~
DTM*472*20220105~
CAS*CO*97*140~
REF*6R*PMXP0101616739-7~
SVC*HC>83735*43*0*0301*1~
DTM*472*20220105~
CAS*CO*97*43~
REF*6R*PMXP0101616739-8~
SVC*HC>83880*161*0*0301*1~
DTM*472*20220105~
CAS*CO*97*161~
REF*6R*PMXP0101616739-9~
SVC*HC>84484*258*0*0301*2~
DTM*472*20220105~
CAS*CO*97*258~
REF*6R*PMXP0101616739-10~
SVC*HC>85025*74*0*0305*1~
DTM*472*20220105~
CAS*CO*97*74~
REF*6R*PMXP0101616739-11~
SVC*HC>85610*54*0*0305*1~
DTM*472*20220105~
CAS*CO*97*54~
REF*6R*PMXP0101616739-12~
SVC*HC>85730*43*0*0305*1~
DTM*472*20220105~
CAS*CO*97*43~
REF*6R*PMXP0101616739-13~
SVC*HC>0241U*1035*0*0306*1~
DTM*472*20220105~
CAS*CO*97*1035~
REF*6R*PMXP0101616739-14~
SVC*HC>78452*3863*0*0341*1~
DTM*472*20220107~
CAS*CO*97*3863~
REF*6R*PMXP0101616739-15~
SVC*HC>A9500*780*0*0343*2~
DTM*472*20220107~
CAS*CO*97*780~
REF*6R*PMXP0101616739-16~
SVC*HC>99285>25*1413*0*0450*1~
DTM*472*20220105~
CAS*CO*97*1413~
REF*6R*PMXP0101616739-17~
SVC*HC>93017*862*0*0482*1~
DTM*472*20220107~
CAS*CO*97*862~
REF*6R*PMXP0101616739-18~
SVC*HC>J2785*1534*0*0636*4~
DTM*472*20220107~
CAS*CO*97*1534~
REF*6R*PMXP0101616739-19~
SVC*HC>93005>59*300*0*0730*2~
DTM*472*20220105~
CAS*CO*97*300~
REF*6R*PMXP0101616739-20~
SVC*HC>G0378*3344*1600*0762*44~
DTM*472*20220105~
CAS*CO*45*1744~
REF*6R*PMXP0101616739-21~
AMT*B6*1600~
CLP*H315439356100*1*5800*423.64**HM*200266380*13*1~
NM1*QC*1*TRASKOS*CHACE****MI*1172714326~
NM1*82*2*COMMUNITY HEALTH CENTER OF BRANCH COUNTY*****XX*1063471639~
REF*CE*MEDICAID~
DTM*232*20211231~
DTM*233*20220101~
DTM*050*20220112~
SVC*HC>80053*137*0*0300*1~
DTM*472*20211231~
CAS*CO*97*137~
REF*6R*PMXP0101616705-1~
LQ*HE*M15~
SVC*HC>80307*73*0*0300*1~
DTM*472*20211231~
CAS*CO*97*73~
REF*6R*PMXP0101616705-2~
LQ*HE*M15~
SVC*HC>82077*84*0*0300*1~
DTM*472*20211231~
CAS*CO*97*84~
REF*6R*PMXP0101616705-3~
LQ*HE*M15~
SVC*HC>80143*84*0*0301*1~
DTM*472*20211231~
CAS*CO*97*84~
REF*6R*PMXP0101616705-4~
LQ*HE*M15~
SVC*HC>80179*84*0*0301*1~
DTM*472*20211231~
CAS*CO*97*84~
REF*6R*PMXP0101616705-5~
LQ*HE*M15~
SVC*HC>82550*73*0*0301*1~
DTM*472*20211231~
CAS*CO*97*73~
REF*6R*PMXP0101616705-6~
LQ*HE*M15~
SVC*HC>83605*84*0*0301*1~
DTM*472*20211231~
CAS*CO*97*84~
REF*6R*PMXP0101616705-7~
LQ*HE*M15~
SVC*HC>83690*53*0*0301*1~
DTM*472*20211231~
CAS*CO*97*53~
REF*6R*PMXP0101616705-8~
LQ*HE*M15~
SVC*HC>83735*42*0*0301*1~
DTM*472*20211231~
CAS*CO*97*42~
REF*6R*PMXP0101616705-9~
LQ*HE*M15~
SVC*HC>84443*147*0*0301*1~
DTM*472*20211231~
CAS*CO*97*147~
REF*6R*PMXP0101616705-10~
LQ*HE*M15~
SVC*HC>84484*126*0*0301*1~
DTM*472*20211231~
CAS*CO*97*126~
REF*6R*PMXP0101616705-11~
LQ*HE*M15~
SVC*HC>85025*73*0*0305*1~
DTM*472*20211231~
CAS*CO*97*73~
REF*6R*PMXP0101616705-12~
LQ*HE*M15~
SVC*HC>85610*53*0*0305*1~
DTM*472*20211231~
CAS*CO*97*53~
REF*6R*PMXP0101616705-13~
LQ*HE*M15~
SVC*HC>85730*42*0*0305*1~
DTM*472*20211231~
CAS*CO*97*42~
REF*6R*PMXP0101616705-14~
LQ*HE*M15~
SVC*HC>0241U*1015*0*0306*1~
DTM*472*20211231~
CAS*CO*204*1015~
REF*6R*PMXP0101616705-15~
SVC*HC>81001>59*63*0*0307*1~
DTM*472*20211231~
CAS*CO*97*63~
REF*6R*PMXP0101616705-16~
LQ*HE*M15~
SVC*HC>71046*301*48.14*0320*1~
DTM*472*20211231~
CAS*CO*45*252.86~
REF*6R*PMXP0101616705-17~
AMT*B6*48.14~
SVC*HC>74018*233*0*0320*1~
DTM*472*20211231~
CAS*CO*97*233~
REF*6R*PMXP0101616705-18~
LQ*HE*M15~
SVC*HC>70450*1534*64.84*0351*1~
DTM*472*20211231~
CAS*CO*45*1469.16~
REF*6R*PMXP0101616705-19~
AMT*B6*64.84~
SVC*HC>99285>25*1359*310.66*0450*1~
DTM*472*20211231~
CAS*CO*45*1048.34~
REF*6R*PMXP0101616705-20~
AMT*B6*310.66~
SVC*HC>93005>59*140*0*0730*1~
DTM*472*20211231~
CAS*CO*97*140~
REF*6R*PMXP0101616705-21~
LQ*HE*M15~
CLP*H315422004000*1*14267.3*3010.96**HM*200266388*13*1~
NM1*QC*1*WELLER*AMYAH*A***MI*0041062080~
NM1*82*2*COMMUNITY HEALTH CENTER OF BRANCH COUNTY*****XX*1063471639~
REF*CE*MEDICAID~
DTM*232*20220106~
DTM*050*20220112~
SVC*NU>0250*1027*0**14~
DTM*472*20220106~
CAS*CO*97*1027~
SVC*NU>0272*507.05*0**3~
DTM*472*20220106~
CAS*CO*97*507.05~
SVC*HC>C1773*102.25*0*0272*1~
DTM*472*20220106~
CAS*CO*97*102.25~
REF*6R*PMXP0101616693-3~
SVC*HC>81025*64*0*0307*1~
DTM*472*20220106~
CAS*CO*97*64~
REF*6R*PMXP0101616693-4~
LQ*HE*M15~
SVC*HC>88304*204*0*0312*1~
DTM*472*20220106~
CAS*CO*97*204~
REF*6R*PMXP0101616693-5~
LQ*HE*M15~
SVC*HC>47562*10460*3010.96*0360*1~
DTM*472*20220106~
CAS*CO*45*7449.04~
REF*6R*PMXP0101616693-6~
AMT*B6*3010.96~
SVC*NU>0710*1903*0**11~
DTM*472*20220106~
CAS*CO*97*1903~
CLP*H315440711400*4*1074*0**HM*200247508*13*1~
NM1*QC*1*WORTHINGTON*LANDON*B***MI*0022882164~
NM1*PR*2*COMMUNITY HEALTH CENTER OF BRANCH COUNTY*****FI*386108110~
REF*CE*MEDICAID~
DTM*232*20220102~
DTM*050*20220111~
SVC*HC>U0002*220*0*0300*1~
DTM*472*20220102~
CAS*CO*22*220~
REF*6R*PMXP0101583342-1~
SVC*HC>71045*200*0*0320*1~
DTM*472*20220102~
CAS*CO*22*200~
REF*6R*PMXP0101583342-2~
SVC*HC>99283>25>CS*654*0*0450*1~
DTM*472*20220102~
CAS*CO*22*654~
REF*6R*PMXP0101583342-3~
CLP*H315399102600*1*29498.59*1684.09**HM*200247541*13*1~
NM1*QC*1*YERRICK*SHANNON****MI*0016759844~
NM1*82*2*COMMUNITY HEALTH CENTER OF BRANCH COUNTY*****XX*1063471639~
REF*CE*MEDICAID~
DTM*232*20220104~
DTM*050*20220111~
SVC*NU>0250*1694*0**30~
DTM*472*20220104~
CAS*CO*97*1694~
SVC*NU>0272*1136.25*0**1~
DTM*472*20220104~
CAS*CO*97*1136.25~
SVC*HC>C1713*7031.25*0*0278*1~
DTM*472*20220104~
CAS*CO*97*7031.25~
REF*6R*PMXP0101583379-3~
LQ*HE*M15~
SVC*HC>73552>LT*258*0*0320*1~
DTM*472*20220104~
CAS*CO*97*258~
REF*6R*PMXP0101583379-4~
LQ*HE*M15~
SVC*HC>29880>LT*18514.09*1684.09*0360*1~
DTM*472*20220104~
CAS*CO*45*16830~
REF*6R*PMXP0101583379-5~
AMT*B6*1684.09~
SVC*NU>0710*865*0**5~
DTM*472*20220104~
CAS*CO*97*865~
CLP*H315457916300*1*2394*358.8**HM*200266392*13*1~
NM1*QC*1*ZIMMERMAN*TODD*A***MI*1160074000~
NM1*82*2*COMMUNITY HEALTH CENTER OF BRANCH COUNTY*****XX*1063471639~
REF*CE*MEDICAID~
DTM*232*20220107~
DTM*050*20220112~
SVC*HC>80053*140*0*0300*1~
DTM*472*20220107~
CAS*CO*97*140~
REF*6R*PMXP0101616700-1~
LQ*HE*M15~
SVC*HC>83735*43*0*0301*1~
DTM*472*20220107~
CAS*CO*97*43~
REF*6R*PMXP0101616700-2~
LQ*HE*M15~
SVC*HC>84484*258*0*0301*2~
DTM*472*20220107~
CAS*CO*97*258~
REF*6R*PMXP0101616700-3~
LQ*HE*M15~
SVC*HC>85025*74*0*0305*1~
DTM*472*20220107~
CAS*CO*97*74~
REF*6R*PMXP0101616700-4~
LQ*HE*M15~
SVC*HC>71046*316*48.14*0320*1~
DTM*472*20220107~
CAS*CO*45*267.86~
REF*6R*PMXP0101616700-5~
AMT*B6*48.14~
SVC*HC>99285>25*1413*310.66*0450*1~
DTM*472*20220107~
CAS*CO*45*1102.34~
REF*6R*PMXP0101616700-6~
AMT*B6*310.66~
SVC*HC>93005>59*150*0*0730*1~
DTM*472*20220107~
CAS*CO*97*150~
REF*6R*PMXP0101616700-7~
LQ*HE*M15~
LX*4~
TS3*1871565085*11*20221231*5*672~
CLP*P218982100*1*206*117.1**HM*200275810*11~
NM1*QC*1*DASCH*PAUL*D***MI*0073916170~
NM1*82*1*DAVIS*TROY*D***XX*1871565085~
REF*CE*MEDICAID~
DTM*050*20220112~
SVC*HC>99386*206*117.1**1~
DTM*472*20220111~
CAS*CO*45*88.9~
REF*6R*XPPB0101610528-1~
AMT*B6*117.1~
CLP*P219089740*1*106*69.91**HM*200313128*11~
NM1*QC*1*DASCH*TRAVIS*M***MI*0077981758~
NM1*82*1*DAVIS*TROY*D***XX*1871565085~
REF*CE*MEDICAID~
DTM*050*20220113~
SVC*HC>99213*106*69.91**1~
DTM*472*20220112~
CAS*CO*45*36.09~
REF*6R*XPPB0101646754-1~
AMT*B6*69.91~
CLP*P218984000*1*148*99.19**HM*200275809*11~
NM1*QC*1*HUKILL*DUSTIN*E***MI*0071616620~
NM1*82*1*DAVIS*TROY*D***XX*1871565085~
REF*CE*MEDICAID~
DTM*050*20220112~
SVC*HC>99214*148*99.19**1~
DTM*472*20211228~
CAS*CO*45*48.81~
REF*6R*XPPB0101610536-1~
AMT*B6*99.19~
CLP*P219089820*1*106*69.91**HM*200313127*11~
NM1*QC*1*TANNER*MICHAEL*J***MI*0091619915~
NM1*82*1*DAVIS*TROY*D***XX*1871565085~
REF*CE*MEDICAID~
DTM*050*20220113~
SVC*HC>99213*106*69.91**1~
DTM*472*20220112~
CAS*CO*45*36.09~
REF*6R*XPPB0101646761-1~
AMT*B6*69.91~
CLP*P219091830*1*106*69.91**HM*200313125*11~
NM1*QC*1*VENABLE*JACKSON*W***MI*1253998004~
NM1*82*1*DAVIS*TROY*D***XX*1871565085~
REF*CE*MEDICAID~
DTM*050*20220113~
SVC*HC>99213*106*69.91**1~
DTM*472*20220112~
CAS*CO*45*36.09~
REF*6R*XPPB0101646750-1~
AMT*B6*69.91~
LX*5~
TS3*1306828579*11*20221231*2*342~
CLP*P219091640*1*194*126.61**HM*200313475*11~
NM1*QC*1*MILLER*LANA*M***MI*0018770410~
NM1*82*1*BERRY*TANIA*LYNN***XX*1306828579~
REF*CE*MEDICAID~
DTM*050*20220113~
SVC*HC>99214>25*148*99.19**1~
DTM*472*20220105~
CAS*CO*45*48.81~
REF*6R*XPPB0101640457-1~
AMT*B6*99.19~
SVC*HC>87804>QW*23*13.71**1~
DTM*472*20220105~
CAS*CO*45*9.29~
REF*6R*XPPB0101640457-2~
AMT*B6*13.71~
SVC*HC>87804>QW>59*23*13.71**1~
DTM*472*20220105~
CAS*CO*45*9.29~
REF*6R*XPPB0101640457-3~
AMT*B6*13.71~
CLP*P219091650*1*148*99.19**HM*200313478*11~
NM1*QC*1*MILLER*LANA*M***MI*0018770410~
NM1*82*1*BERRY*TANIA*LYNN***XX*1306828579~
REF*CE*MEDICAID~
DTM*050*20220113~
SVC*HC>99214*148*99.19**1~
DTM*472*20220111~
CAS*CO*45*48.81~
REF*6R*XPPB0101640458-1~
AMT*B6*99.19~
LX*6~
TS3*1548336266*11*20221231*1*157~
CLP*P218984140*1*157*101.67**HM*200275778*11~
NM1*QC*1*GUERNSEY*KAYLA*M***MI*0066329971~
NM1*82*1*CASEY*AMBER*R***XX*1548336266~
REF*CE*MEDICAID~
DTM*050*20220112~
SVC*HC>99214>25*148*99.19**1~
DTM*472*20220111~
CAS*CO*45*48.81~
REF*6R*XPPB0101612135-1~
AMT*B6*99.19~
SVC*HC>36415*9*2.48**1~
DTM*472*20220111~
CAS*CO*45*6.52~
REF*6R*XPPB0101612135-2~
AMT*B6*2.48~
LX*7~
TS3*1780649327*19*20221231*2*274~
CLP*P219089770*1*137*57.05**HM*200313633*19~
NM1*QC*1*COLE*RICKY****MI*1048219759~
NM1*82*1*MCGRATH*BARBARA*S***XX*1780649327~
REF*CE*MEDICAID~
DTM*050*20220113~
SVC*HC>99214*137*57.05**1~
DTM*472*20220105~
CAS*CO*45*79.95~
REF*6R*XPPB0101639372-1~
AMT*B6*57.05~
CLP*P218983960*1*137*57.05**HM*200275536*19~
NM1*QC*1*OGLESBEE*ALFRED*J***MI*0057090779~
NM1*82*1*MCGRATH*BARBARA*S***XX*1780649327~
REF*CE*MEDICAID~
DTM*050*20220112~
SVC*HC>99214*137*57.05**1~
DTM*472*20220105~
CAS*CO*45*79.95~
REF*6R*XPPB0101603145-1~
AMT*B6*57.05~
LX*8~
TS3*1548276082*22*20221231*1*325~
CLP*P219091760*1*325*103.21**HM*200313590*22~
NM1*QC*1*SWARTOUT*DAVID*A***MI*0062554180~
NM1*82*1*RODRIGUEZ*MARCOS*A***XX*1548276082~
REF*CE*MEDICAID~
DTM*050*20220113~
SVC*HC>99220*325*103.21**1~
DTM*472*20220106~
CAS*CO*45*221.79~
REF*6R*XPPB0101647667-1~
AMT*B6*103.21~
LX*9~
TS3*1891815411*72*20221231*2*28~
CLP*P219091680*4*5*0**HM*200312824*72~
NM1*QC*1*BURDICK*PAULA*C***MI*0082738363~
NM1*82*1*DEGRAFF*NICOLE*SUZANNE***XX*1891815411~
REF*CE*MEDICAID~
DTM*050*20220113~
SVC*HC>81002*5*0**1~
DTM*472*20220112~
CAS*CO*B7*5~
REF*6R*XPPB0101639225-1~
CLP*P219091430*1*23*13.69**HM*200312826*72~
NM1*QC*1*DENNEY*WESTON****MI*1216430233~
NM1*82*1*DEGRAFF*NICOLE*SUZANNE***XX*1891815411~
REF*CE*MEDICAID~
DTM*050*20220113~
SVC*HC>87880>QW*23*13.69**1~
DTM*472*20211012~
CAS*CO*45*9.31~
REF*6R*XPPB0101639220-1~
AMT*B6*13.69~
LX*10~
TS3*1366586893*11*20221231*4*558~
CLP*P218981980*1*112*52.5**HM*200275780*11~
NM1*QC*1*BALLA*CINDY*L***MI*0024938138~
NM1*82*1*JANKOWSKI*EDWARD*GERARD***XX*1366586893~
REF*CE*MEDICAID~
DTM*050*20220112~
SVC*HC>99213*112*52.5**1~
DTM*472*20220111~
CAS*CO*45*59.5~
REF*6R*XPPB0101612071-1~
AMT*B6*52.5~
CLP*P218984260*4*167*0**HM*200275774*11~
NM1*QC*1*IVESON*ELOISE*P***MI*1126872719~
NM1*82*1*JANKOWSKI*EDWARD*GERARD***XX*1366586893~
REF*CE*MEDICAID~
DTM*050*20220112~
SVC*HC>99203*167*0**1~
DTM*472*20220111~
CAS*CO*45*102.42**11*64.58~
REF*6R*XPPB0101612098-1~
CLP*P218984270*1*167*64.58**HM*200275772*11~
NM1*QC*1*IVESON*ENZO****MI*1174873573~
NM1*82*1*JANKOWSKI*EDWARD*GERARD***XX*1366586893~
REF*CE*MEDICAID~
DTM*050*20220112~
SVC*HC>99203*167*64.58**1~
DTM*472*20220111~
CAS*CO*45*102.42~
REF*6R*XPPB0101612074-1~
AMT*B6*64.58~
CLP*P218982090*1*112*52.5**HM*200275773*11~
NM1*QC*1*WICKEY*CHRIS*A***MI*1081615422~
NM1*82*1*JANKOWSKI*EDWARD*GERARD***XX*1366586893~
REF*CE*MEDICAID~
DTM*050*20220112~
SVC*HC>99213*112*52.5**1~
DTM*472*20220111~
CAS*CO*45*59.5~
REF*6R*XPPB0101612076-1~
AMT*B6*52.5~
LX*11~
TS3*1528206208*11*20221231*1*332~
CLP*P218984170*1*332*68.15**HM*200275759*11~
NM1*QC*1*CRABILL*LIZZIE*L***MI*0031462088~
NM1*82*1*WIDENER*GAIL*M***XX*1528206208~
REF*CE*MEDICAID~
DTM*050*20220112~
SVC*HC>11982*332*68.15**1~
DTM*472*20220111~
CAS*CO*45*263.85~
REF*6R*XPPB0101603380-1~
AMT*B6*68.15~
LX*12~
TS3*1598178147*72*20221231*4*82~
CLP*P218984130*4*23*0**HM*200275879*72~
NM1*QC*1*HALFERTY*GWENDOLYN*K***MI*0077155164~
NM1*82*1*SANTURE*JENNIFER*S***XX*1598178147~
REF*CE*MEDICAID~
DTM*050*20220112~
SVC*HC>87880>QW*23*0**1~
DTM*472*20220111~
CAS*CO*B7*23~
REF*6R*XPPB0101603221-1~
CLP*P219091410*4*18*0**HM*200313649*72~
NM1*QC*1*HANKINS*HALEY*J***MI*1034983003~
NM1*82*1*SANTURE*JENNIFER*S***XX*1598178147~
REF*CE*MEDICAID~
DTM*050*20220113~
SVC*HC>81002*5*0**1~
DTM*472*20220112~
CAS*CO*B7*5~
REF*6R*XPPB0101639436-1~
SVC*HC>81025*13*0**1~
DTM*472*20220112~
CAS*CO*B7*13~
REF*6R*XPPB0101639436-2~
CLP*P212149061*2*18*0**HM*200275881*72~
NM1*QC*1*MARTEN*MELISSA*K***MI*0008871483~
NM1*82*1*SANTURE*JENNIFER*S***XX*1598178147~
REF*CE*MEDICAID~
DTM*050*20220112~
SVC*HC>81002*5*0**1~
DTM*472*20211014~
CAS*CO*B7*.56~
CAS*OA*23*4.44~
REF*6R*XPPB0101603216-1~
SVC*HC>81025*13*0**1~
DTM*472*20211014~
CAS*CO*B7*1.4~
CAS*OA*23*11.6~
REF*6R*XPPB0101603216-2~
CLP*P218984330*4*23*0**HM*200275880*72~
NM1*QC*1*SPRATT*DANIELLE*R***MI*0033263726~
NM1*82*1*SANTURE*JENNIFER*S***XX*1598178147~
REF*CE*MEDICAID~
DTM*050*20220112~
SVC*HC>87880>QW*23*0**1~
DTM*472*20220111~
CAS*CO*B7*23~
REF*6R*XPPB0101603220-1~
LX*13~
TS3*1134176670*21*20221231*5*695~
CLP*P218787730*4*127*0**HM*200194187*21~
NM1*QC*1*MCCLURE*BRIAN*M***MI*1197785041~
NM1*82*1*DAOUD*JOUDAT*M***XX*1134176670~
REF*CE*MEDICAID~
DTM*050*20220110~
SVC*HC>99232*127*0**1~
DTM*472*20220103~
CAS*CO*204*127~
REF*6R*XPPB0101558269-1~
CLP*P218863010*4*127*0**HM*200249495*21~
NM1*QC*1*MCCLURE*BRIAN*M***MI*1197785041~
NM1*82*1*DAOUD*JOUDAT*M***XX*1134176670~
REF*CE*MEDICAID~
DTM*050*20220111~
SVC*HC>99232*127*0**1~
DTM*472*20220104~
CAS*CO*204*127~
REF*6R*XPPB0101576731-1~
CLP*P218608530*4*127*0**HM*200249497*21~
NM1*QC*1*MCCLURE*BRIAN*M***MI*1197785041~
NM1*82*1*DAOUD*JOUDAT*M***XX*1134176670~
REF*CE*MEDICAID~
DTM*050*20220111~
SVC*HC>99232*127*0**1~
DTM*472*20211231~
CAS*CO*204*127~
REF*6R*XPPB0101466733-1~
CLP*P218984070*4*127*0**HM*200275903*21~
NM1*QC*1*MCCLURE*BRIAN*M***MI*1197785041~
NM1*82*1*DAOUD*JOUDAT*M***XX*1134176670~
REF*CE*MEDICAID~
DTM*050*20220112~
SVC*HC>99232*127*0**1~
DTM*472*20220105~
CAS*CO*204*127~
REF*6R*XPPB0101611442-1~
CLP*P219091450*4*187*0**HM*200313588*21~
NM1*QC*1*MCCLURE*BRIAN*M***MI*1197785041~
NM1*82*1*DAOUD*JOUDAT*M***XX*1134176670~
REF*CE*MEDICAID~
DTM*050*20220113~
SVC*HC>99239*187*0**1~
DTM*472*20220106~
CAS*CO*204*187~
REF*6R*XPPB0101647657-1~
LX*14~
TS3*1316333867*02*20221231*2*212~
CLP*P219089800*1*106*52.5**HM*200313508*02~
NM1*QC*1*FRYE*JOHN*C***MI*1000136207~
NM1*82*1*HALL*PATRICIA*SUE***XX*1316333867~
REF*CE*MEDICAID~
DTM*050*20220113~
SVC*HC>99213>GT*106*52.5**1~
DTM*472*20220105~
CAS*CO*45*53.5~
REF*6R*XPPB0101639638-1~
AMT*B6*52.5~
CLP*P219091470*1*106*52.5**HM*200313506*02~
NM1*QC*1*WALTERS*SKYLER*L***MI*1026397431~
NM1*82*1*HALL*PATRICIA*SUE***XX*1316333867~
REF*CE*MEDICAID~
DTM*050*20220113~
SVC*HC>99213>GT*106*52.5**1~
DTM*472*20220112~
CAS*CO*45*53.5~
REF*6R*XPPB0101639639-1~
AMT*B6*52.5~
LX*15~
TS3*1316333867*11*20221231*2*194~
CLP*P219089790*1*160*24.86**HM*200313341*11~
NM1*QC*1*FRYE*JOHN*C***MI*1000136207~
NM1*82*1*HALL*PATRICIA*SUE***XX*1316333867~
REF*CE*MEDICAID~
DTM*050*20220113~
SVC*HC>Q3014>GT*34*24.86**1~
DTM*472*20220105~
CAS*CO*45*9.14~
REF*6R*XPPB0101646604-1~
AMT*B6*24.86~
SVC*HC>87804>QW*23*0**1~
DTM*472*20220105~
CAS*CO*B7*23~
REF*6R*XPPB0101646604-2~
SVC*HC>87426>QW*80*0**1~
DTM*472*20220105~
CAS*CO*B7*80~
REF*6R*XPPB0101646604-3~
SVC*HC>87804>QW>59*23*0**1~
DTM*472*20220105~
CAS*CO*B7*23~
REF*6R*XPPB0101646604-4~
CLP*P219091460*1*34*24.86**HM*200313647*11~
NM1*QC*1*WALTERS*SKYLER*L***MI*1026397431~
NM1*82*1*HALL*PATRICIA*SUE***XX*1316333867~
REF*CE*MEDICAID~
DTM*050*20220113~
SVC*HC>Q3014>GT*34*24.86**1~
DTM*472*20220112~
CAS*CO*45*9.14~
REF*6R*XPPB0101639574-1~
AMT*B6*24.86~
LX*16~
TS3*1821063173*11*20221231*1*112~
CLP*P218984160*1*112*52.5**HM*200275758*11~
NM1*QC*1*REED*JUDIE*L***MI*0026288462~
NM1*82*1*HARTFIEL*DAVID*A***XX*1821063173~
REF*CE*MEDICAID~
DTM*050*20220112~
SVC*HC>99213*112*52.5**1~
DTM*472*20220111~
CAS*CO*45*59.5~
REF*6R*XPPB0101603381-1~
AMT*B6*52.5~
LX*17~
TS3*1699220343*11*20221231*4*424~
CLP*P218984050*1*9*2.48**HM*200275779*11~
NM1*QC*1*EICHER*IDA*S***MI*0089861968~
NM1*82*1*HOWARD*ASHLEY*MAE***XX*1699220343~
REF*CE*MEDICAID~
DTM*050*20220112~
SVC*HC>36415*9*2.48**1~
DTM*472*20220111~
CAS*CO*45*6.52~
REF*6R*XPPB0101612088-1~
AMT*B6*2.48~
CLP*P218983980*1*148*99.19**HM*200275776*11~
NM1*QC*1*FISH*JENNIFER*L***MI*0075437842~
NM1*82*1*HOWARD*ASHLEY*MAE***XX*1699220343~
REF*CE*MEDICAID~
DTM*050*20220112~
SVC*HC>99214*148*99.19**1~
DTM*472*20220111~
CAS*CO*45*48.81~
REF*6R*XPPB0101612080-1~
AMT*B6*99.19~
CLP*P219091440*1*208*126.1**HM*200313454*11~
NM1*QC*1*GRIFFITH*ANGELA*K***MI*0017816499~
NM1*82*1*HOWARD*ASHLEY*MAE***XX*1699220343~
REF*CE*MEDICAID~
DTM*050*20220113~
SVC*HC>99214>25*148*99.19**1~
DTM*472*20220112~
CAS*CO*45*48.81~
REF*6R*XPPB0101648442-1~
AMT*B6*99.19~
SVC*HC>90688*25*19.91**1~
DTM*472*20220112~
CAS*CO*45*5.09~
REF*6R*XPPB0101648442-2~
AMT*B6*19.91~
SVC*HC>90471*35*7**1~
DTM*472*20220112~
CAS*CO*45*28~
REF*6R*XPPB0101648442-3~
AMT*B6*7~
CLP*P218984200*1*59*32.29**HM*200275775*11~
NM1*QC*1*LOYER*TAMMY*L***MI*0094600004~
NM1*82*1*HOWARD*ASHLEY*MAE***XX*1699220343~
REF*CE*MEDICAID~
DTM*050*20220112~
SVC*HC>99212>GT*59*32.29**1~
DTM*472*20220111~
CAS*CO*45*26.71~
REF*6R*XPPB0101612089-1~
AMT*B6*32.29~
LX*18~
TS3*1083977151*11*20221231*1*-167~
CLP*P218314590*22*-167*0**HM*200028025*11~
NM1*QC*1*HEMINGER*DON*A***MI*1196149647~
NM1*82*1*BARTOCK*JESSICA*LYNNE***XX*1083977151~
REF*CE*MEDICAID~
DTM*050*20220104~
SVC*HC>99203*-167*0**1~
DTM*472*20220103~
CAS*CO*45*-102.42**204*-64.58~
REF*6R*XPPB0101350074-1~
LQ*HE*N377~
LX*19~
TS3*1083977151*22*20221231*1*192~
CLP*P219091490*1*192*37.84**HM*200313415*22~
NM1*QC*1*KLING*CARTER*A***MI*1033480574~
NM1*82*1*BARTOCK*JESSICA*LYNNE***XX*1083977151~
REF*CE*MEDICAID~
DTM*050*20220113~
SVC*HC>17110*192*37.84**1~
DTM*472*20220107~
CAS*CO*45*154.16~
REF*6R*XPPB0101648189-1~
AMT*B6*37.84~
LX*20~
TS3*1972016038*72*20221231*1*13~
CLP*P219091660*4*13*0**HM*200312827*72~
NM1*QC*1*CUYLER*CAYLIN*M***MI*0011103914~
NM1*82*1*EVERLINE*LINDSEY*M***XX*1972016038~
REF*CE*MEDICAID~
DTM*050*20220113~
SVC*HC>81025*13*0**1~
DTM*472*20220105~
CAS*CO*B7*13~
REF*6R*XPPB0101639223-1~
LX*21~
TS3*1053348938*71*20221231*22*2913~
CLP*P219143560*1*106*53.1**HM*200305570*71*1~
NM1*QC*1*ATTENWEILER*CHAD*P***MI*1062091803~
REF*CE*MEDICAID~
DTM*232*20220112~
DTM*050*20220113~
SVC*HC>T1015*106*53.1*0521*1~
DTM*472*20220112~
CAS*CO*45*52.9~
REF*6R*XPPB0101649594-1~
AMT*B6*53.1~
SVC*HC>99213*0*0*0521*1~
DTM*472*20220112~
REF*6R*XPPB0101649594-2~
CLP*P219143480*1*106*53.1**HM*200305580*71*1~
NM1*QC*1*BARRERA*XITLALI****MI*0013359642~
REF*CE*MEDICAID~
DTM*232*20220112~
DTM*050*20220113~
SVC*HC>T1015*106*53.1*0521*1~
DTM*472*20220112~
CAS*CO*45*52.9~
REF*6R*XPPB0101649597-1~
AMT*B6*53.1~
SVC*HC>99213*0*0*0521*1~
DTM*472*20220112~
REF*6R*XPPB0101649597-2~
CLP*P219242720*1*106*53.1**HM*200342223*71*1~
NM1*QC*1*CHRISTOPHER*KAILA*I***MI*0092092710~
REF*CE*MEDICAID~
DTM*232*20220113~
DTM*050*20220114~
SVC*HC>T1015*106*53.1*0521*1~
DTM*472*20220113~
CAS*CO*45*52.9~
REF*6R*XPPB0101682034-1~
AMT*B6*53.1~
SVC*HC>99213*0*0*0521*1~
DTM*472*20220113~
REF*6R*XPPB0101682034-2~
CLP*P219034240*1*106*53.1**HM*200266984*71*1~
NM1*QC*1*FARRELL*JAIMIE*M***MI*0019402169~
REF*CE*MEDICAID~
DTM*232*20220111~
DTM*050*20220112~
SVC*HC>T1015*106*53.1*0521*1~
DTM*472*20220111~
CAS*CO*45*52.9~
REF*6R*XPPB0101613452-1~
AMT*B6*53.1~
SVC*HC>99213*0*0*0521*1~
DTM*472*20220111~
REF*6R*XPPB0101613452-2~
CLP*P219143400*1*210*53.1**HM*200305572*71*1~
NM1*QC*1*FOSTER*AARON*J***MI*0011682469~
REF*CE*MEDICAID~
DTM*232*20220112~
DTM*050*20220113~
SVC*HC>T1015>25*210*53.1*0521*1~
DTM*472*20220112~
CAS*CO*45*156.9~
REF*6R*XPPB0101649598-1~
AMT*B6*53.1~
SVC*HC>99214>25*0*0*0521*1~
DTM*472*20220112~
REF*6R*XPPB0101649598-2~
SVC*HC>90686*0*0*0636*1~
DTM*472*20220112~
REF*6R*XPPB0101649598-3~
LQ*HE*M79~
SVC*HC>90471*0*0*0771*1~
DTM*472*20220112~
REF*6R*XPPB0101649598-4~
CLP*P219143380*1*210*53.1**HM*200305584*71*1~
NM1*QC*1*FOSTER*TINA*W***MI*0034599832~
REF*CE*MEDICAID~
DTM*232*20220112~
DTM*050*20220113~
SVC*HC>T1015>25*210*53.1*0521*1~
DTM*472*20220112~
CAS*CO*45*156.9~
REF*6R*XPPB0101649602-1~
AMT*B6*53.1~
SVC*HC>99214>25*0*0*0521*1~
DTM*472*20220112~
REF*6R*XPPB0101649602-2~
SVC*HC>90686*0*0*0636*1~
DTM*472*20220112~
REF*6R*XPPB0101649602-3~
LQ*HE*M79~
SVC*HC>90471*0*0*0771*1~
DTM*472*20220112~
REF*6R*XPPB0101649602-4~
CLP*P219034010*1*148*53.1**HM*200266980*71*1~
NM1*QC*1*GREEN*REID*A***MI*0024850356~
REF*CE*MEDICAID~
DTM*232*20220104~
DTM*050*20220112~
SVC*HC>T1015*148*53.1*0521*1~
DTM*472*20220104~
CAS*CO*45*94.9~
REF*6R*XPPB0101613446-1~
AMT*B6*53.1~
SVC*HC>99214*0*0*0521*1~
DTM*472*20220104~
REF*6R*XPPB0101613446-2~
CLP*P219034150*1*148*53.1**HM*200266962*71*1~
NM1*QC*1*HALFERTY*GWENDOLYN*K***MI*0077155164~
REF*CE*MEDICAID~
DTM*232*20220111~
DTM*050*20220112~
SVC*HC>T1015*148*53.1*0521*1~
DTM*472*20220111~
CAS*CO*45*94.9~
REF*6R*XPPB0101613458-1~
AMT*B6*53.1~
SVC*HC>99214*0*0*0521*1~
DTM*472*20220111~
REF*6R*XPPB0101613458-2~
CLP*P219143420*1*148*53.1**HM*200305576*71*1~
NM1*QC*1*HANKINS*HALEY*J***MI*1034983003~
REF*CE*MEDICAID~
DTM*232*20220112~
DTM*050*20220113~
SVC*HC>T1015*148*53.1*0521*1~
DTM*472*20220112~
CAS*CO*45*94.9~
REF*6R*XPPB0101649591-1~
AMT*B6*53.1~
SVC*HC>99214*0*0*0521*1~
DTM*472*20220112~
REF*6R*XPPB0101649591-2~
CLP*P219143370*1*106*53.1**HM*200305587*71*1~
NM1*QC*1*HOUCK*DEBRA*K***MI*1245890329~
REF*CE*MEDICAID~
DTM*232*20220112~
DTM*050*20220113~
SVC*HC>T1015*106*53.1*0521*1~
DTM*472*20220112~
CAS*CO*45*52.9~
REF*6R*XPPB0101649595-1~
AMT*B6*53.1~
SVC*HC>99213*0*0*0521*1~
DTM*472*20220112~
REF*6R*XPPB0101649595-2~
CLP*P219034250*1*106*53.1**HM*200266976*71*1~
NM1*QC*1*KINSEY*DANIELLE*M***MI*0001667567~
REF*CE*MEDICAID~
DTM*232*20220111~
DTM*050*20220112~
SVC*HC>T1015*106*53.1*0521*1~
DTM*472*20220111~
CAS*CO*45*52.9~
REF*6R*XPPB0101613459-1~
AMT*B6*53.1~
SVC*HC>99213*0*0*0521*1~
DTM*472*20220111~
REF*6R*XPPB0101613459-2~
CLP*P212149062*2*148*0**HM*200266983*71*1~
NM1*QC*1*MARTEN*MELISSA*K***MI*0008871483~
REF*CE*MEDICAID~
DTM*232*20211014~
DTM*050*20220112~
SVC*HC>T1015*148*0*0521*1~
DTM*472*20211014~
CAS*OA*23*148~
REF*6R*XPPB0101613429-1~
SVC*HC>99214*0*0*0521*1~
DTM*472*20211014~
REF*6R*XPPB0101613429-2~
LQ*HE*M79~
CLP*P219143460*1*148*53.1**HM*200305581*71*1~
NM1*QC*1*MUELLER*JAYCIE*M***MI*0097597628~
REF*CE*MEDICAID~
DTM*232*20220112~
DTM*050*20220113~
SVC*HC>T1015*148*53.1*0521*1~
DTM*472*20220112~
CAS*CO*45*94.9~
REF*6R*XPPB0101649603-1~
AMT*B6*53.1~
SVC*HC>99214*0*0*0521*1~
DTM*472*20220112~
REF*6R*XPPB0101649603-2~
CLP*P219242740*1*148*53.1**HM*200342225*71*1~
NM1*QC*1*NELSON*JESSE*O***MI*0086923252~
REF*CE*MEDICAID~
DTM*232*20220113~
DTM*050*20220114~
SVC*HC>T1015*148*53.1*0521*1~
DTM*472*20220113~
CAS*CO*45*94.9~
REF*6R*XPPB0101682041-1~
AMT*B6*53.1~
SVC*HC>99214*0*0*0521*1~
DTM*472*20220113~
REF*6R*XPPB0101682041-2~
CLP*P219034210*1*148*53.1**HM*200266967*71*1~
NM1*QC*1*ROSE*DANELL*L***MI*0050701710~
REF*CE*MEDICAID~
DTM*232*20220111~
DTM*050*20220112~
SVC*HC>T1015*148*53.1*0521*1~
DTM*472*20220111~
CAS*CO*45*94.9~
REF*6R*XPPB0101613460-1~
AMT*B6*53.1~
SVC*HC>99214*0*0*0521*1~
DTM*472*20220111~
REF*6R*XPPB0101613460-2~
CLP*P219143610*1*229*53.1**HM*200305578*71*1~
NM1*QC*1*ROUGEAU*JAIME*E***MI*1101282534~
REF*CE*MEDICAID~
DTM*232*20220112~
DTM*050*20220113~
SVC*HC>T1015*229*53.1*0521*1~
DTM*472*20220112~
CAS*CO*45*175.9~
REF*6R*XPPB0101649593-1~
AMT*B6*53.1~
SVC*HC>99204*0*0*0521*1~
DTM*472*20220112~
REF*6R*XPPB0101649593-2~
CLP*P219143490*1*106*53.1**HM*200305575*71*1~
NM1*QC*1*SHAFFER*GARRIN****MI*1149757342~
REF*CE*MEDICAID~
DTM*232*20220112~
DTM*050*20220113~
SVC*HC>T1015*106*53.1*0521*1~
DTM*472*20220112~
CAS*CO*45*52.9~
REF*6R*XPPB0101649589-1~
AMT*B6*53.1~
SVC*HC>99213*0*0*0521*1~
DTM*472*20220112~
REF*6R*XPPB0101649589-2~
CLP*P219034190*4*9*0**HM*200266978*71*1~
NM1*QC*1*SMEAD*RYAN*M***MI*1255691534~
REF*CE*MEDICAID~
DTM*232*20220111~
DTM*050*20220112~
SVC*HC>36415*9*0*0300*1~
DTM*472*20220111~
CAS*CO*16*9~
REF*6R*XPPB0101613454-1~
CLP*P219034080*1*75*53.1**HM*200266965*71*1~
NM1*QC*1*SNYDER*BRIAN*R***MI*0024371743~
REF*CE*MEDICAID~
DTM*232*20220111~
DTM*050*20220112~
SVC*HC>T1015*75*53.1*0521*1~
DTM*472*20220111~
CAS*CO*45*21.9~
REF*6R*XPPB0101613438-1~
AMT*B6*53.1~
SVC*HC>99212*0*0*0521*1~
DTM*472*20220111~
REF*6R*XPPB0101613438-2~
CLP*P219034230*1*148*53.1**HM*200266970*71*1~
NM1*QC*1*SPRATT*DANIELLE*R***MI*0033263726~
REF*CE*MEDICAID~
DTM*232*20220111~
DTM*050*20220112~
SVC*HC>T1015*148*53.1*0521*1~
DTM*472*20220111~
CAS*CO*45*94.9~
REF*6R*XPPB0101613453-1~
AMT*B6*53.1~
SVC*HC>99214*0*0*0521*1~
DTM*472*20220111~
REF*6R*XPPB0101613453-2~
CLP*P219034130*1*106*53.1**HM*200266972*71*1~
NM1*QC*1*TACKETT*PAMELA*J***MI*0029649245~
REF*CE*MEDICAID~
DTM*232*20220111~
DTM*050*20220112~
SVC*HC>T1015*106*53.1*0521*1~
DTM*472*20220111~
CAS*CO*45*52.9~
REF*6R*XPPB0101613447-1~
AMT*B6*53.1~
SVC*HC>99213*0*0*0521*1~
DTM*472*20220111~
REF*6R*XPPB0101613447-2~
CLP*P219034020*1*148*53.1**HM*200266961*71*1~
NM1*QC*1*WAGNER*SHANNON*M***MI*0011288827~
REF*CE*MEDICAID~
DTM*232*20220111~
DTM*050*20220112~
SVC*HC>T1015*148*53.1*0521*1~
DTM*472*20220111~
CAS*CO*45*94.9~
REF*6R*XPPB0101613455-1~
AMT*B6*53.1~
SVC*HC>99214*0*0*0521*1~
DTM*472*20220111~
REF*6R*XPPB0101613455-2~
LX*22~
TS3*1093751331*71*20221231*18*2084~
CLP*P219143530*1*106*53.1**HM*200305384*71*1~
NM1*QC*1*ARMBRUSTER*LOGAN****MI*1210842981~
NM1*82*2*COMMUNITY HEALTH CENTER OF BRANCH COUNTY*****XX*1093751331~
REF*CE*MEDICAID~
DTM*232*20220112~
DTM*050*20220113~
SVC*HC>T1015*106*53.1*0521*1~
DTM*472*20220112~
CAS*CO*45*52.9~
REF*6R*XPPB0101649560-1~
AMT*B6*53.1~
SVC*HC>99213*0*0*0521*1~
DTM*472*20220112~
REF*6R*XPPB0101649560-2~
CLP*P219242760*1*148*53.1**HM*200342232*71*1~
NM1*QC*1*BEST*CHERI*A***MI*0025222013~
NM1*82*2*COMMUNITY HEALTH CENTER OF BRANCH COUNTY*****XX*1093751331~
REF*CE*MEDICAID~
DTM*232*20220113~
DTM*050*20220114~
SVC*HC>T1015*148*53.1*0521*1~
DTM*472*20220113~
CAS*CO*45*94.9~
REF*6R*XPPB0101682020-1~
AMT*B6*53.1~
SVC*HC>99214*0*0*0521*1~
DTM*472*20220113~
REF*6R*XPPB0101682020-2~
CLP*P219143470*1*148*53.1**HM*200305368*71*1~
NM1*QC*1*BROOKMYER*TYLER*S***MI*1208681883~
NM1*82*2*COMMUNITY HEALTH CENTER OF BRANCH COUNTY*****XX*1093751331~
REF*CE*MEDICAID~
DTM*232*20220112~
DTM*050*20220113~
SVC*HC>T1015*148*53.1*0521*1~
DTM*472*20220112~
CAS*CO*45*94.9~
REF*6R*XPPB0101649581-1~
AMT*B6*53.1~
SVC*HC>99214*0*0*0521*1~
DTM*472*20220112~
REF*6R*XPPB0101649581-2~
CLP*P219143580*1*115*53.1**HM*200305386*71*1~
NM1*QC*1*BROWN-BROOKS*WHIOT*M***MI*1000193689~
NM1*82*2*COMMUNITY HEALTH CENTER OF BRANCH COUNTY*****XX*1093751331~
REF*CE*MEDICAID~
DTM*232*20220110~
DTM*050*20220113~
SVC*HC>T1015>25*115*53.1*0521*1~
DTM*472*20220110~
CAS*CO*45*61.9~
REF*6R*XPPB0101649571-1~
AMT*B6*53.1~
SVC*HC>36415*0*0*0300*1~
DTM*472*20220110~
REF*6R*XPPB0101649571-2~
SVC*HC>99213>25*0*0*0521*1~
DTM*472*20220110~
REF*6R*XPPB0101649571-3~
CLP*P219143590*1*106*53.1**HM*200305370*71*1~
NM1*QC*1*BURDICK*PAULA*C***MI*0082738363~
NM1*82*2*COMMUNITY HEALTH CENTER OF BRANCH COUNTY*****XX*1093751331~
REF*CE*MEDICAID~
DTM*232*20220112~
DTM*050*20220113~
SVC*HC>T1015*106*53.1*0521*1~
DTM*472*20220112~
CAS*CO*45*52.9~
REF*6R*XPPB0101649570-1~
AMT*B6*53.1~
SVC*HC>99213*0*0*0521*1~
DTM*472*20220112~
REF*6R*XPPB0101649570-2~
CLP*P219242700*1*148*53.1**HM*200342228*71*1~
NM1*QC*1*COLLINS*LISA*M***MI*0007502386~
NM1*74*1*COLLINS*LISA-MARIE****C*0007502386~
NM1*82*2*COMMUNITY HEALTH CENTER OF BRANCH COUNTY*****XX*1093751331~
REF*CE*MEDICAID~
DTM*232*20211208~
DTM*050*20220114~
SVC*HC>T1015*148*53.1*0521*1~
DTM*472*20211208~
CAS*CO*45*94.9~
REF*6R*XPPB0101682017-1~
AMT*B6*53.1~
SVC*HC>99214*0*0*0521*1~
DTM*472*20211208~
REF*6R*XPPB0101682017-2~
CLP*P219143570*1*106*53.1**HM*200305377*71*1~
NM1*QC*1*CUYLER*CAYLIN*M***MI*0011103914~
NM1*82*2*COMMUNITY HEALTH CENTER OF BRANCH COUNTY*****XX*1093751331~
REF*CE*MEDICAID~
DTM*232*20220105~
DTM*050*20220113~
SVC*HC>T1015>TH*106*53.1*0521*1~
DTM*472*20220105~
CAS*CO*45*52.9~
REF*6R*XPPB0101649556-1~
AMT*B6*53.1~
SVC*HC>99213>TH*0*0*0521*1~
DTM*472*20220105~
REF*6R*XPPB0101649556-2~
CLP*P219143450*1*106*53.1**HM*200305375*71*1~
NM1*QC*1*DENNEY*WESTON****MI*1216430233~
NM1*82*2*COMMUNITY HEALTH CENTER OF BRANCH COUNTY*****XX*1093751331~
REF*CE*MEDICAID~
DTM*232*20211012~
DTM*050*20220113~
SVC*HC>T1015*106*53.1*0521*1~
DTM*472*20211012~
CAS*CO*45*52.9~
REF*6R*XPPB0101649577-1~
AMT*B6*53.1~
SVC*HC>99213*0*0*0521*1~
DTM*472*20211012~
REF*6R*XPPB0101649577-2~
CLP*P219143440*1*148*53.1**HM*200305366*71*1~
NM1*QC*1*EDWARDS*MISTY*J***MI*0024835159~
NM1*82*2*COMMUNITY HEALTH CENTER OF BRANCH COUNTY*****XX*1093751331~
REF*CE*MEDICAID~
DTM*232*20220112~
DTM*050*20220113~
SVC*HC>T1015*148*53.1*0521*1~
DTM*472*20220112~
CAS*CO*45*94.9~
REF*6R*XPPB0101649561-1~
AMT*B6*53.1~
SVC*HC>99214*0*0*0521*1~
DTM*472*20220112~
REF*6R*XPPB0101649561-2~
CLP*P219034170*1*106*53.1**HM*200267168*71*1~
NM1*QC*1*GRINNELL*DONNIE****MI*0015640851~
NM1*82*2*COMMUNITY HEALTH CENTER OF BRANCH COUNTY*****XX*1093751331~
REF*CE*MEDICAID~
DTM*232*20220111~
DTM*050*20220112~
SVC*HC>T1015*106*53.1*0521*1~
DTM*472*20220111~
CAS*CO*45*52.9~
REF*6R*XPPB0101613427-1~
AMT*B6*53.1~
SVC*HC>99213*0*0*0521*1~
DTM*472*20220111~
REF*6R*XPPB0101613427-2~
CLP*P219143390*1*75*53.1**HM*200305380*71*1~
NM1*QC*1*HARRIS*BENJAMIN*J***MI*0037126074~
NM1*82*2*COMMUNITY HEALTH CENTER OF BRANCH COUNTY*****XX*1093751331~
REF*CE*MEDICAID~
DTM*232*20220112~
DTM*050*20220113~
SVC*HC>T1015*75*53.1*0521*1~
DTM*472*20220112~
CAS*CO*45*21.9~
REF*6R*XPPB0101649572-1~
AMT*B6*53.1~
SVC*HC>99212*0*0*0521*1~
DTM*472*20220112~
REF*6R*XPPB0101649572-2~
CLP*P219143410*1*75*53.1**HM*200305373*71*1~
NM1*QC*1*LEWIS*SHERRY*L***MI*0014068059~
NM1*82*2*COMMUNITY HEALTH CENTER OF BRANCH COUNTY*****XX*1093751331~
REF*CE*MEDICAID~
DTM*232*20220112~
DTM*050*20220113~
SVC*HC>T1015*75*53.1*0521*1~
DTM*472*20220112~
CAS*CO*45*21.9~
REF*6R*XPPB0101649574-1~
AMT*B6*53.1~
SVC*HC>99212*0*0*0521*1~
DTM*472*20220112~
REF*6R*XPPB0101649574-2~
CLP*P219143600*1*154*53.1**HM*200305382*71*1~
NM1*QC*1*MOBLEY*ANGELINA*J***MI*0026961176~
NM1*82*2*COMMUNITY HEALTH CENTER OF BRANCH COUNTY*****XX*1093751331~
REF*CE*MEDICAID~
DTM*232*20220112~
DTM*050*20220113~
SVC*HC>T1015>25*154*53.1*0521*1~
DTM*472*20220112~
CAS*CO*45*100.9~
REF*6R*XPPB0101649578-1~
AMT*B6*53.1~
SVC*HC>99213>25*0*0*0521*1~
DTM*472*20220112~
REF*6R*XPPB0101649578-2~
SVC*HC>90686*0*0*0636*1~
DTM*472*20220112~
REF*6R*XPPB0101649578-3~
LQ*HE*M79~
SVC*HC>90460*0*0*0771*2~
DTM*472*20220112~
REF*6R*XPPB0101649578-4~
CLP*P219034090*1*106*53.1**HM*200267165*71*1~
NM1*QC*1*OGDEN*KAREN*L***MI*0075336527~
NM1*82*2*COMMUNITY HEALTH CENTER OF BRANCH COUNTY*****XX*1093751331~
REF*CE*MEDICAID~
DTM*232*20220111~
DTM*050*20220112~
SVC*HC>T1015*106*53.1*0521*1~
DTM*472*20220111~
CAS*CO*45*52.9~
REF*6R*XPPB0101613426-1~
AMT*B6*53.1~
SVC*HC>99213*0*0*0521*1~
DTM*472*20220111~
REF*6R*XPPB0101613426-2~
CLP*P219242570*1*59*53.1**HM*200342230*71*1~
NM1*QC*1*PRICE*DEBRA*N***MI*0016882730~
NM1*82*2*COMMUNITY HEALTH CENTER OF BRANCH COUNTY*****XX*1093751331~
REF*CE*MEDICAID~
DTM*232*20220113~
DTM*050*20220114~
SVC*HC>T1015>GT*59*53.1*0521*1~
DTM*472*20220113~
CAS*CO*45*5.9~
REF*6R*XPPB0101682021-1~
AMT*B6*53.1~
SVC*HC>99212>GT*0*0*0521*1~
DTM*472*20220113~
REF*6R*XPPB0101682021-2~
CLP*P219242690*1*88*53.1**HM*200342229*71*1~
NM1*QC*1*RICE*DAMIEN*A***MI*0037488153~
NM1*82*2*COMMUNITY HEALTH CENTER OF BRANCH COUNTY*****XX*1093751331~
REF*CE*MEDICAID~
DTM*232*20220113~
DTM*050*20220114~
SVC*HC>T1015*88*53.1*0521*1~
DTM*472*20220113~
CAS*CO*45*34.9~
REF*6R*XPPB0101682012-1~
AMT*B6*53.1~
SVC*HC>99441*0*0*0521*1~
DTM*472*20220113~
REF*6R*XPPB0101682012-2~
CLP*P219034160*1*215*53.1**HM*200267170*71*1~
NM1*QC*1*SLONE*IVA*A***MI*0047923851~
NM1*82*2*COMMUNITY HEALTH CENTER OF BRANCH COUNTY*****XX*1093751331~
REF*CE*MEDICAID~
DTM*232*20211222~
DTM*050*20220112~
SVC*HC>T1015*0*53.1*0361*1~
DTM*472*20211222~
CAS*CO*94*-53.1~
REF*6R*XPPB0101613424-1~
AMT*B6*53.1~
SVC*HC>17110*215*0*0361*1~
DTM*472*20211222~
CAS*CO*97*215~
REF*6R*XPPB0101613424-2~
CLP*P219143430*1*75*53.1**HM*200305362*71*1~
NM1*QC*1*TRUAX*LUANN*L***MI*0056191786~
NM1*82*2*COMMUNITY HEALTH CENTER OF BRANCH COUNTY*****XX*1093751331~
REF*CE*MEDICAID~
DTM*232*20220112~
DTM*050*20220113~
SVC*HC>T1015*75*53.1*0521*1~
DTM*472*20220112~
CAS*CO*45*21.9~
REF*6R*XPPB0101649563-1~
AMT*B6*53.1~
SVC*HC>99212*0*0*0521*1~
DTM*472*20220112~
REF*6R*XPPB0101649563-2~
LX*23~
TS3*1073661484*71*20221231*30*3818~
CLP*P219034200*1*106*53.1**HM*200267156*71*1~
NM1*QC*1*ALHARBI*KASSIM*S***MI*1178996778~
NM1*82*2*COMMUNITY HEALTH CENTER OF BRANCH COUNTY*****XX*1073661484~
REF*CE*MEDICAID~
DTM*232*20220111~
DTM*050*20220112~
SVC*HC>T1015*106*53.1*0521*1~
DTM*472*20220111~
CAS*CO*45*52.9~
REF*6R*XPPB0101613477-1~
AMT*B6*53.1~
SVC*HC>99213*0*0*0521*1~
DTM*472*20220111~
REF*6R*XPPB0101613477-2~
CLP*P219034070*1*106*53.1**HM*200267143*71*1~
NM1*QC*1*ALHARBI*NOOR*S***MI*1207564040~
NM1*82*2*COMMUNITY HEALTH CENTER OF BRANCH COUNTY*****XX*1073661484~
REF*CE*MEDICAID~
DTM*232*20220111~
DTM*050*20220112~
SVC*HC>T1015*106*53.1*0521*1~
DTM*472*20220111~
CAS*CO*45*52.9~
REF*6R*XPPB0101613468-1~
AMT*B6*53.1~
SVC*HC>99213*0*0*0521*1~
DTM*472*20220111~
REF*6R*XPPB0101613468-2~
CLP*P218337121*2*106*0**HM*200341598*71*1~
NM1*QC*1*ANDERSON*LIBBIONNA*I***MI*1203608639~
NM1*82*2*COMMUNITY HEALTH CENTER OF BRANCH COUNTY*****XX*1073661484~
REF*CE*MEDICAID~
DTM*232*20220103~
DTM*050*20220114~
SVC*HC>T1015*106*0*0521*1~
DTM*472*20220103~
CAS*OA*23*106~
REF*6R*XPPB0101682057-1~
SVC*HC>99213*0*0*0521*1~
DTM*472*20220103~
REF*6R*XPPB0101682057-2~
LQ*HE*M79~
CLP*P219242730*1*106*53.1**HM*200347093*71*1~
NM1*QC*1*BALLMAN*AUDREE*N***MI*1113327586~
NM1*82*2*COMMUNITY HEALTH CENTER OF BRANCH COUNTY*****XX*1073661484~
REF*CE*MEDICAID~
DTM*232*20220113~
DTM*050*20220114~
SVC*HC>T1015*106*53.1*0521*1~
DTM*472*20220113~
CAS*CO*45*52.9~
REF*6R*XPPB0101682067-1~
AMT*B6*53.1~
SVC*HC>99213*0*0*0521*1~
DTM*472*20220113~
REF*6R*XPPB0101682067-2~
CLP*P219034030*1*106*53.1**HM*200267140*71*1~
NM1*QC*1*BATES*PEYTYN*E***MI*1001708916~
NM1*82*2*COMMUNITY HEALTH CENTER OF BRANCH COUNTY*****XX*1073661484~
REF*CE*MEDICAID~
DTM*232*20220111~
DTM*050*20220112~
SVC*HC>T1015*106*53.1*0521*1~
DTM*472*20220111~
CAS*CO*45*52.9~
REF*6R*XPPB0101613485-1~
AMT*B6*53.1~
SVC*HC>99213*0*0*0521*1~
DTM*472*20220111~
REF*6R*XPPB0101613485-2~
CLP*P219034180*1*106*53.1**HM*200267148*71*1~
NM1*QC*1*BEDFORD*JEREMIAH*M***MI*0038172268~
NM1*82*2*COMMUNITY HEALTH CENTER OF BRANCH COUNTY*****XX*1073661484~
REF*CE*MEDICAID~
DTM*232*20220111~
DTM*050*20220112~
SVC*HC>T1015*106*53.1*0521*1~
DTM*472*20220111~
CAS*CO*45*52.9~
REF*6R*XPPB0101613484-1~
AMT*B6*53.1~
SVC*HC>99213*0*0*0521*1~
DTM*472*20220111~
REF*6R*XPPB0101613484-2~
CLP*P219242610*1*106*53.1**HM*200347094*71*1~
NM1*QC*1*CASTRO*GISELLA*E***MI*1251347086~
NM1*82*2*COMMUNITY HEALTH CENTER OF BRANCH COUNTY*****XX*1073661484~
REF*CE*MEDICAID~
DTM*232*20220113~
DTM*050*20220114~
SVC*HC>T1015*106*53.1*0521*1~
DTM*472*20220113~
CAS*CO*45*52.9~
REF*6R*XPPB0101682051-1~
AMT*B6*53.1~
SVC*HC>99213*0*0*0521*1~
DTM*472*20220113~
REF*6R*XPPB0101682051-2~
CLP*P217885071*2*106*7.58**HM*200341593*71*1~
NM1*QC*1*CLARK*JAXON****MI*1231224801~
NM1*82*2*COMMUNITY HEALTH CENTER OF BRANCH COUNTY*****XX*1073661484~
REF*CE*MEDICAID~
DTM*232*20211227~
DTM*050*20220114~
SVC*HC>T1015*106*7.58*0521*1~
DTM*472*20211227~
CAS*OA*23*98.42~
REF*6R*XPPB0101682059-1~
SVC*HC>99213*0*0*0521*1~
DTM*472*20211227~
REF*6R*XPPB0101682059-2~
LQ*HE*M79~
CLP*P219034040*1*106*53.1**HM*200267154*71*1~
NM1*QC*1*COLLINS*JOPLIN*A***MI*1134126211~
NM1*82*2*COMMUNITY HEALTH CENTER OF BRANCH COUNTY*****XX*1073661484~
REF*CE*MEDICAID~
DTM*232*20220111~
DTM*050*20220112~
SVC*HC>T1015*106*53.1*0521*1~
DTM*472*20220111~
CAS*CO*45*52.9~
REF*6R*XPPB0101613467-1~
AMT*B6*53.1~
SVC*HC>99213*0*0*0521*1~
DTM*472*20220111~
REF*6R*XPPB0101613467-2~
CLP*P219242770*1*106*53.1**HM*200341604*71*1~
NM1*QC*1*CONTRERAS*XAVIER*Z***MI*1067004186~
NM1*82*2*COMMUNITY HEALTH CENTER OF BRANCH COUNTY*****XX*1073661484~
REF*CE*MEDICAID~
DTM*232*20220112~
DTM*050*20220114~
SVC*HC>T1015*106*53.1*0521*1~
DTM*472*20220112~
CAS*CO*45*52.9~
REF*6R*XPPB0101682043-1~
AMT*B6*53.1~
SVC*HC>99213*0*0*0521*1~
DTM*472*20220112~
REF*6R*XPPB0101682043-2~
CLP*P219242590*1*155*53.1**HM*200341597*71*1~
NM1*QC*1*CURTIS*SERENITY****MI*0029277403~
NM1*82*2*COMMUNITY HEALTH CENTER OF BRANCH COUNTY*****XX*1073661484~
REF*CE*MEDICAID~
DTM*232*20220113~
DTM*050*20220114~
SVC*HC>T1015*155*53.1*0521*1~
DTM*472*20220113~
CAS*CO*45*101.9~
REF*6R*XPPB0101682050-1~
AMT*B6*53.1~
SVC*HC>99394*0*0*0521*1~
DTM*472*20220113~
REF*6R*XPPB0101682050-2~
CLP*P219242600*1*106*53.1**HM*200341595*71*1~
NM1*QC*1*ELLIOTT*LOKI****MI*1189023494~
NM1*82*2*COMMUNITY HEALTH CENTER OF BRANCH COUNTY*****XX*1073661484~
REF*CE*MEDICAID~
DTM*232*20220113~
DTM*050*20220114~
SVC*HC>T1015*106*53.1*0521*1~
DTM*472*20220113~
CAS*CO*45*52.9~
REF*6R*XPPB0101682065-1~
AMT*B6*53.1~
SVC*HC>99213*0*0*0521*1~
DTM*472*20220113~
REF*6R*XPPB0101682065-2~
CLP*P219034120*1*106*53.1**HM*200267144*71*1~
NM1*QC*1*HANEY*KEGAN*J***MI*1053690766~
NM1*82*2*COMMUNITY HEALTH CENTER OF BRANCH COUNTY*****XX*1073661484~
REF*CE*MEDICAID~
DTM*232*20220111~
DTM*050*20220112~
SVC*HC>T1015*106*53.1*0521*1~
DTM*472*20220111~
CAS*CO*45*52.9~
REF*6R*XPPB0101613466-1~
AMT*B6*53.1~
SVC*HC>99213*0*0*0521*1~
DTM*472*20220111~
REF*6R*XPPB0101613466-2~
CLP*P219143540*1*106*53.1**HM*200306004*71*1~
NM1*QC*1*HAYES*MADILYNN*R***MI*0031041139~
NM1*82*2*COMMUNITY HEALTH CENTER OF BRANCH COUNTY*****XX*1073661484~
REF*CE*MEDICAID~
DTM*232*20220112~
DTM*050*20220113~
SVC*HC>T1015*106*53.1*0521*1~
DTM*472*20220112~
CAS*CO*45*52.9~
REF*6R*XPPB0101649618-1~
AMT*B6*53.1~
SVC*HC>99213*0*0*0521*1~
DTM*472*20220112~
REF*6R*XPPB0101649618-2~
CLP*P219242660*1*297*53.1**HM*200341605*71*1~
NM1*QC*1*HUFNAGLE*GABRIEL****MI*1257587992~
NM1*82*2*COMMUNITY HEALTH CENTER OF BRANCH COUNTY*****XX*1073661484~
REF*CE*MEDICAID~
DTM*232*20220113~
DTM*050*20220114~
SVC*HC>T1015>25*297*53.1*0521*1~
DTM*472*20220113~
CAS*CO*45*243.9~
REF*6R*XPPB0101682070-1~
AMT*B6*53.1~
SVC*HC>99392>25*0*0*0521*1~
DTM*472*20220113~
REF*6R*XPPB0101682070-2~
SVC*HC>90633*0*0*0636*1~
DTM*472*20220113~
REF*6R*XPPB0101682070-3~
LQ*HE*M79~
SVC*HC>90647*0*0*0636*1~
DTM*472*20220113~
REF*6R*XPPB0101682070-4~
LQ*HE*M79~
SVC*HC>90670*0*0*0636*1~
DTM*472*20220113~
REF*6R*XPPB0101682070-5~
LQ*HE*M79~
SVC*HC>90707*0*0*0636*1~
DTM*472*20220113~
REF*6R*XPPB0101682070-6~
LQ*HE*M79~
SVC*HC>90716*0*0*0636*1~
DTM*472*20220113~
REF*6R*XPPB0101682070-7~
LQ*HE*M79~
SVC*HC>90460*0*0*0771*5~
DTM*472*20220113~
REF*6R*XPPB0101682070-8~
CLP*P219242650*1*142*53.1**HM*200341592*71*1~
NM1*QC*1*HUFNAGLE*JOSHUA*M***MI*1073963000~
NM1*82*2*COMMUNITY HEALTH CENTER OF BRANCH COUNTY*****XX*1073661484~
REF*CE*MEDICAID~
DTM*232*20220113~
DTM*050*20220114~
SVC*HC>T1015*142*53.1*0521*1~
DTM*472*20220113~
CAS*CO*45*88.9~
REF*6R*XPPB0101682069-1~
AMT*B6*53.1~
SVC*HC>99393*0*0*0521*1~
DTM*472*20220113~
REF*6R*XPPB0101682069-2~
CLP*P219242630*1*106*53.1**HM*200341591*71*1~
NM1*QC*1*LATTA*RYAN*J***MI*1154241972~
NM1*82*2*COMMUNITY HEALTH CENTER OF BRANCH COUNTY*****XX*1073661484~
REF*CE*MEDICAID~
DTM*232*20220113~
DTM*050*20220114~
SVC*HC>T1015*106*53.1*0521*1~
DTM*472*20220113~
CAS*CO*45*52.9~
REF*6R*XPPB0101682068-1~
AMT*B6*53.1~
SVC*HC>99213*0*0*0521*1~
DTM*472*20220113~
REF*6R*XPPB0101682068-2~
CLP*P213380971*2*75*8.84**HM*200267163*71*1~
NM1*QC*1*MARTEN*SETH****MI*0033534945~
NM1*82*2*COMMUNITY HEALTH CENTER OF BRANCH COUNTY*****XX*1073661484~
REF*CE*MEDICAID~
DTM*232*20211029~
DTM*050*20220112~
SVC*HC>T1015*75*8.84*0521*1~
DTM*472*20211029~
CAS*OA*23*66.16~
REF*6R*XPPB0101613487-1~
SVC*HC>99212*0*0*0521*1~
DTM*472*20211029~
REF*6R*XPPB0101613487-2~
LQ*HE*M79~
CLP*P218168972*2*106*53.1**HM*200341599*71*1~
NM1*QC*1*MATE*BRYSON*M***MI*0042851414~
NM1*82*2*COMMUNITY HEALTH CENTER OF BRANCH COUNTY*****XX*1073661484~
REF*CE*MEDICAID~
DTM*232*20211230~
DTM*050*20220114~
SVC*HC>T1015*106*53.1*0521*1~
DTM*472*20211230~
CAS*OA*23*52.9~
REF*6R*XPPB0101682045-1~
SVC*HC>99213*0*0*0521*1~
DTM*472*20211230~
REF*6R*XPPB0101682045-2~
LQ*HE*M79~
CLP*P219143520*1*106*53.1**HM*200305999*71*1~
NM1*QC*1*MCGLOTHAN*AISLEE****MI*1038626223~
NM1*82*2*COMMUNITY HEALTH CENTER OF BRANCH COUNTY*****XX*1073661484~
REF*CE*MEDICAID~
DTM*232*20220112~
DTM*050*20220113~
SVC*HC>T1015*106*53.1*0521*1~
DTM*472*20220112~
CAS*CO*45*52.9~
REF*6R*XPPB0101649626-1~
AMT*B6*53.1~
SVC*HC>99213*0*0*0521*1~
DTM*472*20220112~
REF*6R*XPPB0101649626-2~
CLP*P219143510*1*106*53.1**HM*200306005*71*1~
NM1*QC*1*MCGLOTHAN*DREYDEN*G***MI*0035587948~
NM1*82*2*COMMUNITY HEALTH CENTER OF BRANCH COUNTY*****XX*1073661484~
REF*CE*MEDICAID~
DTM*232*20220112~
DTM*050*20220113~
SVC*HC>T1015*106*53.1*0521*1~
DTM*472*20220112~
CAS*CO*45*52.9~
REF*6R*XPPB0101649617-1~
AMT*B6*53.1~
SVC*HC>99213*0*0*0521*1~
DTM*472*20220112~
REF*6R*XPPB0101649617-2~
CLP*P219143500*1*273*53.1**HM*200306000*71*1~
NM1*QC*1*MEKAS*CELESTE*L***MI*1257067052~
NM1*82*2*COMMUNITY HEALTH CENTER OF BRANCH COUNTY*****XX*1073661484~
REF*CE*MEDICAID~
DTM*232*20220112~
DTM*050*20220113~
SVC*HC>T1015>25*273*53.1*0521*1~
DTM*472*20220112~
CAS*CO*45*219.9~
REF*6R*XPPB0101649623-1~
AMT*B6*53.1~
SVC*HC>99392>25*0*0*0521*1~
DTM*472*20220112~
REF*6R*XPPB0101649623-2~
SVC*HC>90647*0*0*0636*1~
DTM*472*20220112~
REF*6R*XPPB0101649623-3~
LQ*HE*M79~
SVC*HC>90670*0*0*0636*1~
DTM*472*20220112~
REF*6R*XPPB0101649623-4~
LQ*HE*M79~
SVC*HC>90707*0*0*0636*1~
DTM*472*20220112~
REF*6R*XPPB0101649623-5~
LQ*HE*M79~
SVC*HC>90716*0*0*0636*1~
DTM*472*20220112~
REF*6R*XPPB0101649623-6~
LQ*HE*M79~
SVC*HC>90460*0*0*0771*4~
DTM*472*20220112~
REF*6R*XPPB0101649623-7~
CLP*P219242640*1*75*53.1**HM*200341602*71*1~
NM1*QC*1*MOORE*DAXTEN*D***MI*1167509549~
NM1*82*2*COMMUNITY HEALTH CENTER OF BRANCH COUNTY*****XX*1073661484~
REF*CE*MEDICAID~
DTM*232*20220113~
DTM*050*20220114~
SVC*HC>T1015*75*53.1*0521*1~
DTM*472*20220113~
CAS*CO*45*21.9~
REF*6R*XPPB0101682047-1~
AMT*B6*53.1~
SVC*HC>99212*0*0*0521*1~
DTM*472*20220113~
REF*6R*XPPB0101682047-2~
CLP*P219242750*1*106*53.1**HM*200341596*71*1~
NM1*QC*1*PHILLIPS*AUBREY*R***MI*1174946123~
NM1*82*2*COMMUNITY HEALTH CENTER OF BRANCH COUNTY*****XX*1073661484~
REF*CE*MEDICAID~
DTM*232*20220113~
DTM*050*20220114~
SVC*HC>T1015*106*53.1*0521*1~
DTM*472*20220113~
CAS*CO*45*52.9~
REF*6R*XPPB0101682062-1~
AMT*B6*53.1~
SVC*HC>99213*0*0*0521*1~
DTM*472*20220113~
REF*6R*XPPB0101682062-2~
CLP*P219242670*1*184*53.1**HM*200341594*71*1~
NM1*QC*1*PIESKE*BRANTLEY****MI*1268116772~
NM1*82*2*COMMUNITY HEALTH CENTER OF BRANCH COUNTY*****XX*1073661484~
REF*CE*MEDICAID~
DTM*232*20211230~
DTM*050*20220114~
SVC*HC>T1015*184*53.1*0521*1~
DTM*472*20211230~
CAS*CO*45*130.9~
REF*6R*XPPB0101682061-1~
AMT*B6*53.1~
SVC*HC>99381*0*0*0521*1~
DTM*472*20211230~
REF*6R*XPPB0101682061-2~
CLP*P219242710*1*106*53.1**HM*200341600*71*1~
NM1*QC*1*SALEM*AHMED*H***MI*0041916809~
NM1*82*2*COMMUNITY HEALTH CENTER OF BRANCH COUNTY*****XX*1073661484~
REF*CE*MEDICAID~
DTM*232*20220113~
DTM*050*20220114~
SVC*HC>T1015*106*53.1*0521*1~
DTM*472*20220113~
CAS*CO*45*52.9~
REF*6R*XPPB0101682060-1~
AMT*B6*53.1~
SVC*HC>99213*0*0*0521*1~
DTM*472*20220113~
REF*6R*XPPB0101682060-2~
CLP*P219034140*1*225*53.1**HM*200267158*71*1~
NM1*QC*1*SCHIEBER*MAVERICK****MI*1243173133~
NM1*82*2*COMMUNITY HEALTH CENTER OF BRANCH COUNTY*****XX*1073661484~
REF*CE*MEDICAID~
DTM*232*20220111~
DTM*050*20220112~
SVC*HC>T1015>25*225*53.1*0521*1~
DTM*472*20220111~
CAS*CO*45*171.9~
REF*6R*XPPB0101613480-1~
AMT*B6*53.1~
SVC*HC>99392>25*0*0*0521*1~
DTM*472*20220111~
REF*6R*XPPB0101613480-2~
SVC*HC>90633*0*0*0636*1~
DTM*472*20220111~
REF*6R*XPPB0101613480-3~
LQ*HE*M79~
SVC*HC>90700*0*0*0636*1~
DTM*472*20220111~
REF*6R*XPPB0101613480-4~
LQ*HE*M79~
SVC*HC>90460*0*0*0771*2~
DTM*472*20220111~
REF*6R*XPPB0101613480-5~
CLP*P219034100*1*106*53.1**HM*200267146*71*1~
NM1*QC*1*SMITH*RAELYNN*M***MI*1155784434~
NM1*82*2*COMMUNITY HEALTH CENTER OF BRANCH COUNTY*****XX*1073661484~
REF*CE*MEDICAID~
DTM*232*20220111~
DTM*050*20220112~
SVC*HC>T1015*106*53.1*0521*1~
DTM*472*20220111~
CAS*CO*45*52.9~
REF*6R*XPPB0101613478-1~
AMT*B6*53.1~
SVC*HC>99213*0*0*0521*1~
DTM*472*20220111~
REF*6R*XPPB0101613478-2~
CLP*P219242580*1*166*53.1**HM*200341601*71*1~
NM1*QC*1*STEVENSON*ROMAN*W***MI*1267944622~
NM1*82*2*COMMUNITY HEALTH CENTER OF BRANCH COUNTY*****XX*1073661484~
REF*CE*MEDICAID~
DTM*232*20220113~
DTM*050*20220114~
SVC*HC>T1015*166*53.1*0521*1~
DTM*472*20220113~
CAS*CO*45*112.9~
REF*6R*XPPB0101682064-1~
AMT*B6*53.1~
SVC*HC>99391*0*0*0521*1~
DTM*472*20220113~
REF*6R*XPPB0101682064-2~
CLP*P219034110*1*106*53.1**HM*200267150*71*1~
NM1*QC*1*WILSON*CHRISHTUN*D***MI*0034324479~
NM1*82*2*COMMUNITY HEALTH CENTER OF BRANCH COUNTY*****XX*1073661484~
REF*CE*MEDICAID~
DTM*232*20220111~
DTM*050*20220112~
SVC*HC>T1015*106*53.1*0521*1~
DTM*472*20220111~
CAS*CO*45*52.9~
REF*6R*XPPB0101613465-1~
AMT*B6*53.1~
SVC*HC>99213*0*0*0521*1~
DTM*472*20220111~
REF*6R*XPPB0101613465-2~
LX*24~
TS3*1548640352*22*20221231*7*111~
CLP*P218984290*1*208*93.1**HM*200275824*22~
NM1*QC*1*ABDULLA*MOHSIN*D***MI*1091833425~
NM1*82*1*HERRINGTON*NOLAN*LLOYD***XX*1548640352~
REF*CE*MEDICAID~
DTM*050*20220112~
SVC*HC>99214*137*57.05**1~
DTM*472*20220105~
CAS*CO*45*79.95~
REF*6R*XPPB0101610410-1~
AMT*B6*57.05~
SVC*HC>90833*71*36.05**1~
DTM*472*20220105~
CAS*CO*45*34.95~
REF*6R*XPPB0101610410-2~
AMT*B6*36.05~
CLP*P214315510*22*-208*0**HM*198523826*22~
NM1*QC*1*DELL*ALISSA*M***MI*0007936752~
NM1*82*1*HERRINGTON*NOLAN*LLOYD***XX*1548640352~
REF*CE*MEDICAID~
DTM*050*20211112~
SVC*HC>99214>GT*-137*0**1~
DTM*472*20211104~
CAS*CO*204*-137~
REF*6R*XPPB0099747612-1~
LQ*HE*N377~
SVC*HC>90833*-71*0**1~
DTM*472*20211104~
CAS*CO*45*-34.95**107*-36.05~
REF*6R*XPPB0099747612-2~
LQ*HE*N377~
CLP*P219091400*4*137*0**HM*200313344*22~
NM1*QC*1*HOLLISTER*NOEL****MI*0054999312~
NM1*82*1*HERRINGTON*NOLAN*LLOYD***XX*1548640352~
REF*CE*MEDICAID~
DTM*050*20220113~
SVC*HC>99214>GT*137*0**1~
DTM*472*20220106~
CAS*CO*204*137~
REF*6R*XPPB0101646609-1~
CLP*P215529890*22*-163*0**HM*198978579*22~
NM1*QC*1*STEM*KAYLA*D***MI*0003218748~
NM1*82*1*HERRINGTON*NOLAN*LLOYD***XX*1548640352~
REF*CE*MEDICAID~
DTM*050*20211129~
SVC*HC>99213>GT*-92*0**1~
DTM*472*20211119~
CAS*CO*204*-92~
REF*6R*XPPB0100247271-1~
LQ*HE*N377~
SVC*HC>90833*-71*0**1~
DTM*472*20211119~
CAS*CO*45*-34.95**107*-36.05~
REF*6R*XPPB0100247271-2~
LQ*HE*N377~
CLP*P219091690*4*137*0**HM*200313340*22~
NM1*QC*1*SWANEY*STEPHANIE****MI*0063393754~
NM1*82*1*HERRINGTON*NOLAN*LLOYD***XX*1548640352~
REF*CE*MEDICAID~
DTM*050*20220113~
SVC*HC>99214>GT*137*0**1~
DTM*472*20220106~
CAS*CO*204*137~
REF*6R*XPPB0101646616-1~
CLP*P214090910*22*-208*0**HM*198415995*22~
NM1*QC*1*VAUGHN*HEATHER*A***MI*0043678013~
NM1*82*1*HERRINGTON*NOLAN*LLOYD***XX*1548640352~
REF*CE*MEDICAID~
DTM*050*20211109~
SVC*HC>99214>GT*-137*0**1~
DTM*472*20211102~
CAS*CO*204*-137~
REF*6R*XPPB0099675130-1~
LQ*HE*N377~
SVC*HC>90833*-71*0**1~
DTM*472*20211102~
CAS*CO*45*-34.95**107*-36.05~
REF*6R*XPPB0099675130-2~
LQ*HE*N377~
CLP*P219091620*1*208*93.1**HM*200313337*22~
NM1*QC*1*VAUGHN*HEATHER*A***MI*0043678013~
NM1*82*1*HERRINGTON*NOLAN*LLOYD***XX*1548640352~
REF*CE*MEDICAID~
DTM*050*20220113~
SVC*HC>99214*137*57.05**1~
DTM*472*20220106~
CAS*CO*45*79.95~
REF*6R*XPPB0101646610-1~
AMT*B6*57.05~
SVC*HC>90833*71*36.05**1~
DTM*472*20220106~
CAS*CO*45*34.95~
REF*6R*XPPB0101646610-2~
AMT*B6*36.05~
LX*25~
TS3*1528611175*02*20221231*1*106~
CLP*P219089700*1*106*52.5**HM*200313510*02~
NM1*QC*1*WOOD*AKIRA****MI*1171821985~
NM1*82*1*KASSAS*EMAD****XX*1528611175~
REF*CE*MEDICAID~
DTM*050*20220113~
SVC*HC>99213>GT*106*52.5**1~
DTM*472*20220112~
CAS*CO*45*53.5~
REF*6R*XPPB0101639641-1~
AMT*B6*52.5~
LX*26~
TS3*1528611175*11*20221231*1*23~
CLP*P219089690*1*23*13.69**HM*200313646*11~
NM1*QC*1*WOOD*AKIRA****MI*1171821985~
NM1*82*1*KASSAS*EMAD****XX*1528611175~
REF*CE*MEDICAID~
DTM*050*20220113~
SVC*HC>87880>QW*23*13.69**1~
DTM*472*20220112~
CAS*CO*45*9.31~
REF*6R*XPPB0101640267-1~
AMT*B6*13.69~
LX*27~
TS3*1528611175*72*20221231*3*229~
CLP*P218982040*1*23*13.69**HM*200275226*72~
NM1*QC*1*BATES*PEYTYN*E***MI*1001708916~
NM1*82*1*KASSAS*EMAD****XX*1528611175~
REF*CE*MEDICAID~
DTM*050*20220112~
SVC*HC>87880>QW*23*13.69**1~
DTM*472*20220111~
CAS*CO*45*9.31~
REF*6R*XPPB0101603460-1~
AMT*B6*13.69~
CLP*P218982070*1*103*42.94**HM*200275227*72~
NM1*QC*1*COLLINS*JOPLIN*A***MI*1134126211~
NM1*82*1*KASSAS*EMAD****XX*1528611175~
REF*CE*MEDICAID~
DTM*050*20220112~
SVC*HC>87426>QW*80*29.25**1~
DTM*472*20220111~
CAS*CO*45*50.75~
REF*6R*XPPB0101603465-1~
AMT*B6*29.25~
SVC*HC>87880>QW*23*13.69**1~
DTM*472*20220111~
CAS*CO*45*9.31~
REF*6R*XPPB0101603465-2~
AMT*B6*13.69~
CLP*P219091540*1*103*42.94**HM*200313512*72~
NM1*QC*1*MCGLOTHAN*AISLEE****MI*1038626223~
NM1*82*1*KASSAS*EMAD****XX*1528611175~
REF*CE*MEDICAID~
DTM*050*20220113~
SVC*HC>87426>QW*80*29.25**1~
DTM*472*20220112~
CAS*CO*45*50.75~
REF*6R*XPPB0101639632-1~
AMT*B6*29.25~
SVC*HC>87880>QW*23*13.69**1~
DTM*472*20220112~
CAS*CO*45*9.31~
REF*6R*XPPB0101639632-2~
AMT*B6*13.69~
SE*3214*1029~
ST*835*1095~
BPR*I*0*C*ACH*CCP*01* 121000248*DA*4649685948*3383253977**01*041200050*DA*7343252644*20220117~
TRN*1*00000965114*1383253977~
DTM*405*20220115~
N1*PR*MERIDIAN HEALTH PLAN~
N3*777 WOODWARD AVE*SUITE 600~
N4*DETROIT*MI*48226~
REF*2U*52563~
PER*BL*EDI TEAM*EM*EDITEAM@MHPLAN.COM~
PER*IC**UR*WWW.MHPLAN.COM/MI~
N1*PE*PROMEDICA COLDWATER REGIONAL HOSPITAL*FI*386108110~
N3*PO BOX 639617~
N4*CINCINNATI*OH*45263~
LX*1~
TS3*1063471639*14*20221231*1*72~
CLP*H314286721602*4*72*0**HM*200239667*14*1~
NM1*QC*1*HILL*SHIRLEY*A***MI*0062354724~
NM1*74*1*HILL*SHIRLEY*ANN***C*9DM9MY5JU33~
NM1*82*2*COMMUNITY HEALTH CENTER OF BRANCH COUNTY*****XX*1063471639~
REF*CE*MEDICARE~
DTM*232*20200522~
DTM*050*20220111~
SVC*HC>85025*72*0*0305*1~
DTM*472*20200522~
CAS*CO*29*72~
REF*6R*PMXP0090187635-1~
PLB*386108110225472*20220116*FB>CO*2793.58*FB>BF*-2793.58~
SE*28*1095~
ST*835*1097~
BPR*I*598.29*C*ACH*CCP*01* 121000248*DA*4649685948*3383253977**01*041200050*DA*7343252644*20220117~
TRN*1*00000964485*1383253977~
DTM*405*20220115~
N1*PR*MERIDIAN HEALTH PLAN~
N3*777 WOODWARD AVE*SUITE 600~
N4*DETROIT*MI*48226~
REF*2U*52563~
PER*BL*EDI TEAM*EM*EDITEAM@MHPLAN.COM~
PER*IC**UR*WWW.MHPLAN.COM/MI~
N1*PE*PROMEDICA COLDWATER REGIONAL H*XX*1063471639~
N3*PO BX 639617~
N4*CINCINNATI*OH*45263~
REF*TJ*386108110~
LX*1~
TS3*1063471639*13*20221231*2*4424~
CLP*H315392907900*1*1842*239.52**HM*200074348*13*2~
NM1*QC*1*DEEREN*JOY*E***MI*0083589384~
REF*CE*MEDICAID~
DTM*232*20211214~
DTM*233*20211230~
DTM*050*20220105~
SVC*HC>97035>GO>97*113*6.46*0431*1~
DTM*472*20211220~
CAS*CO*45*106.54~
REF*6R*PMXP0101399203-1~
AMT*B6*6.46~
SVC*HC>97035>GO>97*113*6.46*0431*1~
DTM*472*20211227~
CAS*CO*45*106.54~
REF*6R*PMXP0101399203-2~
AMT*B6*6.46~
SVC*HC>97035>GO>97*113*6.46*0431*1~
DTM*472*20211230~
CAS*CO*45*106.54~
REF*6R*PMXP0101399203-3~
AMT*B6*6.46~
SVC*HC>97110>GO>97*206*30.84*0431*2~
DTM*472*20211214~
CAS*CO*45*175.16~
REF*6R*PMXP0101399203-4~
AMT*B6*30.84~
SVC*HC>97110>GO>97*103*17.31*0431*1~
DTM*472*20211220~
CAS*CO*45*85.69~
REF*6R*PMXP0101399203-5~
AMT*B6*17.31~
SVC*HC>97110>GO>97*206*30.84*0431*2~
DTM*472*20211223~
CAS*CO*45*175.16~
REF*6R*PMXP0101399203-6~
AMT*B6*30.84~
SVC*HC>97110>GO>97*206*30.84*0431*2~
DTM*472*20211227~
CAS*CO*45*175.16~
REF*6R*PMXP0101399203-7~
AMT*B6*30.84~
SVC*HC>97140>GO>97*113*12.64*0431*1~
DTM*472*20211220~
CAS*CO*45*100.36~
REF*6R*PMXP0101399203-8~
AMT*B6*12.64~
SVC*HC>97140>GO>97*113*12.64*0431*1~
DTM*472*20211223~
CAS*CO*45*100.36~
REF*6R*PMXP0101399203-9~
AMT*B6*12.64~
SVC*HC>97140>GO>97*113*12.64*0431*1~
DTM*472*20211227~
CAS*CO*45*100.36~
REF*6R*PMXP0101399203-10~
AMT*B6*12.64~
SVC*HC>97140>GO>97*113*15.95*0431*1~
DTM*472*20211230~
CAS*CO*45*97.05~
REF*6R*PMXP0101399203-11~
AMT*B6*15.95~
SVC*HC>97166>GO>97*330*56.44*0434*1~
DTM*472*20211214~
CAS*CO*45*273.56~
REF*6R*PMXP0101399203-12~
AMT*B6*56.44~
CLP*H315377631300*1*2582*358.77**HM*200074365*13*3~
NM1*QC*1*FLETCHER*MITCHELL*A***MI*0081224179~
REF*CE*MEDICAID~
DTM*232*20211208~
DTM*233*20211229~
DTM*050*20220105~
SVC*HC>97110>GP>97*206*30.84*0421*2~
DTM*472*20211208~
CAS*CO*45*175.16~
REF*6R*PMXP0101399259-1~
AMT*B6*30.84~
SVC*HC>97110>GP>97*103*13.53*0421*1~
DTM*472*20211210~
CAS*CO*45*89.47~
REF*6R*PMXP0101399259-2~
AMT*B6*13.53~
SVC*HC>97110>GP>97*206*30.84*0421*2~
DTM*472*20211213~
CAS*CO*45*175.16~
REF*6R*PMXP0101399259-3~
AMT*B6*30.84~
SVC*HC>97110>GP>97*206*30.84*0421*2~
DTM*472*20211216~
CAS*CO*45*175.16~
REF*6R*PMXP0101399259-4~
AMT*B6*30.84~
SVC*HC>97110>GP>97*206*30.84*0421*2~
DTM*472*20211220~
CAS*CO*45*175.16~
REF*6R*PMXP0101399259-5~
AMT*B6*30.84~
SVC*HC>97110>GP>97*309*44.38*0421*3~
DTM*472*20211223~
CAS*CO*45*264.62~
REF*6R*PMXP0101399259-6~
AMT*B6*44.38~
SVC*HC>97110>GP>97*206*27.06*0421*2~
DTM*472*20211227~
CAS*CO*45*178.94~
REF*6R*PMXP0101399259-7~
AMT*B6*27.06~
SVC*HC>97110>GP>97*103*13.53*0421*1~
DTM*472*20211229~
CAS*CO*45*89.47~
REF*6R*PMXP0101399259-8~
AMT*B6*13.53~
SVC*HC>97112>GP>97*125*20.06*0421*1~
DTM*472*20211210~
CAS*CO*45*104.94~
REF*6R*PMXP0101399259-9~
AMT*B6*20.06~
SVC*HC>97112>GP>97*125*20.06*0421*1~
DTM*472*20211227~
CAS*CO*45*104.94~
REF*6R*PMXP0101399259-10~
AMT*B6*20.06~
SVC*HC>97112>GP>97*125*20.06*0421*1~
DTM*472*20211229~
CAS*CO*45*104.94~
REF*6R*PMXP0101399259-11~
AMT*B6*20.06~
SVC*HC>97116>GP>97*97*13.53*0421*1~
DTM*472*20211229~
CAS*CO*45*83.47~
REF*6R*PMXP0101399259-12~
AMT*B6*13.53~
SVC*HC>97140>GP>97*113*12.64*0421*1~
DTM*472*20211208~
CAS*CO*45*100.36~
REF*6R*PMXP0101399259-13~
AMT*B6*12.64~
SVC*HC>97140>GP>97*113*12.64*0421*1~
DTM*472*20211210~
CAS*CO*45*100.36~
REF*6R*PMXP0101399259-14~
AMT*B6*12.64~
SVC*HC>97140>GP>97*113*12.64*0421*1~
DTM*472*20211213~
CAS*CO*45*100.36~
REF*6R*PMXP0101399259-15~
AMT*B6*12.64~
SVC*HC>97140>GP>97*113*12.64*0421*1~
DTM*472*20211216~
CAS*CO*45*100.36~
REF*6R*PMXP0101399259-16~
AMT*B6*12.64~
SVC*HC>97140>GP>97*113*12.64*0421*1~
DTM*472*20211220~
CAS*CO*45*100.36~
REF*6R*PMXP0101399259-17~
AMT*B6*12.64~
SE*174*1097~
GE*5*1~
IEA*1*262455724~
