ISA*00*          *00*          *ZZ*133052274      *ZZ*XXXXXXXXXXXXXXX*220119*0305*^*00501*100378839*0*P*>~
GS*HP*133052274*XX*20220119*0305*1*X*005010X221A1~
ST*835*0010~
BPR*I*1242.29*C*ACH*CCP*01*011900445*DA*0000009046*1066033492**01*072400052*DA*7168184153*20220124~
TRN*1*822019000266633*1066033492~
REF*EV*XXXXXXXXXXXXXXXXXXXXXXXXXXXXXX~
DTM*405*20220119~
N1*PR*AETNA~
N3*151 FARMINGTON AVENUE~
N4*HARTFORD*CT*06156~
REF*2U*60054~
PER*BL*Provider Service~
N1*PE*MECOSTA COUNTY MEDICAL CENTER*XX*1316945991~
N3*PO BOX 3564~
N4*GRAND RAPIDS*MI*495013564~
REF*PQ*516567020~
REF*TJ*381368744~
LX*1~
TS3*1316945991*11*20221231*14*3105.85~
CLP*H9321227383900*1*276.5*158.99**12*EFY1WZL0Z0000*13*1~
NM1*QC*1*HAWLEY*NASH****MI*W267417137~
NM1*82*2*SPECTRUM HEALTH BIG RAPIDS HOSPITAL*****XX*1316945991~
REF*1L*0141987-010-00001- A~
REF*CE*Open Choice NET 00114~
DTM*232*20220106~
DTM*233*20220106~
DTM*050*20220112~
PER*CX**TE*8886323862~
AMT*AU*276.5~
SVC*HC>C9803>CS>CR*25*14.38*0300*1~
DTM*472*20220106~
CAS*CO*45*10.62~
REF*6R*H9321227383900-1~
AMT*B6*14.38~
SVC*HC>U0003>CS*217.5*125.06*0300*1~
DTM*472*20220106~
CAS*CO*45*92.44~
REF*6R*H9321227383900-2~
AMT*B6*125.06~
SVC*HC>U0005>CS*34*19.55*0300*1~
DTM*472*20220106~
CAS*CO*45*14.45~
REF*6R*H9321227383900-3~
AMT*B6*19.55~
CLP*H9321227525100*1*276.5*158.99**13*EGACWZNGF0000*13*1~
NM1*QC*1*SIEREVELD*ELIZABETH*A~
NM1*IL*1*SIEREVELD*BRENDAN*M***MI*W224052754~
NM1*82*2*SPECTRUM HEALTH BIG RAPIDS HOSPITAL*****XX*1316945991~
REF*1L*0283912-018-00100- D~
REF*CE*Aetna Choice  POS II NET 00615~
DTM*232*20220106~
DTM*233*20220106~
DTM*050*20220112~
PER*CX**TE*8886323862~
AMT*AU*276.5~
SVC*HC>C9803>CS>CR*25*14.38*0300*1~
DTM*472*20220106~
CAS*CO*45*10.62~
REF*6R*H9321227525100-1~
AMT*B6*14.38~
SVC*HC>U0003>CS*217.5*125.06*0300*1~
DTM*472*20220106~
CAS*CO*45*92.44~
REF*6R*H9321227525100-2~
AMT*B6*125.06~
SVC*HC>U0005>CS*34*19.55*0300*1~
DTM*472*20220106~
CAS*CO*45*14.45~
REF*6R*H9321227525100-3~
AMT*B6*19.55~
CLP*H9321227953500*1*694.3*0*399.22*13*EGJMWZJ220000*13*1~
NM1*QC*1*HURT*PEYTON*G***MI*W24858019603~
NM1*74*1**WILLIAM*R***C*W248580196~
NM1*82*2*SPECTRUM HEALTH BIG RAPIDS HOSPITAL*****XX*1316945991~
REF*1L*0109198-035-00001-BX~
REF*CE*Aetna Choice  POS II NET 00615~
DTM*232*20220108~
DTM*233*20220108~
DTM*050*20220112~
PER*CX**TE*8886323862~
AMT*AU*694.3~
SVC*HC>99282*694.3*0*0450*1~
DTM*472*20220108~
CAS*CO*45*295.08~
CAS*PR*1*399.22~
REF*6R*H9321227953500-1~
AMT*B6*399.22~
CLP*H9321225578601*1*276.5*158.99**12*EGTXW11630000*13*1~
NM1*QC*1*BAKOS*RANDALL*L***MI*W015967402~
NM1*82*2*SPECTRUM HEALTH BIG RAPIDS HOSPITAL*****XX*1316945991~
REF*1L*0655495-032-00011-CG~
REF*CE*Open Choice NET 00114~
DTM*232*20211223~
DTM*233*20211223~
DTM*050*20220115~
PER*CX**TE*8886323862~
AMT*AU*276.5~
SVC*HC>C9803>CS>CR*25*14.38*0300*1~
DTM*472*20211223~
CAS*CO*45*10.62~
REF*6R*H9321225578601-1~
AMT*B6*14.38~
SVC*HC>U0003>CS*217.5*125.06*0300*1~
DTM*472*20211223~
CAS*CO*45*92.44~
REF*6R*H9321225578601-2~
AMT*B6*125.06~
SVC*HC>U0005>CS*34*19.55*0300*1~
DTM*472*20211223~
CAS*CO*45*14.45~
REF*6R*H9321225578601-3~
AMT*B6*19.55~
CLP*H9321227497500*1*276.5*158.99**13*EG36WWR330000*13*1~
NM1*QC*1*GIESE*ERICA****MI*W263856894~
NM1*82*2*SPECTRUM HEALTH BIG RAPIDS HOSPITAL*****XX*1316945991~
REF*1L*0868404-012-00001- A~
REF*CE*Aetna Choice  POS II NET 00615~
DTM*232*20220106~
DTM*233*20220106~
DTM*050*20220112~
PER*CX**TE*8886323862~
AMT*AU*276.5~
SVC*HC>C9803>CS>CR*25*14.38*0300*1~
DTM*472*20220106~
CAS*CO*45*10.62~
REF*6R*H9321227497500-1~
AMT*B6*14.38~
SVC*HC>U0003>CS*217.5*125.06*0300*1~
DTM*472*20220106~
CAS*CO*45*92.44~
REF*6R*H9321227497500-2~
AMT*B6*125.06~
SVC*HC>U0005>CS*34*19.55*0300*1~
DTM*472*20220106~
CAS*CO*45*14.45~
REF*6R*H9321227497500-3~
AMT*B6*19.55~
CLP*H9321227752400*1*199.55*0*55.66*13*EK36WXGD30000*13*1~
NM1*QC*1*BLACKFORD*BARBARA*J~
NM1*IL*1*BLACKFORD*THOMAS***JR*MI*W265425631~
NM1*82*2*SPECTRUM HEALTH BIG RAPIDS HOSPITAL*****XX*1316945991~
REF*1L*0811255-020-00006-AF~
REF*CE*Aetna Choice  POS II NET 00615~
DTM*232*20220107~
DTM*233*20220107~
DTM*050*20220113~
PER*CX**TE*8886323862~
AMT*AU*199.55~
SVC*HC>36415*20.91*0*0300*1~
DTM*472*20220107~
CAS*CO*45*8.89~
CAS*PR*1*12.02~
REF*6R*H9321227752400-1~
AMT*B6*12.02~
SVC*HC>80053*84.85*0*0300*1~
DTM*472*20220107~
CAS*CO*45*71.04~
CAS*PR*1*13.81~
REF*6R*H9321227752400-2~
AMT*B6*13.81~
SVC*HC>80061*62.12*0*0300*1~
DTM*472*20220107~
CAS*CO*45*45.17~
CAS*PR*1*16.95~
REF*6R*H9321227752400-3~
AMT*B6*16.95~
SVC*HC>83036*31.67*0*0301*1~
DTM*472*20220107~
CAS*CO*45*18.79~
CAS*PR*1*12.88~
REF*6R*H9321227752400-4~
AMT*B6*12.88~
CLP*H9321227925400*1*276.5*138.25**13*EVACVKMBM0000*13*1~
NM1*QC*1*MAROVICH*JAYDEN*A~
NM1*IL*1*MAROVICH*MELINDA*S***MI*W265025313~
NM1*82*2*SPECTRUM HEALTH BIG RAPIDS HOSPITAL*****XX*1316945991~
REF*1L*0109164-055-00002-AX~
REF*CE*Aetna Choice  POS II~
DTM*232*20220108~
DTM*233*20220108~
DTM*050*20220113~
PER*CX**TE*8886323862~
AMT*AU*276.5~
SVC*HC>C9803>CS>CR*25*12.5*0300*1~
DTM*472*20220108~
CAS*CO*45*12.5~
REF*6R*H9321227925400-1~
AMT*B6*12.5~
SVC*HC>U0003>CS*217.5*108.75*0300*1~
DTM*472*20220108~
CAS*CO*45*108.75~
REF*6R*H9321227925400-2~
AMT*B6*108.75~
SVC*HC>U0005>CS*34*17*0300*1~
DTM*472*20220108~
CAS*CO*45*17~
REF*6R*H9321227925400-3~
AMT*B6*17~
CLP*H9321227923700*1*276.5*158.99**13*EV36VNC9B0000*13*1~
NM1*QC*1*GIESE*ERICA****MI*W263856894~
NM1*82*2*SPECTRUM HEALTH BIG RAPIDS HOSPITAL*****XX*1316945991~
REF*1L*0868404-012-00001- A~
REF*CE*Aetna Choice  POS II NET 00615~
DTM*232*20220108~
DTM*233*20220108~
DTM*050*20220113~
PER*CX**TE*8886323862~
AMT*AU*276.5~
SVC*HC>C9803>CS>CR*25*14.38*0300*1~
DTM*472*20220108~
CAS*CO*45*10.62~
REF*6R*H9321227923700-1~
AMT*B6*14.38~
SVC*HC>U0003>CS*217.5*125.06*0300*1~
DTM*472*20220108~
CAS*CO*45*92.44~
REF*6R*H9321227923700-2~
AMT*B6*125.06~
SVC*HC>U0005>CS*34*19.55*0300*1~
DTM*472*20220108~
CAS*CO*45*14.45~
REF*6R*H9321227923700-3~
AMT*B6*19.55~
CLP*H9321224342200*2*276.5*0**12*E1TXVL8LJ0000*13*1~
CAS*OA*23*124.05~
NM1*QC*1*THURSTON*BONNIE*S***MI*4GU4J03QX62~
NM1*74*1******C*W208277779~
NM1*82*2*SPECTRUM HEALTH BIG RAPIDS HOSPITAL*****XX*1316945991~
REF*1L*0866219-031-00002-AI~
REF*CE*Open Choice NET 00114~
DTM*232*20211223~
DTM*233*20211223~
DTM*050*20220112~
PER*CX**TE*8886323862~
AMT*AU*25~
SVC*HC>C9803>CS>CR*25*124.05*0300*1~
DTM*472*20211223~
CAS*OA*23*152.45**94*-251.5~
REF*6R*H9321224342200-1~
AMT*B6*124.05~
SVC*HC>U0004*217.5*0*0300*1~
DTM*472*20211223~
CAS*CO*97*217.5~
REF*6R*H9321224342200-2~
LQ*HE*N20~
SVC*HC>U0005*34*0*0300*1~
DTM*472*20211223~
CAS*CO*97*34~
REF*6R*H9321224342200-3~
LQ*HE*N20~
CLP*H9320094313201*22*-276.5*0**13*E136PXVWP0000*13*1~
NM1*QC*1*FORD*CHAISE*J~
NM1*IL*1*WALLACE*BEVERLY*L***MI*W236189544~
NM1*82*2*SPECTRUM HEALTH BIG RAPIDS HOSPITAL*****XX*1316945991~
REF*1L*0868419-012-00009-FF~
REF*CE*Aetna Choice  POS II NET 00615~
DTM*232*20210406~
DTM*233*20210406~
DTM*050*20210423~
PER*CX**TE*8886323862~
SVC*HC>U0005>CS*-34*0*0300*0**1~
DTM*472*20210406~
CAS*PR*227*-34*1~
REF*6R*H9320094313201-3~
LQ*HE*MA04~
LQ*HE*N179~
SVC*HC>U0003>CS*-217.5*0*0300*0**1~
DTM*472*20210406~
CAS*PR*227*-217.5*1~
REF*6R*H9320094313201-2~
LQ*HE*MA04~
LQ*HE*N179~
SVC*HC>C9803>CS>CR*-25*0*0300*0**1~
DTM*472*20210406~
CAS*PR*227*-25*1~
REF*6R*H9320094313201-1~
LQ*HE*MA04~
LQ*HE*N179~
CLP*H9320094313201*1*276.5*158.99**13*E136PXVWP0001*13*1~
NM1*QC*1*FORD*CHAISE*J~
NM1*IL*1*WALLACE*BEVERLY*L***MI*W236189544~
NM1*82*2*SPECTRUM HEALTH BIG RAPIDS HOSPITAL*****XX*1316945991~
REF*1L*0868419-012-00009-FF~
REF*CE*Aetna Choice  POS II NET 00615~
REF*F8*E136PXVWP0000~
DTM*232*20210406~
DTM*233*20210406~
DTM*050*20220112~
PER*CX**TE*8886323862~
AMT*AU*276.5~
SVC*HC>U0005>CS*34*19.55*0300*1~
DTM*472*20210406~
CAS*CO*45*14.45~
REF*6R*H9320094313201-3~
AMT*B6*19.55~
SVC*HC>U0003>CS*217.5*125.06*0300*1~
DTM*472*20210406~
CAS*CO*45*92.44~
REF*6R*H9320094313201-2~
AMT*B6*125.06~
SVC*HC>C9803>CS>CR*25*14.38*0300*1~
DTM*472*20210406~
CAS*CO*45*10.62~
REF*6R*H9320094313201-1~
AMT*B6*14.38~
CLP*H9320088784000*22*-326.29*0**13*E5ACNTKR80000*13*1~
NM1*QC*1*FORD*CHAISE*J~
NM1*IL*1*WALLACE*BEVERLY****MI*W236189544~
NM1*82*2*SPECTRUM HEALTH BIG RAPIDS HOSPITAL*****XX*1316945991~
REF*1L*0868419-012-00009-FF~
REF*CE*Aetna Choice  POS II NET 00615~
DTM*232*20210217~
DTM*233*20210217~
DTM*050*20210224~
PER*CX**TE*8886323862~
SVC*HC>71046*-326.29*0*0324*0**1~
DTM*472*20210217~
CAS*PR*227*-326.29*1~
REF*6R*H9320088784000-1~
LQ*HE*MA04~
LQ*HE*N179~
CLP*H9320088784000*1*326.29*150.1*37.52*13*E5ACNTKR80001*13*1~
NM1*QC*1*FORD*CHAISE*J~
NM1*IL*1*WALLACE*BEVERLY****MI*W236189544~
NM1*82*2*SPECTRUM HEALTH BIG RAPIDS HOSPITAL*****XX*1316945991~
REF*1L*0868419-012-00009-FF~
REF*CE*Aetna Choice  POS II NET 00615~
REF*F8*E5ACNTKR80000~
DTM*232*20210217~
DTM*233*20210217~
DTM*050*20220112~
PER*CX**TE*8886323862~
AMT*AU*326.29~
SVC*HC>71046*326.29*150.1*0324*1~
DTM*472*20210217~
CAS*CO*45*138.67~
CAS*PR*2*37.52~
REF*6R*H9320088784000-1~
AMT*B6*187.62~
CLP*H9321224342200*2*276.5*0*152.45*12*PJACSXV1W0000~
CAS*OA*23*-28.4~
CAS*PR*2*152.45~
NM1*QC*1*THURSTON*BONNIE*S***MI*244114670~
NM1*IL*1*THURSTON*JEFFREY*R***MI*W244114669~
NM1*82*2*SPECTRUM HEALTH BIG RAPIDS HOSPITAL*****XX*1316945991~
REF*1L*0866219-030-00002-AA~
REF*CE*Open Choice NET 00114~
DTM*232*20211223~
DTM*233*20211223~
DTM*050*20220118~
PER*CX**TE*8886323862~
AMT*AU*25~
SVC*HC>C9803>CS*25*124.05*0300*1~
DTM*472*20211223~
CAS*OA*23*152.45**94*-251.5~
AMT*B6*276.5~
SVC*HC>U0004*217.5*0*0300*1~
DTM*472*20211223~
CAS*CO*97*217.5~
LQ*HE*N20~
SVC*HC>U0005*34*0*0300*1~
DTM*472*20211223~
CAS*CO*97*34~
LQ*HE*N20~
SE*363*0010~
GE*1*1~
IEA*1*100378839~
