ISA*00*          *00*          *01*030240928      *ZZ*XXXXXXXXXXXXXXX*220118*1531*^*00501*262455724*0*P*>~
GS*HP*364559356*XX*20220118*1531*1*X*005010X221A1~
ST*835*1041~
BPR*I*1409.33*C*ACH*CCP*01* 121000248*DA*4649685948*3383253977**01*041200050*DA*80250500*20220117~
TRN*1*00000963579*1383253977~
DTM*405*20220115~
N1*PR*MERIDIAN HEALTH PLAN~
N3*777 WOODWARD AVE*SUITE 600~
N4*DETROIT*MI*48226~
REF*2U*52563~
PER*BL*EDI TEAM*EM*EDITEAM@MHPLAN.COM~
PER*IC**UR*WWW.MHPLAN.COM/MI~
N1*PE*PROMEDICA TOLEDO HOSPITAL*XX*1205837259~
N3*PO BOX 630253~
N4*CINCINNATI*OH*45263~
REF*TJ*344428256~
LX*1~
TS3*1407854771*13*20221231*1*686~
CLP*H315047647800*1*686*66.14**HM*200294394*13*1~
NM1*QC*1*JONES*KIMBERLY*J***MI*0036057098~
NM1*82*2*THE TOLEDO HOSPITAL*****XX*1407854771~
REF*CE*MEDICAID~
DTM*232*20210708~
DTM*050*20220113~
SVC*HC>74150*686*66.14*0352*1~
DTM*472*20210708~
CAS*CO*45*619.86~
REF*6R*PMXP0096245688-1~
AMT*B6*66.14~
LX*2~
TS3*1215933155*19*20221231*1*228~
CLP*P195550720*1*228*96.48**HM*199287537*19~
NM1*QC*1*BROWN*DORIAN*A***MI*1208368606~
NM1*82*1*JAARA*ZIAD****XX*1215933155~
REF*CE*MEDICAID~
DTM*050*20211208~
SVC*HC>99214>25*157*77.49**1~
DTM*472*20210225~
CAS*CO*45*79.51~
REF*6R*XPPB0092377970-1~
AMT*B6*77.49~
SVC*HC>92552*71*18.99**1~
DTM*472*20210225~
CAS*CO*45*52.01~
REF*6R*XPPB0092377970-2~
AMT*B6*18.99~
LX*3~
TS3*1063419075*21*20221231*1*76~
CLP*P218983870*1*76*4.85**HM*200275894*21~
NM1*QC*1*AUTRY*PAUL*C***MI*0034112299~
NM1*82*1*YAZJI*GHIATH*A***XX*1063419075~
REF*CE*MEDICAID~
DTM*050*20220112~
SVC*HC>93010*76*4.85**1~
DTM*472*20220111~
CAS*CO*45*71.15~
REF*6R*XPPB0101613329-1~
AMT*B6*4.85~
LX*4~
TS3*1417951336*21*20221231*2*152~
CLP*P219090240*1*76*4.85**HM*200313139*21~
NM1*QC*1*DAVIS*JIM****MI*0097998224~
NM1*82*1*PAPPAS*THOMAS*M***XX*1417951336~
REF*CE*MEDICAID~
DTM*050*20220113~
SVC*HC>93010*76*4.85**1~
DTM*472*20220111~
CAS*CO*45*71.15~
REF*6R*XPPB0101649521-1~
AMT*B6*4.85~
CLP*P219090250*1*76*4.85**HM*200313142*21~
NM1*QC*1*DAVIS*JIM****MI*0097998224~
NM1*82*1*PAPPAS*THOMAS*M***XX*1417951336~
REF*CE*MEDICAID~
DTM*050*20220113~
SVC*HC>93010*76*4.85**1~
DTM*472*20220110~
CAS*CO*45*71.15~
REF*6R*XPPB0101649522-1~
AMT*B6*4.85~
LX*5~
TS3*1497749543*19*20221231*1*101~
CLP*P218982400*1*101*46.81**HM*200275893*19~
NM1*QC*1*WILEY*NEVAEH****MI*1260866471~
NM1*82*1*SHERRATT*AMANDA*J***XX*1497749543~
REF*CE*MEDICAID~
DTM*050*20220112~
SVC*HC>99391>25*101*46.81**1~
DTM*472*20220105~
CAS*CO*45*54.19~
REF*6R*XPPB0101613319-1~
AMT*B6*46.81~
LX*6~
TS3*1568635589*22*20221231*3*733~
CLP*P219091420*4*205*0**HM*200313134*22~
NM1*QC*1*BOZMAN*LEEONA*M***MI*0015394069~
NM1*82*1*KHURSHID*NAUMAN****XX*1568635589~
REF*CE*MEDICAID~
DTM*050*20220113~
SVC*HC>76817>26*205*0**1~
DTM*472*20220112~
CAS*CO*204*205~
REF*6R*XPPB0101649210-1~
CLP*P219091570*1*102*39.4**HM*200313131*22~
NM1*QC*1*EPPS*TANISHA****MI*0061522674~
NM1*82*1*KHURSHID*NAUMAN****XX*1568635589~
REF*CE*MEDICAID~
DTM*050*20220113~
SVC*HC>99213>TH>25*102*39.4**1~
DTM*472*20211228~
CAS*CO*45*62.6~
REF*6R*XPPB0101649263-1~
AMT*B6*39.4~
CLP*P219091580*4*426*0**HM*200313144*22~
NM1*QC*1*EPPS*TANISHA****MI*0061522674~
NM1*82*1*KHURSHID*NAUMAN****XX*1568635589~
REF*CE*MEDICAID~
DTM*050*20220113~
SVC*HC>76816>26*190*0**1~
DTM*472*20211228~
CAS*CO*204*190~
REF*6R*XPPB0101649264-1~
SVC*HC>76820>26*236*0**1~
DTM*472*20211228~
CAS*CO*204*236~
REF*6R*XPPB0101649264-2~
LX*7~
TS3*1689821506*21*20221231*1*3083~
CLP*P219091600*1*3083*864.16**HM*200313133*21~
NM1*QC*1*EPPS*TANISHA****MI*0061522674~
NM1*82*1*WAGGONER NOSS*ALEXIS*C***XX*1689821506~
REF*CE*MEDICAID~
DTM*050*20220113~
SVC*HC>59612>GC*3083*864.16**1~
DTM*472*20220112~
CAS*CO*45*2218.84~
REF*6R*XPPB0101649266-1~
AMT*B6*864.16~
LX*8~
TS3*1437180056*19*20221231*1*1069~
CLP*P219091610*1*1069*422.56**HM*200313130*19~
NM1*QC*1*EPPS*TANISHA****MI*0061522674~
NM1*82*1*VAN HOOK*CATHERINE*L***XX*1437180056~
REF*CE*MEDICAID~
DTM*050*20220113~
SVC*HC>59425*1069*422.56**1~
DTM*472*20211207~
CAS*CO*45*646.44~
REF*6R*XPPB0101649267-1~
AMT*B6*422.56~
PLB*344428256023254*20220116*FB>CO*140.77~
SE*150*1041~
ST*835*1088~
BPR*I*61251.23*C*ACH*CCP*01* 121000248*DA*4649685948*3383253977**01*041200050*DA*80250500*20220117~
TRN*1*00000963581*1383253977~
DTM*405*20220115~
N1*PR*MERIDIAN HEALTH PLAN~
N3*777 WOODWARD AVE*SUITE 600~
N4*DETROIT*MI*48226~
REF*2U*52563~
PER*BL*EDI TEAM*EM*EDITEAM@MHPLAN.COM~
PER*IC**UR*WWW.MHPLAN.COM/MI~
N1*PE*THE TOLEDO HOSPITAL*FI*344428256~
N3*PO BOX 630253~
N4*CINCINNATI*OH*45263~
LX*1~
TS3*1407854771*11*20221231*7*295532.47~
CLP*H315417118901*1*104565.58*19638.74**HM*200140690*11*1**1813*3.7932~
NM1*QC*1*CONEY*DONNA*L***MI*0018970091~
NM1*82*2*THE TOLEDO HOSPITAL*****XX*1407854771~
REF*CE*MEDICAID~
DTM*232*20211222~
DTM*233*20211228~
DTM*050*20220107~
SVC*NU>0121*14412*19638.74**4~
DTM*472*20211222~
CAS*CO*94*-5226.74~
AMT*B6*19638.74~
SVC*NU>0201*17840*0**2~
DTM*472*20211222~
CAS*CO*97*17840~
SVC*NU>0250*2983*0**325~
DTM*472*20211222~
CAS*CO*97*2983~
SVC*NU>0255*91*0**30~
DTM*472*20211222~
CAS*CO*97*91~
SVC*NU>0270*1136*0**2~
DTM*472*20211222~
CAS*CO*97*1136~
SVC*NU>0272*1866.58*0**9~
DTM*472*20211222~
CAS*CO*97*1866.58~
SVC*NU>0300*2380*0**7~
DTM*472*20211222~
CAS*CO*97*2380~
SVC*NU>0301*1943*0**14~
DTM*472*20211222~
CAS*CO*97*1943~
SVC*NU>0302*375*0**3~
DTM*472*20211222~
CAS*CO*97*375~
SVC*NU>0305*2365*0**18~
DTM*472*20211222~
CAS*CO*97*2365~
SVC*NU>0307*83*0**1~
DTM*472*20211222~
CAS*CO*97*83~
SVC*NU>0312*277*0**1~
DTM*472*20211222~
CAS*CO*97*277~
SVC*NU>0320*958*0**1~
DTM*472*20211222~
CAS*CO*97*958~
SVC*NU>0360*56227*0**16~
DTM*472*20211222~
CAS*CO*97*56227~
SVC*NU>0421*190*0**1~
DTM*472*20211222~
CAS*CO*97*190~
SVC*NU>0424*444*0**1~
DTM*472*20211222~
CAS*CO*97*444~
SVC*NU>0431*551*0**3~
DTM*472*20211222~
CAS*CO*97*551~
SVC*NU>0434*444*0**1~
DTM*472*20211222~
CAS*CO*97*444~
CLP*H315393698300*1*39309*6447.28**HM*200140667*11*1**6962*1.2168~
NM1*QC*1*DILLON*BRANDY*L***MI*1041653723~
NM1*82*2*THE TOLEDO HOSPITAL*****XX*1407854771~
REF*CE*MEDICAID~
DTM*232*20211221~
DTM*233*20211226~
DTM*050*20220107~
SVC*NU>0121*14412*6447.28**4~
DTM*472*20211221~
CAS*CO*45*7964.72~
AMT*B6*6447.28~
SVC*NU>0250*18202*0**488~
DTM*472*20211221~
CAS*CO*97*18202~
SVC*NU>0270*568*0**1~
DTM*472*20211221~
CAS*CO*97*568~
SVC*NU>0300*2760*0**8~
DTM*472*20211221~
CAS*CO*97*2760~
SVC*NU>0301*695*0**5~
DTM*472*20211221~
CAS*CO*97*695~
SVC*NU>0305*765*0**5~
DTM*472*20211221~
CAS*CO*97*765~
SVC*NU>0611*1907*0**1~
DTM*472*20211221~
CAS*CO*97*1907~
CLP*H315425636500*1*21920*1600**HM*200187716*11*1**1373*1.3302~
NM1*QC*1*PRIELIPP*DARIN*R***MI*1224782132~
NM1*82*2*THE TOLEDO HOSPITAL*****XX*1407854771~
REF*CE*MEDICAID~
DTM*232*20211227~
DTM*233*20211228~
DTM*050*20220110~
SVC*NU>0121*3603*1600**1~
DTM*472*20211227~
CAS*CO*45*2003~
AMT*B6*1600~
SVC*NU>0250*5561*0**30~
DTM*472*20211227~
CAS*CO*97*5561~
SVC*NU>0260*1770*0**2~
DTM*472*20211227~
CAS*CO*97*1770~
SVC*NU>0270*1136*0**2~
DTM*472*20211227~
CAS*CO*97*1136~
SVC*NU>0300*764*0**2~
DTM*472*20211227~
CAS*CO*97*764~
SVC*NU>0301*1554*0**7~
DTM*472*20211227~
CAS*CO*97*1554~
SVC*NU>0302*202*0**1~
DTM*472*20211227~
CAS*CO*97*202~
SVC*NU>0305*457*0**3~
DTM*472*20211227~
CAS*CO*97*457~
SVC*NU>0306*1015*0**1~
DTM*472*20211227~
CAS*CO*97*1015~
SVC*NU>0320*361*0**1~
DTM*472*20211227~
CAS*CO*97*361~
SVC*NU>0352*686*0**1~
DTM*472*20211227~
CAS*CO*97*686~
SVC*NU>0410*605*0**2~
DTM*472*20211227~
CAS*CO*97*605~
SVC*NU>0450*2940*0**1~
DTM*472*20211227~
CAS*CO*97*2940~
SVC*NU>0460*413*0**2~
DTM*472*20211227~
CAS*CO*97*413~
SVC*NU>0730*543*0**1~
DTM*472*20211227~
CAS*CO*97*543~
SVC*NU>0761*310*0**1~
DTM*472*20211227~
CAS*CO*97*310~
CLP*H315435152900*1*13704*4340.47**HM*200109210*11*1**1152*.7566~
NM1*QC*1*REYMANN*SELAH*J***MI*1249543901~
NM1*82*2*THE TOLEDO HOSPITAL*****XX*1407854771~
REF*CE*MEDICAID~
DTM*232*20211229~
DTM*233*20211231~
DTM*050*20220106~
SVC*NU>0123*7206*4340.47**2~
DTM*472*20211229~
CAS*CO*45*2865.53~
AMT*B6*4340.47~
SVC*NU>0250*37*0**9~
DTM*472*20211229~
CAS*CO*97*37~
SVC*NU>0306*2501*0**1~
DTM*472*20211229~
CAS*CO*97*2501~
SVC*NU>0320*625*0**2~
DTM*472*20211229~
CAS*CO*97*625~
SVC*NU>0410*852*0**3~
DTM*472*20211229~
CAS*CO*97*852~
SVC*NU>0450*2483*0**1~
DTM*472*20211229~
CAS*CO*97*2483~
CLP*H315427386300*1*38723*1600**HM*200140666*11*1**4632*.6463~
NM1*QC*1*ROBBINS*WHITNEY*E***MI*0078705339~
NM1*82*2*THE TOLEDO HOSPITAL*****XX*1407854771~
REF*CE*MEDICAID~
DTM*232*20211227~
DTM*233*20211230~
DTM*050*20220107~
SVC*NU>0121*3603*1600**1~
DTM*472*20211227~
CAS*CO*45*2003~
AMT*B6*1600~
SVC*NU>0250*601*0**72~
DTM*472*20211227~
CAS*CO*97*601~
SVC*NU>0260*2030*0**3~
DTM*472*20211227~
CAS*CO*97*2030~
SVC*NU>0300*2153*0**6~
DTM*472*20211227~
CAS*CO*97*2153~
SVC*NU>0301*760*0**5~
DTM*472*20211227~
CAS*CO*97*760~
SVC*NU>0305*612*0**4~
DTM*472*20211227~
CAS*CO*97*612~
SVC*NU>0306*2941*0**3~
DTM*472*20211227~
CAS*CO*97*2941~
SVC*NU>0307*51*0**1~
DTM*472*20211227~
CAS*CO*97*51~
SVC*NU>0320*361*0**1~
DTM*472*20211227~
CAS*CO*97*361~
SVC*NU>0352*1578*0**1~
DTM*472*20211227~
CAS*CO*97*1578~
SVC*NU>0402*1132*0**1~
DTM*472*20211227~
CAS*CO*97*1132~
SVC*NU>0450*2940*0**1~
DTM*472*20211227~
CAS*CO*97*2940~
SVC*NU>0460*111*0**1~
DTM*472*20211227~
CAS*CO*97*111~
SVC*NU>0761*4484*0**15~
DTM*472*20211227~
CAS*CO*97*4484~
SVC*NU>0762*15366*0**39~
DTM*472*20211227~
CAS*CO*97*15366~
CLP*H315435206700*4*50292.89*0**HM*200140675*11*1**2632*1.5563~
NM1*QC*1*RUPLE*ALEXIS*M***MI*0006329821~
NM1*82*2*THE TOLEDO HOSPITAL*****XX*1407854771~
REF*CE*MEDICAID~
DTM*232*20211229~
DTM*233*20211231~
DTM*050*20220107~
SVC*NU>0206*5693*0**1~
DTM*472*20211229~
CAS*CO*185*5693~
LQ*HE*N767~
SVC*NU>0250*3060*0**50~
DTM*472*20211229~
CAS*CO*185*3060~
LQ*HE*N767~
SVC*NU>0255*168*0**100~
DTM*472*20211229~
CAS*CO*185*168~
LQ*HE*N767~
SVC*NU>0260*4110*0**11~
DTM*472*20211229~
CAS*CO*185*4110~
LQ*HE*N767~
SVC*NU>0270*568*0**1~
DTM*472*20211229~
CAS*CO*185*568~
LQ*HE*N767~
SVC*NU>0272*153.38*0**1~
DTM*472*20211229~
CAS*CO*185*153.38~
LQ*HE*N767~
SVC*NU>0278*483.51*0**1~
DTM*472*20211229~
CAS*CO*185*483.51~
LQ*HE*N767~
SVC*NU>0300*2170*0**8~
DTM*472*20211229~
CAS*CO*185*2170~
LQ*HE*N767~
SVC*NU>0301*1070*0**6~
DTM*472*20211229~
CAS*CO*185*1070~
LQ*HE*N767~
SVC*NU>0305*459*0**3~
DTM*472*20211229~
CAS*CO*185*459~
LQ*HE*N767~
SVC*NU>0307*220*0**2~
DTM*472*20211229~
CAS*CO*185*220~
LQ*HE*N767~
SVC*NU>0312*277*0**1~
DTM*472*20211229~
CAS*CO*185*277~
LQ*HE*N767~
SVC*NU>0350*1644*0**2~
DTM*472*20211229~
CAS*CO*185*1644~
LQ*HE*N767~
SVC*NU>0352*1941*0**1~
DTM*472*20211229~
CAS*CO*185*1941~
LQ*HE*N767~
SVC*NU>0360*18992*0**5~
DTM*472*20211229~
CAS*CO*185*18992~
LQ*HE*N767~
SVC*NU>0402*1132*0**1~
DTM*472*20211229~
CAS*CO*185*1132~
LQ*HE*N767~
SVC*NU>0450*2940*0**1~
DTM*472*20211229~
CAS*CO*185*2940~
LQ*HE*N767~
SVC*NU>0614*1907*0**1~
DTM*472*20211229~
CAS*CO*185*1907~
LQ*HE*N767~
SVC*NU>0710*1832*0**4~
DTM*472*20211229~
CAS*CO*185*1832~
LQ*HE*N767~
SVC*NU>0730*543*0**1~
DTM*472*20211229~
CAS*CO*185*543~
LQ*HE*N767~
SVC*NU>0761*930*0**3~
DTM*472*20211229~
CAS*CO*185*930~
LQ*HE*N767~
CLP*H315408684900*1*27018*2796.97**HM*200187572*11*1**5662~
NM1*QC*1*STUMP*DANIELLE*J***MI*0070405031~
NM1*82*2*THE TOLEDO HOSPITAL*****XX*1407854771~
REF*CE*MEDICAID~
DTM*232*20211219~
DTM*233*20211224~
DTM*050*20220110~
SVC*NU>0122*18015*2796.97**5~
DTM*472*20211219~
CAS*CO*45*15218.03~
AMT*B6*2796.97~
SVC*NU>0250*5362*0**70~
DTM*472*20211219~
CAS*CO*97*5362~
SVC*NU>0300*620*0**2~
DTM*472*20211219~
CAS*CO*97*620~
SVC*NU>0301*554*0**3~
DTM*472*20211219~
CAS*CO*97*554~
SVC*NU>0302*506*0**4~
DTM*472*20211219~
CAS*CO*97*506~
SVC*NU>0305*153*0**1~
DTM*472*20211219~
CAS*CO*97*153~
SVC*NU>0306*1126*0**7~
DTM*472*20211219~
CAS*CO*97*1126~
SVC*NU>0402*682*0**1~
DTM*472*20211219~
CAS*CO*97*682~
LX*2~
TS3*1407854771*13*20221231*41*290954.21~
CLP*H315294425600*1*999*117.73**HM*200109172*13*2~
NM1*QC*1*ALEXANDER*IAN*N***MI*1188915942~
NM1*82*2*THE TOLEDO HOSPITAL*****XX*1407854771~
REF*CE*MEDICAID~
DTM*232*20211202~
DTM*233*20211223~
DTM*050*20220106~
SVC*HC>36415*15*1.83*0300*1~
DTM*472*20211206~
CAS*CO*45*13.17~
REF*6R*PMXP0101434040-1~
AMT*B6*1.83~
SVC*HC>36415*15*1.83*0300*1~
DTM*472*20211213~
CAS*CO*45*13.17~
REF*6R*PMXP0101434040-2~
AMT*B6*1.83~
SVC*HC>80053*28*6.41*0300*1~
DTM*472*20211206~
CAS*CO*45*21.59~
REF*6R*PMXP0101434040-3~
AMT*B6*6.41~
SVC*HC>80053*28*6.41*0300*1~
DTM*472*20211213~
CAS*CO*45*21.59~
REF*6R*PMXP0101434040-4~
AMT*B6*6.41~
SVC*HC>85025*21*4.71*0305*1~
DTM*472*20211206~
CAS*CO*45*16.29~
REF*6R*PMXP0101434040-5~
AMT*B6*4.71~
SVC*HC>85025*21*4.71*0305*1~
DTM*472*20211213~
CAS*CO*45*16.29~
REF*6R*PMXP0101434040-6~
AMT*B6*4.71~
SVC*HC>97110>GP>PN>97*179*13.8*0421*1~
DTM*472*20211223~
CAS*CO*45*165.2~
REF*6R*PMXP0101434040-7~
AMT*B6*13.8~
SVC*HC>97112>GP>PN>97*203*20.46*0421*1~
DTM*472*20211223~
CAS*CO*45*182.54~
REF*6R*PMXP0101434040-8~
AMT*B6*20.46~
SVC*HC>97167>GO>97*489*57.57*0434*1~
DTM*472*20211202~
CAS*CO*45*431.43~
REF*6R*PMXP0101434040-9~
AMT*B6*57.57~
CLP*H315295286500*1*584*67.54**HM*200305554*13*1~
NM1*QC*1*AMOS*TAMMY*M***MI*0008811395~
NM1*82*2*THE TOLEDO HOSPITAL*****XX*1407854771~
REF*CE*MEDICAID~
DTM*232*20220107~
DTM*050*20220113~
SVC*HC>77063*58*14.08*0403*1~
DTM*472*20220107~
CAS*CO*45*43.92~
REF*6R*PMXP0101655645-1~
AMT*B6*14.08~
SVC*HC>77067*526*53.46*0403*1~
DTM*472*20220107~
CAS*CO*45*472.54~
REF*6R*PMXP0101655645-2~
AMT*B6*53.46~
CLP*H315429885200*1*1261*138.2**HM*200341821*13*1~
NM1*QC*1*ANDERSON*AMANDA*R***MI*0089238760~
NM1*82*2*THE TOLEDO HOSPITAL*****XX*1407854771~
REF*CE*MEDICAID~
DTM*232*20220110~
DTM*050*20220114~
SVC*HC>76805*608*66.14*0402*1~
DTM*472*20220110~
CAS*CO*45*541.86~
REF*6R*PMXP0101692748-1~
AMT*B6*66.14~
SVC*HC>76817*522*0*0402*1~
DTM*472*20220110~
CAS*CO*97*522~
REF*6R*PMXP0101692748-2~
LQ*HE*M15~
SVC*HC>G0463>TH>25*131*72.06*0761*1~
DTM*472*20220110~
CAS*CO*45*58.94~
REF*6R*PMXP0101692748-3~
AMT*B6*72.06~
CLP*H315460743800*1*1548*163.29**HM*200266664*13*1~
NM1*QC*1*BEZEAU*ADDILYNN-ROS****MI*1245808787~
NM1*82*2*THE TOLEDO HOSPITAL*****XX*1407854771~
REF*CE*MEDICAID~
DTM*232*20220108~
DTM*050*20220112~
SVC*HC>87426>QW*100*22.73*0300*1~
DTM*472*20220108~
CAS*CO*45*77.27~
REF*6R*PMXP0101618607-1~
AMT*B6*22.73~
SVC*HC>99283>25*1448*140.56*0450*1~
DTM*472*20220108~
CAS*CO*45*1307.44~
REF*6R*PMXP0101618607-2~
AMT*B6*140.56~
CLP*H315465368400*1*715*49.1**HM*200341808*13*1~
NM1*QC*1*BRIGHTON MACK-HENAG*JALIVIANNA****MI*0037256130~
NM1*74*1*BRIGHTON MACK-HENAG*JA'LIVIANNA****C*0037256130~
NM1*82*2*THE TOLEDO HOSPITAL*****XX*1407854771~
REF*CE*MEDICAID~
DTM*232*20220110~
DTM*050*20220114~
SVC*HC>73610>RT*715*49.1*0320*1~
DTM*472*20220110~
CAS*CO*45*665.9~
REF*6R*PMXP0101692163-1~
AMT*B6*49.1~
CLP*H315461702900*1*882*79.87**HM*200305509*13*1~
NM1*QC*1*BROOKS*BRAXTON*A***MI*1254175815~
NM1*82*2*THE TOLEDO HOSPITAL*****XX*1407854771~
REF*CE*MEDICAID~
DTM*232*20220109~
DTM*050*20220113~
SVC*HC>99282*882*79.87*0450*1~
DTM*472*20220109~
CAS*CO*45*802.13~
REF*6R*PMXP0101654953-1~
AMT*B6*79.87~
CLP*H315395824500*4*786*0**HM*200341804*13*1~
NM1*QC*1*BUTTS*JENNIFER*L***MI*0096029395~
NM1*82*2*THE TOLEDO HOSPITAL*****XX*1407854771~
REF*CE*MEDICAID~
DTM*232*20220110~
DTM*050*20220114~
SVC*HC>76816*786*0*0402*2~
DTM*472*20220110~
CAS*CO*185*786~
REF*6R*PMXP0101693218-1~
LQ*HE*N253~
CLP*H315459840800*1*876*66.14**HM*200266663*13*1~
NM1*QC*1*CHAMPION*OLIVIA*G***MI*1237053891~
NM1*82*2*THE TOLEDO HOSPITAL*****XX*1407854771~
REF*CE*MEDICAID~
DTM*232*20220107~
DTM*050*20220112~
SVC*HC>36415*15*0*0300*1~
DTM*472*20220107~
CAS*CO*97*15~
REF*6R*PMXP0101618546-1~
LQ*HE*M15~
SVC*HC>83615*57*0*0301*1~
DTM*472*20220107~
CAS*CO*97*57~
REF*6R*PMXP0101618546-2~
LQ*HE*M15~
SVC*HC>84075*20*0*0301*1~
DTM*472*20220107~
CAS*CO*97*20~
REF*6R*PMXP0101618546-3~
LQ*HE*M15~
SVC*HC>86038*47*0*0302*1~
DTM*472*20220107~
CAS*CO*97*47~
REF*6R*PMXP0101618546-4~
LQ*HE*M15~
SVC*HC>86140*18*0*0302*1~
DTM*472*20220107~
CAS*CO*97*18~
REF*6R*PMXP0101618546-5~
LQ*HE*M15~
SVC*HC>86431*22*0*0302*1~
DTM*472*20220107~
CAS*CO*97*22~
REF*6R*PMXP0101618546-6~
LQ*HE*M15~
SVC*HC>85025*21*0*0305*1~
DTM*472*20220107~
CAS*CO*97*21~
REF*6R*PMXP0101618546-7~
LQ*HE*M15~
SVC*HC>85652*10*0*0305*1~
DTM*472*20220107~
CAS*CO*97*10~
REF*6R*PMXP0101618546-8~
LQ*HE*M15~
SVC*HC>72072*666*66.14*0320*1~
DTM*472*20220107~
CAS*CO*45*599.86~
REF*6R*PMXP0101618546-9~
AMT*B6*66.14~
CLP*H315373783400*1*4333*372.61**HM*200074878*13*3~
NM1*QC*1*COSBY*KELLY*S***MI*1249979808~
NM1*82*2*THE TOLEDO HOSPITAL*****XX*1407854771~
REF*CE*MEDICAID~
DTM*232*20211206~
DTM*233*20211229~
DTM*050*20220105~
SVC*HC>97110>GP>97*358*27.6*0421*2~
DTM*472*20211206~
CAS*CO*45*330.4~
REF*6R*PMXP0101401323-1~
AMT*B6*27.6~
SVC*HC>97110>GP>97*179*13.8*0421*1~
DTM*472*20211208~
CAS*CO*45*165.2~
REF*6R*PMXP0101401323-2~
AMT*B6*13.8~
SVC*HC>97110>GP>97*358*27.6*0421*2~
DTM*472*20211213~
CAS*CO*45*330.4~
REF*6R*PMXP0101401323-3~
AMT*B6*27.6~
SVC*HC>97110>GP>97*358*27.6*0421*2~
DTM*472*20211215~
CAS*CO*45*330.4~
REF*6R*PMXP0101401323-4~
AMT*B6*27.6~
SVC*HC>97110>GP>97*179*13.8*0421*1~
DTM*472*20211220~
CAS*CO*45*165.2~
REF*6R*PMXP0101401323-5~
AMT*B6*13.8~
SVC*HC>97110>GP>97*358*27.6*0421*2~
DTM*472*20211222~
CAS*CO*45*330.4~
REF*6R*PMXP0101401323-6~
AMT*B6*27.6~
SVC*HC>97110>GP>97*358*27.6*0421*2~
DTM*472*20211227~
CAS*CO*45*330.4~
REF*6R*PMXP0101401323-7~
AMT*B6*27.6~
SVC*HC>97110>GP>97*358*27.6*0421*2~
DTM*472*20211229~
CAS*CO*45*330.4~
REF*6R*PMXP0101401323-8~
AMT*B6*27.6~
SVC*HC>97112>GP>97*203*20.46*0421*1~
DTM*472*20211206~
CAS*CO*45*182.54~
REF*6R*PMXP0101401323-9~
AMT*B6*20.46~
SVC*HC>97112>GP>97*406*36.19*0421*2~
DTM*472*20211208~
CAS*CO*45*369.81~
REF*6R*PMXP0101401323-10~
AMT*B6*36.19~
SVC*HC>97112>GP>97*203*20.46*0421*1~
DTM*472*20211213~
CAS*CO*45*182.54~
REF*6R*PMXP0101401323-11~
AMT*B6*20.46~
SVC*HC>97112>GP>97*203*20.46*0421*1~
DTM*472*20211215~
CAS*CO*45*182.54~
REF*6R*PMXP0101401323-12~
AMT*B6*20.46~
SVC*HC>97112>GP>97*203*20.46*0421*1~
DTM*472*20211220~
CAS*CO*45*182.54~
REF*6R*PMXP0101401323-13~
AMT*B6*20.46~
SVC*HC>97112>GP>97*203*20.46*0421*1~
DTM*472*20211222~
CAS*CO*45*182.54~
REF*6R*PMXP0101401323-14~
AMT*B6*20.46~
SVC*HC>97112>GP>97*203*20.46*0421*1~
DTM*472*20211227~
CAS*CO*45*182.54~
REF*6R*PMXP0101401323-15~
AMT*B6*20.46~
SVC*HC>97112>GP>97*203*20.46*0421*1~
DTM*472*20211229~
CAS*CO*45*182.54~
REF*6R*PMXP0101401323-16~
AMT*B6*20.46~
CLP*H315439318000*1*1912*201.26**HM*200347148*13*1~
NM1*QC*1*COULTER*ANTOINE****MI*1264197834~
NM1*82*2*THE TOLEDO HOSPITAL*****XX*1407854771~
REF*CE*MEDICAID~
DTM*232*20211231~
DTM*050*20220114~
SVC*HC>U0003*420*45.52*0300*1~
DTM*472*20211231~
CAS*CO*45*374.48~
REF*6R*PMXP0101693343-1~
AMT*B6*45.52~
SVC*HC>U0005*100*15.18*0300*1~
DTM*472*20211231~
CAS*CO*45*84.82~
REF*6R*PMXP0101693343-2~
AMT*B6*15.18~
SVC*HC>99283>25>CS*1392*140.56*0450*1~
DTM*472*20211231~
CAS*CO*45*1251.44~
REF*6R*PMXP0101693343-3~
AMT*B6*140.56~
CLP*H315403370300*4*5065*0**HM*199998834*13*1~
NM1*QC*1*COY*JASMINE*M***MI*1145916137~
NM1*82*2*THE TOLEDO HOSPITAL*****XX*1407854771~
REF*CE*MEDICAID~
DTM*232*20211228~
DTM*050*20220103~
SVC*HC>93306*5065*0*0483*1~
DTM*472*20211228~
CAS*CO*197*5065~
REF*6R*PMXP0101314725-1~
CLP*H315163703603*2*656*49.1**HM*200341812*13*1~
NM1*QC*1*DURDEL*LEAH****MI*1115414546~
NM1*82*2*THE TOLEDO HOSPITAL*****XX*1407854771~
REF*CE*MEDICAID~
DTM*232*20210825~
DTM*050*20220114~
SVC*HC>76642>LT*656*49.1*0402*1~
DTM*472*20210825~
CAS*OA*23*606.9~
REF*6R*PMXP0101693400-1~
CLP*H315298988900*1*141142.57*19929.92**HM*199907357*13*1~
NM1*QC*1*DUVALL*TERRI****MI*0025485229~
NM1*82*2*THE TOLEDO HOSPITAL*****XX*1407854771~
REF*CE*MEDICAID~
DTM*232*20211222~
DTM*233*20211223~
DTM*050*20211229~
SVC*NU>0250*136*0**9~
DTM*472*20211222~
CAS*CO*97*136~
SVC*NU>0250*1*0**1~
DTM*472*20211223~
CAS*CO*97*1~
SVC*NU>0255*88*0**50~
DTM*472*20211222~
CAS*CO*97*88~
SVC*NU>0272*450*0**1~
DTM*472*20211222~
CAS*CO*97*450~
SVC*HC>C1751>Q1*318.75*0*0272*1~
DTM*472*20211222~
CAS*CO*97*318.75~
REF*6R*PMXP0101201722-5~
SVC*HC>C1769>Q1*1137.19*0*0272*5~
DTM*472*20211222~
CAS*CO*97*1137.19~
REF*6R*PMXP0101201722-6~
SVC*HC>C1892>Q1*101.25*0*0272*1~
DTM*472*20211222~
CAS*CO*97*101.25~
REF*6R*PMXP0101201722-7~
SVC*HC>C1893>Q1*1575*0*0272*3~
DTM*472*20211222~
CAS*CO*97*1575~
REF*6R*PMXP0101201722-8~
SVC*HC>C1894>Q1*1507.5*0*0272*2~
DTM*472*20211222~
CAS*CO*97*1507.5~
REF*6R*PMXP0101201722-9~
SVC*HC>C1721>Q1*36375*0*0275*1~
DTM*472*20211222~
CAS*CO*97*36375~
REF*6R*PMXP0101201722-10~
LQ*HE*M15~
SVC*HC>C1777>Q1*7875*0*0275*1~
DTM*472*20211222~
CAS*CO*97*7875~
REF*6R*PMXP0101201722-11~
LQ*HE*M15~
SVC*HC>C1898>Q1*1019.25*0*0275*1~
DTM*472*20211222~
CAS*CO*97*1019.25~
REF*6R*PMXP0101201722-12~
LQ*HE*M15~
SVC*HC>C1900>Q1*5099.63*0*0275*1~
DTM*472*20211222~
CAS*CO*97*5099.63~
REF*6R*PMXP0101201722-13~
LQ*HE*M15~
SVC*HC>71045>Q1*361*0*0320*1~
DTM*472*20211222~
CAS*CO*97*361~
REF*6R*PMXP0101201722-14~
LQ*HE*M15~
SVC*HC>71046>Q1*534*0*0320*1~
DTM*472*20211223~
CAS*CO*97*534~
REF*6R*PMXP0101201722-15~
LQ*HE*M15~
SVC*HC>99152>Q1*455*0*0370*1~
DTM*472*20211222~
CAS*CO*97*455~
REF*6R*PMXP0101201722-16~
SVC*HC>99153>Q1*870*0*0370*10~
DTM*472*20211222~
CAS*CO*97*870~
REF*6R*PMXP0101201722-17~
SVC*HC>33225>Q1*9685*0*0481*1~
DTM*472*20211222~
CAS*CO*97*9685~
REF*6R*PMXP0101201722-18~
LQ*HE*M15~
SVC*HC>33249>Q1*43156*19929.92*0481*1~
DTM*472*20211222~
CAS*CO*45*23226.08~
REF*6R*PMXP0101201722-19~
AMT*B6*19929.92~
SVC*NU>0710*29312*0**64~
DTM*472*20211222~
CAS*CO*97*29312~
SVC*HC>93005>59>Q1*543*0*0730*1~
DTM*472*20211222~
CAS*CO*97*543~
REF*6R*PMXP0101201722-21~
LQ*HE*M15~
SVC*HC>93005>59>Q1*543*0*0730*1~
DTM*472*20211223~
CAS*CO*97*543~
REF*6R*PMXP0101201722-22~
LQ*HE*M15~
CLP*H315410839300*1*3292*293.07**HM*199998829*13*1~
NM1*QC*1*EADS*JAMES*A***MI*0020918731~
NM1*82*2*THE TOLEDO HOSPITAL*****XX*1407854771~
REF*CE*MEDICAID~
DTM*232*20211229~
DTM*050*20220103~
SVC*HC>93304*2749*293.07*0483*1~
DTM*472*20211229~
CAS*CO*45*2455.93~
REF*6R*PMXP0101315629-1~
AMT*B6*293.07~
SVC*HC>93005>59*543*0*0730*1~
DTM*472*20211229~
CAS*CO*97*543~
REF*6R*PMXP0101315629-2~
LQ*HE*M15~
CLP*QMC178982*4*2678*0**HM*200266665*13*1~
NM1*QC*1*FLORES*RICARDO****MI*0006155155~
NM1*82*2*THE TOLEDO HOSPITAL*****XX*1407854771~
REF*CE*MEDICAID~
DTM*232*20211114~
DTM*050*20220112~
SVC*HC>A0426>HH>QN*2678*0*0540*1~
DTM*472*20211114~
CAS*CO*18*2678~
REF*6R*1006~
CLP*H315359189802*22*-1809*0**HM*199869377*13*7~
NM1*QC*1*GIST*NYSTALIA*R***MI*1142768219~
NM1*82*2*THE TOLEDO HOSPITAL*****XX*1407854771~
REF*CE*MEDICAID~
DTM*232*20211126~
DTM*050*20211228~
SVC*NU>0250*-1*0**2~
DTM*472*20211126~
CAS*CO*97*-1~
LQ*HE*N377~
SVC*HC>12001*-960*0*0361*1~
DTM*472*20211126~
CAS*CO*185*-960~
REF*6R*PMXP0101175578-2~
LQ*HE*N377~
SVC*HC>99282>25*-848*0*0450*1~
DTM*472*20211126~
CAS*CO*185*-848~
REF*6R*PMXP0101175578-3~
LQ*HE*N377~
CLP*H315359189802*1*1809*79.87**HM*200248331*13*7~
NM1*QC*1*GIST*NYSTALIA*R***MI*1142768219~
NM1*82*2*THE TOLEDO HOSPITAL*****XX*1407854771~
REF*CE*MEDICAID~
DTM*232*20211126~
DTM*050*20220111~
SVC*NU>0250*1*0**2~
DTM*472*20211126~
CAS*CO*97*1~
SVC*HC>12001*960*0*0361*1~
DTM*472*20211126~
CAS*CO*97*960~
REF*6R*PMXP0101591748-2~
LQ*HE*M15~
SVC*HC>99282>25*848*79.87*0450*1~
DTM*472*20211126~
CAS*CO*45*768.13~
REF*6R*PMXP0101591748-3~
AMT*B6*79.87~
CLP*H315263952301*2*690*0**HM*200305502*13*3~
NM1*QC*1*GOLEMBIEWSKI*JOANN****MI*0010992083~
NM1*82*2*THE TOLEDO HOSPITAL*****XX*1407854771~
REF*CE*MEDICAID~
DTM*232*20211206~
DTM*233*20211220~
DTM*050*20220113~
SVC*HC>G0239*138*0*0410*1~
DTM*472*20211206~
CAS*OA*23*138~
REF*6R*PMXP0101655869-1~
SVC*HC>G0239*138*0*0410*1~
DTM*472*20211210~
CAS*OA*23*138~
REF*6R*PMXP0101655869-2~
SVC*HC>G0239*138*0*0410*1~
DTM*472*20211213~
CAS*OA*23*138~
REF*6R*PMXP0101655869-3~
SVC*HC>G0239*138*0*0410*1~
DTM*472*20211217~
CAS*OA*23*138~
REF*6R*PMXP0101655869-4~
SVC*HC>G0239*138*0*0410*1~
DTM*472*20211220~
CAS*OA*23*138~
REF*6R*PMXP0101655869-5~
CLP*H315460163900*1*4064*140.56**HM*200305533*13*1~
NM1*QC*1*GRIFFIN*DEONTAE****MI*1236186454~
NM1*82*2*THE TOLEDO HOSPITAL*****XX*1407854771~
REF*CE*MEDICAID~
DTM*232*20220107~
DTM*050*20220113~
SVC*NU>0250*4*0**2~
DTM*472*20220107~
CAS*CO*97*4~
SVC*HC>0202U*2551*0*0306*1~
DTM*472*20220107~
CAS*CO*204*2551~
REF*6R*PMXP0101655462-2~
SVC*HC>87880>QW*61*0*0306*1~
DTM*472*20220107~
CAS*CO*97*61~
REF*6R*PMXP0101655462-3~
LQ*HE*M15~
SVC*HC>99283>25*1448*140.56*0450*1~
DTM*472*20220107~
CAS*CO*45*1307.44~
REF*6R*PMXP0101655462-4~
AMT*B6*140.56~
CLP*QMC2151719*4*32880*0**HM*200266667*13*1~
NM1*QC*1*HOLBROOK*CAMERON****MI*0005790489~
NM1*82*2*THE TOLEDO HOSPITAL*****XX*1407854771~
REF*CE*MEDICAID~
DTM*232*20211212~
DTM*050*20220112~
SVC*HC>A0431>HH>QN*25200*0*0540*1~
DTM*472*20211212~
CAS*CO*197*25200~
REF*6R*1001~
LQ*HE*N253~
SVC*HC>A0436>HH>QN*7680*0*0540*30~
DTM*472*20211212~
CAS*CO*45*7680~
REF*6R*1002~
LQ*HE*N253~
CLP*H315460552700*1*325*49.92**HM*200266673*13*1~
NM1*QC*1*KLINE*KURSTIN*M***MI*0099413229~
NM1*82*2*THE TOLEDO HOSPITAL*****XX*1407854771~
REF*CE*MEDICAID~
DTM*232*20220108~
DTM*050*20220112~
SVC*HC>36415*15*1.83*0300*1~
DTM*472*20220108~
CAS*CO*45*13.17~
REF*6R*PMXP0101617953-1~
AMT*B6*1.83~
SVC*HC>82607*59*9.15*0301*1~
DTM*472*20220108~
CAS*CO*45*49.85~
REF*6R*PMXP0101617953-2~
AMT*B6*9.15~
SVC*HC>82728*53*8.27*0301*1~
DTM*472*20220108~
CAS*CO*45*44.73~
REF*6R*PMXP0101617953-3~
AMT*B6*8.27~
SVC*HC>82950*18*2.89*0301*1~
DTM*472*20220108~
CAS*CO*45*15.11~
REF*6R*PMXP0101617953-4~
AMT*B6*2.89~
SVC*HC>83540*26*3.93*0301*1~
DTM*472*20220108~
CAS*CO*45*22.07~
REF*6R*PMXP0101617953-5~
AMT*B6*3.93~
SVC*HC>83550*39*5.3*0301*1~
DTM*472*20220108~
CAS*CO*45*33.7~
REF*6R*PMXP0101617953-6~
AMT*B6*5.3~
SVC*HC>85027*15*3.93*0305*1~
DTM*472*20220108~
CAS*CO*45*11.07~
REF*6R*PMXP0101617953-7~
AMT*B6*3.93~
SVC*HC>87389*100*14.62*0306*1~
DTM*472*20220108~
CAS*CO*45*85.38~
REF*6R*PMXP0101617953-8~
AMT*B6*14.62~
CLP*H315461946700*1*1649*140.56**HM*200305505*13*1~
NM1*QC*1*MCCLAIN*ALEXIS****MI*1043913705~
NM1*82*2*THE TOLEDO HOSPITAL*****XX*1407854771~
REF*CE*MEDICAID~
DTM*232*20220109~
DTM*050*20220113~
SVC*NU>0250*1*0**2~
DTM*472*20220109~
CAS*CO*97*1~
SVC*HC>87086*200*0*0300*1~
DTM*472*20220109~
CAS*CO*97*200~
REF*6R*PMXP0101655087-2~
LQ*HE*M15~
SVC*HC>99283>25*1448*140.56*0450*1~
DTM*472*20220109~
CAS*CO*45*1307.44~
REF*6R*PMXP0101655087-3~
AMT*B6*140.56~
CLP*H315455719000*1*979*66.14**HM*200198446*13*1~
NM1*QC*1*MITCHELL*RICHARD*K***MI*0018225472~
NM1*82*2*THE TOLEDO HOSPITAL*****XX*1407854771~
REF*CE*MEDICAID~
DTM*232*20220106~
DTM*050*20220110~
SVC*HC>72120*979*66.14*0320*1~
DTM*472*20220106~
CAS*CO*45*912.86~
REF*6R*PMXP0101560969-1~
AMT*B6*66.14~
CLP*H315430391301*1*4878*286.9**HM*200109173*13*1~
NM1*QC*1*MONTGOMERY*KAYLEE****MI*0021944145~
NM1*82*2*THE TOLEDO HOSPITAL*****XX*1407854771~
REF*CE*MEDICAID~
DTM*232*20211228~
DTM*050*20220106~
SVC*NU>0250*6*0**2~
DTM*472*20211228~
CAS*CO*97*6~
SVC*HC>36415*26*0*0300*1~
DTM*472*20211228~
CAS*CO*97*26~
REF*6R*PMXP0101433985-2~
LQ*HE*M15~
SVC*HC>84702*348*0*0301*1~
DTM*472*20211228~
CAS*CO*97*348~
REF*6R*PMXP0101433985-3~
LQ*HE*M15~
SVC*HC>81003>QW*51*0*0307*1~
DTM*472*20211228~
CAS*CO*97*51~
REF*6R*PMXP0101433985-4~
LQ*HE*M15~
SVC*HC>81025*169*0*0307*1~
DTM*472*20211228~
CAS*CO*97*169~
REF*6R*PMXP0101433985-5~
LQ*HE*M15~
SVC*HC>72072*634*0*0320*1~
DTM*472*20211228~
CAS*CO*97*634~
REF*6R*PMXP0101433985-6~
LQ*HE*M15~
SVC*HC>76801*664*66.14*0402*1~
DTM*472*20211228~
CAS*CO*45*597.86~
REF*6R*PMXP0101433985-7~
AMT*B6*66.14~
SVC*HC>76817*497*0*0402*1~
DTM*472*20211228~
CAS*CO*97*497~
REF*6R*PMXP0101433985-8~
LQ*HE*M15~
SVC*HC>99284>25*2483*220.76*0450*1~
DTM*472*20211228~
CAS*CO*45*2262.24~
REF*6R*PMXP0101433985-9~
AMT*B6*220.76~
CLP*H315439740300*1*889*79.87**HM*200266659*13*1~
NM1*QC*1*NACHTRAB*BENJAMIN*E***MI*1055835450~
NM1*74*1*NACHTRAB*BEN*E***C*1055835450~
NM1*82*2*THE TOLEDO HOSPITAL*****XX*1407854771~
REF*CE*MEDICAID~
DTM*232*20220101~
DTM*050*20220112~
SVC*NU>0250*7*0**4~
DTM*472*20220101~
CAS*CO*97*7~
SVC*HC>99282>25*882*79.87*0450*1~
DTM*472*20220101~
CAS*CO*45*802.13~
REF*6R*PMXP0101617515-2~
AMT*B6*79.87~
CLP*H315447032100*1*1957*144.86**HM*200341825*13*1~
NM1*QC*1*NOLL*BRITTANY****MI*1148423450~
NM1*82*2*THE TOLEDO HOSPITAL*****XX*1407854771~
REF*CE*MEDICAID~
DTM*232*20220110~
DTM*050*20220114~
SVC*HC>77066*615*64.64*0401*1~
DTM*472*20220110~
CAS*CO*45*550.36~
REF*6R*PMXP0101693433-1~
AMT*B6*64.64~
SVC*HC>G0279*58*14.08*0401*1~
DTM*472*20220110~
CAS*CO*45*43.92~
REF*6R*PMXP0101693433-2~
AMT*B6*14.08~
SVC*HC>76642>RT*689*0*0402*1~
DTM*472*20220110~
CAS*CO*97*689~
REF*6R*PMXP0101693433-3~
LQ*HE*M15~
SVC*HC>76882>LT*595*66.14*0402*1~
DTM*472*20220110~
CAS*CO*45*528.86~
REF*6R*PMXP0101693433-4~
AMT*B6*66.14~
CLP*H315465874500*1*666*49.1**HM*200341791*13*1~
NM1*QC*1*RUBIO*KAYDEN****MI*1081548796~
NM1*82*2*THE TOLEDO HOSPITAL*****XX*1407854771~
REF*CE*MEDICAID~
DTM*232*20220110~
DTM*050*20220114~
SVC*HC>73562>RT*666*49.1*0320*1~
DTM*472*20220110~
CAS*CO*45*616.9~
REF*6R*PMXP0101691818-1~
AMT*B6*49.1~
CLP*H315292295701*2*43882*0**HM*199967180*13*2~
NM1*QC*1*SINCLAIR*ROSEMARY*L***MI*0038138501~
NM1*82*2*THE TOLEDO HOSPITAL*****XX*1407854771~
REF*CE*MEDICAID~
DTM*232*20211102~
DTM*233*20211130~
DTM*050*20211231~
SVC*HC>86803*299*0*0302*1~
DTM*472*20211104~
CAS*OA*23*299~
REF*6R*PMXP0101286803-1~
SVC*HC>J0604>AX>JG*64*0*0636*1800~
DTM*472*20211127~
CAS*OA*23*64~
REF*6R*PMXP0101286803-2~
SVC*HC>J0882>JG>JA*1364*0*0636*60~
DTM*472*20211106~
CAS*OA*23*1364~
REF*6R*PMXP0101286803-3~
SVC*HC>J0882>JG>JA*1364*0*0636*60~
DTM*472*20211113~
CAS*OA*23*1364~
REF*6R*PMXP0101286803-4~
SVC*HC>J0882>JG>JA*1364*0*0636*60~
DTM*472*20211120~
CAS*OA*23*1364~
REF*6R*PMXP0101286803-5~
SVC*HC>J0882>JG>JA*1364*0*0636*60~
DTM*472*20211127~
CAS*OA*23*1364~
REF*6R*PMXP0101286803-6~
SVC*HC>J1756>JG*497*0*0636*200~
DTM*472*20211106~
CAS*OA*23*497~
REF*6R*PMXP0101286803-7~
SVC*HC>J1756>JG*497*0*0636*200~
DTM*472*20211113~
CAS*OA*23*497~
REF*6R*PMXP0101286803-8~
SVC*HC>J1756>JG*497*0*0636*200~
DTM*472*20211120~
CAS*OA*23*497~
REF*6R*PMXP0101286803-9~
SVC*HC>J1756>JG*497*0*0636*200~
DTM*472*20211127~
CAS*OA*23*497~
REF*6R*PMXP0101286803-10~
SVC*HC>90999>G3>V7*2775*0*0821*1~
DTM*472*20211102~
CAS*OA*23*2775~
REF*6R*PMXP0101286803-11~
SVC*HC>90999>G3>V7*2775*0*0821*1~
DTM*472*20211106~
CAS*OA*23*2775~
REF*6R*PMXP0101286803-12~
SVC*HC>90999>G3>V7*2775*0*0821*1~
DTM*472*20211109~
CAS*OA*23*2775~
REF*6R*PMXP0101286803-13~
SVC*HC>90999>G3>V7*2775*0*0821*1~
DTM*472*20211113~
CAS*OA*23*2775~
REF*6R*PMXP0101286803-14~
SVC*HC>90999>G3>V7*2775*0*0821*1~
DTM*472*20211123~
CAS*OA*23*2775~
REF*6R*PMXP0101286803-15~
SVC*HC>90999>V7>G1*2775*0*0821*1~
DTM*472*20211120~
CAS*OA*23*2775~
REF*6R*PMXP0101286803-16~
SVC*HC>90999>V7>G3*2775*0*0821*1~
DTM*472*20211104~
CAS*OA*23*2775~
REF*6R*PMXP0101286803-17~
SVC*HC>90999>V7>G3*2775*0*0821*1~
DTM*472*20211116~
CAS*OA*23*2775~
REF*6R*PMXP0101286803-18~
SVC*HC>90999>V7>G3*2775*0*0821*1~
DTM*472*20211118~
CAS*OA*23*2775~
REF*6R*PMXP0101286803-19~
SVC*HC>90999>V7>G3*2775*0*0821*1~
DTM*472*20211125~
CAS*OA*23*2775~
REF*6R*PMXP0101286803-20~
SVC*HC>90999>V7>G3*2775*0*0821*1~
DTM*472*20211127~
CAS*OA*23*2775~
REF*6R*PMXP0101286803-21~
SVC*HC>90999>V7>G3*2775*0*0821*1~
DTM*472*20211130~
CAS*OA*23*2775~
REF*6R*PMXP0101286803-22~
SVC*HC>90999>V7>G4*2775*0*0821*1~
DTM*472*20211111~
CAS*OA*23*2775~
REF*6R*PMXP0101286803-23~
CLP*H315361414300*1*1775*161.08**HM*200034673*13*3~
NM1*QC*1*SMITH*MALACHI****MI*1250301556~
NM1*82*2*THE TOLEDO HOSPITAL*****XX*1407854771~
REF*CE*MEDICAID~
DTM*232*20211206~
DTM*233*20211220~
DTM*050*20220104~
SVC*HC>97112>GP>97*406*31.46*0421*2~
DTM*472*20211206~
CAS*CO*45*374.54~
REF*6R*PMXP0101359322-1~
AMT*B6*31.46~
SVC*HC>97112>GP>97*609*51.92*0421*3~
DTM*472*20211220~
CAS*CO*45*557.08~
REF*6R*PMXP0101359322-2~
AMT*B6*51.92~
SVC*HC>97530>GP>97*190*22.65*0421*1~
DTM*472*20211206~
CAS*CO*45*167.35~
REF*6R*PMXP0101359322-3~
AMT*B6*22.65~
SVC*HC>97530>GO>97*570*55.05*0431*3~
DTM*472*20211208~
CAS*CO*45*514.95~
REF*6R*PMXP0101359322-4~
AMT*B6*55.05~
CLP*H315450320000*1*2483*140.56**HM*200248332*13*1~
NM1*QC*1*SMITH*WESTON*J***MI*1262642834~
NM1*82*2*THE TOLEDO HOSPITAL*****XX*1407854771~
REF*CE*MEDICAID~
DTM*232*20220105~
DTM*050*20220111~
SVC*HC>0241U*1035*0*0306*1~
DTM*472*20220105~
CAS*CO*204*1035~
REF*6R*PMXP0101586295-1~
SVC*HC>99283>25*1448*140.56*0450*1~
DTM*472*20220105~
CAS*CO*45*1307.44~
REF*6R*PMXP0101586295-2~
AMT*B6*140.56~
CLP*H315447339400*1*5858*417.64**HM*200341787*13*1~
NM1*QC*1*STANLEY*JENNIFER*A***MI*0057302988~
NM1*82*2*THE TOLEDO HOSPITAL*****XX*1407854771~
REF*CE*MEDICAID~
DTM*232*20220104~
DTM*050*20220114~
SVC*NU>0250*5*0**6~
DTM*472*20220104~
CAS*CO*97*5~
SVC*HC>96361*278*24.28*0260*1~
DTM*472*20220104~
CAS*CO*45*253.72~
REF*6R*PMXP0101693236-2~
AMT*B6*24.28~
SVC*HC>80053*432*0*0300*1~
DTM*472*20220104~
CAS*CO*97*432~
REF*6R*PMXP0101693236-3~
LQ*HE*M15~
SVC*HC>83690*201*0*0301*1~
DTM*472*20220104~
CAS*CO*97*201~
REF*6R*PMXP0101693236-4~
LQ*HE*M15~
SVC*HC>84484*288*0*0301*1~
DTM*472*20220104~
CAS*CO*97*288~
REF*6R*PMXP0101693236-5~
LQ*HE*M15~
SVC*HC>85025*156*0*0305*1~
DTM*472*20220104~
CAS*CO*97*156~
REF*6R*PMXP0101693236-6~
LQ*HE*M15~
SVC*HC>71045*379*49.1*0320*1~
DTM*472*20220104~
CAS*CO*45*329.9~
REF*6R*PMXP0101693236-7~
AMT*B6*49.1~
SVC*HC>99284>25*2582*220.76*0450*1~
DTM*472*20220104~
CAS*CO*45*2361.24~
REF*6R*PMXP0101693236-8~
AMT*B6*220.76~
SVC*HC>93005>59*543*0*0730*1~
DTM*472*20220104~
CAS*CO*97*543~
REF*6R*PMXP0101693236-9~
LQ*HE*M15~
SVC*HC>96374*994*123.5*0761*1~
DTM*472*20220104~
CAS*CO*45*870.5~
REF*6R*PMXP0101693236-10~
AMT*B6*123.5~
CLP*H315447370700*1*2472*201.26**HM*200266672*13*1~
NM1*QC*1*STUART*TALON*R***MI*1204054651~
NM1*82*2*THE TOLEDO HOSPITAL*****XX*1407854771~
REF*CE*MEDICAID~
DTM*232*20220104~
DTM*050*20220112~
SVC*NU>0250*1*0**1~
DTM*472*20220104~
CAS*CO*97*1~
SVC*HC>80048*347*0*0300*1~
DTM*472*20220104~
CAS*CO*97*347~
REF*6R*PMXP0101618469-2~
LQ*HE*M15~
SVC*HC>U0003*420*45.52*0300*1~
DTM*472*20220104~
CAS*CO*45*374.48~
REF*6R*PMXP0101618469-3~
AMT*B6*45.52~
SVC*HC>U0005*100*15.18*0300*1~
DTM*472*20220104~
CAS*CO*45*84.82~
REF*6R*PMXP0101618469-4~
AMT*B6*15.18~
SVC*HC>85025*156*0*0305*1~
DTM*472*20220104~
CAS*CO*97*156~
REF*6R*PMXP0101618469-5~
LQ*HE*M15~
SVC*HC>99283>25>CS*1448*140.56*0450*1~
DTM*472*20220104~
CAS*CO*45*1307.44~
REF*6R*PMXP0101618469-6~
AMT*B6*140.56~
CLP*H315426928900*1*840*191.62**HM*200305540*13*1~
NM1*QC*1*TEACHOUT*AMBER*N***MI*0071273151~
NM1*82*2*THE TOLEDO HOSPITAL*****XX*1407854771~
REF*CE*MEDICAID~
DTM*232*20211227~
DTM*050*20220113~
SVC*HC>36415*15*1.83*0300*1~
DTM*472*20211227~
CAS*CO*45*13.17~
REF*6R*PMXP0101655365-1~
AMT*B6*1.83~
SVC*HC>87086*22*4.9*0300*1~
DTM*472*20211227~
CAS*CO*45*17.1~
REF*6R*PMXP0101655365-2~
AMT*B6*4.9~
SVC*HC>87624*81*21.3*0300*1~
DTM*472*20211227~
CAS*CO*45*59.7~
REF*6R*PMXP0101655365-3~
AMT*B6*21.3~
SVC*HC>84439*24*5.48*0301*1~
DTM*472*20211227~
CAS*CO*45*18.52~
REF*6R*PMXP0101655365-4~
AMT*B6*5.48~
SVC*HC>84443*41*10.2*0301*1~
DTM*472*20211227~
CAS*CO*45*30.8~
REF*6R*PMXP0101655365-5~
AMT*B6*10.2~
SVC*HC>86780*52*8.04*0302*1~
DTM*472*20211227~
CAS*CO*45*43.96~
REF*6R*PMXP0101655365-6~
AMT*B6*8.04~
SVC*HC>86803*52*8.66*0302*1~
DTM*472*20211227~
CAS*CO*45*43.34~
REF*6R*PMXP0101655365-7~
AMT*B6*8.66~
SVC*HC>87389*100*14.62*0306*1~
DTM*472*20211227~
CAS*CO*45*85.38~
REF*6R*PMXP0101655365-8~
AMT*B6*14.62~
SVC*HC>87491*139*21.3*0306*1~
DTM*472*20211227~
CAS*CO*45*117.7~
REF*6R*PMXP0101655365-9~
AMT*B6*21.3~
SVC*HC>87591*139*21.3*0306*1~
DTM*472*20211227~
CAS*CO*45*117.7~
REF*6R*PMXP0101655365-10~
AMT*B6*21.3~
SVC*HC>81001*45*1.93*0307*1~
DTM*472*20211227~
CAS*CO*45*43.07~
REF*6R*PMXP0101655365-11~
AMT*B6*1.93~
SVC*HC>99395*130*72.06*0761*1~
DTM*472*20211227~
CAS*CO*45*57.94~
REF*6R*PMXP0101655365-12~
AMT*B6*72.06~
CLP*H315131739500*22*-17071.13*-2303.37**HM*196050843*13*1~
NM1*QC*1*VENNEVY*DACOTA*B***MI*0092512403~
NM1*82*2*THE TOLEDO HOSPITAL*****XX*1407854771~
REF*CE*MEDICAID~
DTM*232*20210823~
DTM*050*20210827~
SVC*NU>0250*-248*0**14~
DTM*472*20210823~
CAS*CO*97*-248~
SVC*NU>0272*-223.13*0**1~
DTM*472*20210823~
CAS*CO*97*-223.13~
SVC*HC>81025*-169*0*0307*1~
DTM*472*20210823~
CAS*CO*97*-169~
REF*6R*PMXP0097565087-3~
LQ*HE*M15~
SVC*HC>52287*-8837*-1088.17*0360*1~
DTM*472*20210823~
CAS*CO*45*-8837**59*1088.17~
REF*6R*PMXP0097565087-4~
SVC*HC>J0585*-6220*-1215.2*0636*200~
DTM*472*20210823~
CAS*CO*45*-5004.8~
REF*6R*PMXP0097565087-5~
SVC*NU>0710*-1374*0**3~
DTM*472*20210823~
CAS*CO*97*-1374~
CLP*H315131739500*1*18159.3*1812.17**HM*200257259*13*1~
NM1*QC*1*VENNEVY*DACOTA*B***MI*0092512403~
NM1*82*2*THE TOLEDO HOSPITAL*****XX*1407854771~
REF*CE*MEDICAID~
DTM*232*20210823~
DTM*050*20220112~
SVC*NU>0250*248*0**14~
DTM*472*20210823~
CAS*CO*97*248~
SVC*NU>0272*223.13*0**1~
DTM*472*20210823~
CAS*CO*97*223.13~
SVC*HC>81025*169*0*0307*1~
DTM*472*20210823~
CAS*CO*97*169~
REF*6R*PMXP0097565087-3~
LQ*HE*M15~
SVC*HC>52287*9925.17*1088.17*0360*1~
DTM*472*20210823~
CAS*CO*45*8837~
REF*6R*PMXP0097565087-4~
AMT*B6*1088.17~
SVC*HC>J0585*6220*724*0636*200~
DTM*472*20210823~
CAS*CO*45*5496~
REF*6R*PMXP0097565087-5~
AMT*B6*.01~
SVC*NU>0710*1374*0**3~
DTM*472*20210823~
CAS*CO*97*1374~
CLP*H315380666000*4*180*0**HM*200266669*13*1~
NM1*QC*1*VOLZ*MISTY****MI*0030813250~
NM1*82*2*THE TOLEDO HOSPITAL*****XX*1407854771~
REF*CE*MEDICAID~
DTM*232*20220105~
DTM*050*20220112~
SVC*HC>97803*180*0*0942*2~
DTM*472*20220105~
CAS*CO*119*180~
REF*6R*PMXP0101617684-1~
LQ*HE*N253~
CLP*H315274509602*2*11092.44*0**HM*200034686*13*2~
NM1*QC*1*VOZOBULE*JULIE****MI*0017056310~
NM1*82*2*THE TOLEDO HOSPITAL*****XX*1407854771~
REF*CE*MEDICAID~
DTM*232*20211101~
DTM*050*20220104~
SVC*NU>0250*10.44*0**2~
DTM*472*20211101~
CAS*OA*23*10.44~
SVC*HC>78452>PN>MH*7788*0*0341*1~
DTM*472*20211101~
CAS*OA*23*7788~
REF*6R*PMXP0101359686-2~
SVC*HC>A9500>PN*520*0*0343*2~
DTM*472*20211101~
CAS*OA*23*520~
REF*6R*PMXP0101359686-3~
SVC*HC>Q9969>PN*2*0*0343*2~
DTM*472*20211101~
CAS*OA*23*2~
REF*6R*PMXP0101359686-4~
SVC*HC>93017>PN*1239*0*0482*1~
DTM*472*20211101~
CAS*OA*23*1239~
REF*6R*PMXP0101359686-5~
SVC*HC>J2785>PN*1533*0*0636*4~
DTM*472*20211101~
CAS*OA*23*1533~
REF*6R*PMXP0101359686-6~
CLP*H315435032400*1*1153*75.98**HM*200341806*13*1~
NM1*QC*1*WEAVER*AMANDA*M***MI*0022086310~
NM1*82*2*THE TOLEDO HOSPITAL*****XX*1407854771~
REF*CE*MEDICAID~
DTM*232*20211229~
DTM*050*20220114~
SVC*HC>36415*15*0*0300*1~
DTM*472*20211229~
CAS*CO*97*15~
REF*6R*PMXP0101693014-1~
LQ*HE*M15~
SVC*HC>80074*180*0*0301*1~
DTM*472*20211229~
CAS*CO*97*180~
REF*6R*PMXP0101693014-2~
LQ*HE*M15~
SVC*HC>86762*56*0*0302*1~
DTM*472*20211229~
CAS*CO*97*56~
REF*6R*PMXP0101693014-3~
LQ*HE*M15~
SVC*HC>86780*52*8.04*0302*1~
DTM*472*20211229~
CAS*CO*45*43.96~
REF*6R*PMXP0101693014-4~
AMT*B6*8.04~
SVC*HC>86850*179*0*0302*1~
DTM*472*20211229~
CAS*CO*97*179~
REF*6R*PMXP0101693014-5~
LQ*HE*M15~
SVC*HC>86900*77*67.94*0302*1~
DTM*472*20211229~
CAS*CO*45*9.06~
REF*6R*PMXP0101693014-6~
AMT*B6*67.94~
SVC*HC>86901*111*0*0302*1~
DTM*472*20211229~
CAS*CO*97*111~
REF*6R*PMXP0101693014-7~
LQ*HE*M15~
SVC*HC>85027*15*0*0305*1~
DTM*472*20211229~
CAS*CO*97*15~
REF*6R*PMXP0101693014-8~
LQ*HE*M15~
SVC*HC>87389*100*0*0306*1~
DTM*472*20211229~
CAS*CO*97*100~
REF*6R*PMXP0101693014-9~
LQ*HE*M15~
SVC*HC>87491*139*0*0306*1~
DTM*472*20211229~
CAS*CO*97*139~
REF*6R*PMXP0101693014-10~
LQ*HE*M15~
SVC*HC>87591*139*0*0306*1~
DTM*472*20211229~
CAS*CO*97*139~
REF*6R*PMXP0101693014-11~
LQ*HE*M15~
SVC*HC>88175*90*0*0311*1~
DTM*472*20211229~
CAS*CO*97*90~
REF*6R*PMXP0101693014-12~
LQ*HE*M15~
CLP*H315460103200*1*1968*201.26**HM*200341815*13*1~
NM1*QC*1*WHEELER*ANDREW*J***MI*1250260551~
NM1*82*2*THE TOLEDO HOSPITAL*****XX*1407854771~
REF*CE*MEDICAID~
DTM*232*20220107~
DTM*050*20220114~
SVC*HC>U0003*420*45.52*0300*1~
DTM*472*20220107~
CAS*CO*45*374.48~
REF*6R*PMXP0101692887-1~
AMT*B6*45.52~
SVC*HC>U0005*100*15.18*0300*1~
DTM*472*20220107~
CAS*CO*45*84.82~
REF*6R*PMXP0101692887-2~
AMT*B6*15.18~
SVC*HC>99283>25>CS*1448*140.56*0450*1~
DTM*472*20220107~
CAS*CO*45*1307.44~
REF*6R*PMXP0101692887-3~
AMT*B6*140.56~
CLP*H315418110200*1*544.03*93.49**HM*200305531*13*1~
NM1*QC*1*WILEY*NEVAEH****MI*1260866471~
NM1*82*2*THE TOLEDO HOSPITAL*****XX*1407854771~
REF*CE*MEDICAID~
DTM*232*20220105~
DTM*050*20220113~
SVC*NU>0250*.02*0**2~
DTM*472*20220105~
CAS*CO*97*.02~
SVC*HC>90670*.01*.01*0636*1~
DTM*472*20220105~
REF*6R*PMXP0101655551-2~
AMT*B6*.01~
SVC*HC>99391>25*131*72.06*0761*1~
DTM*472*20220105~
CAS*CO*45*58.94~
REF*6R*PMXP0101655551-3~
AMT*B6*72.06~
SVC*HC>90460*249*21.42*0771*3~
DTM*472*20220105~
CAS*CO*45*227.58~
REF*6R*PMXP0101655551-4~
AMT*B6*21.42~
SVC*HC>90461*164*0*0771*4~
DTM*472*20220105~
CAS*CO*45*164~
REF*6R*PMXP0101655551-5~
CLP*H315439429400*1*1912*201.26**HM*200266674*13*1~
NM1*QC*1*YARSIKE*SANDRA*A***MI*1030193812~
NM1*82*2*THE TOLEDO HOSPITAL*****XX*1407854771~
REF*CE*MEDICAID~
DTM*232*20211231~
DTM*233*20220101~
DTM*050*20220112~
SVC*HC>U0003*420*45.52*0300*1~
DTM*472*20211231~
CAS*CO*45*374.48~
REF*6R*PMXP0101617740-1~
AMT*B6*45.52~
SVC*HC>U0005*100*15.18*0300*1~
DTM*472*20211231~
CAS*CO*45*84.82~
REF*6R*PMXP0101617740-2~
AMT*B6*15.18~
SVC*HC>99283>25>CS*1392*140.56*0450*1~
DTM*472*20211231~
CAS*CO*45*1251.44~
REF*6R*PMXP0101617740-3~
AMT*B6*140.56~
LX*3~
TS3*1407854771*14*20221231*19*8791~
CLP*H315437997600*1*101*26.2**HM*200305500*14*1~
NM1*QC*1*ARBLE*LYDIA*G***MI*1190661884~
NM1*82*2*THE TOLEDO HOSPITAL*****XX*1407854771~
REF*CE*MEDICAID~
DTM*232*20211230~
DTM*050*20220113~
SVC*HC>87086*22*4.9*0300*1~
DTM*472*20211230~
CAS*CO*45*17.1~
REF*6R*PMXP0101654393-1~
AMT*B6*4.9~
SVC*HC>87651*79*21.3*0306*1~
DTM*472*20211230~
CAS*CO*45*57.7~
REF*6R*PMXP0101654393-2~
AMT*B6*21.3~
CLP*H315428411700*1*599*82**HM*200305507*14*1~
NM1*QC*1*BITTER*EMILY*S***MI*1240058915~
NM1*82*2*THE TOLEDO HOSPITAL*****XX*1407854771~
REF*CE*MEDICAID~
DTM*232*20211227~
DTM*050*20220113~
SVC*HC>U0003*420*45.52*0300*1~
DTM*472*20211227~
CAS*CO*45*374.48~
REF*6R*PMXP0101654273-1~
AMT*B6*45.52~
SVC*HC>U0005*100*15.18*0300*1~
DTM*472*20211227~
CAS*CO*45*84.82~
REF*6R*PMXP0101654273-2~
AMT*B6*15.18~
SVC*HC>87651*79*21.3*0306*1~
DTM*472*20211227~
CAS*CO*45*57.7~
REF*6R*PMXP0101654273-3~
AMT*B6*21.3~
CLP*H315436604400*1*520*60.7**HM*200341805*14*1~
NM1*QC*1*BOYD*CRYSTAL*M***MI*0011953034~
NM1*82*2*THE TOLEDO HOSPITAL*****XX*1407854771~
REF*CE*MEDICAID~
DTM*232*20211229~
DTM*050*20220114~
SVC*HC>U0003*420*45.52*0300*1~
DTM*472*20211229~
CAS*CO*45*374.48~
REF*6R*PMXP0101691172-1~
AMT*B6*45.52~
SVC*HC>U0005*100*15.18*0300*1~
DTM*472*20211229~
CAS*CO*45*84.82~
REF*6R*PMXP0101691172-2~
AMT*B6*15.18~
CLP*H315437008900*1*520*60.7**HM*200305551*14*1~
NM1*QC*1*BURNETT*KAMERON****MI*1131086972~
NM1*82*2*THE TOLEDO HOSPITAL*****XX*1407854771~
REF*CE*MEDICAID~
DTM*232*20211229~
DTM*050*20220113~
SVC*HC>U0003*420*45.52*0300*1~
DTM*472*20211229~
CAS*CO*45*374.48~
REF*6R*PMXP0101654128-1~
AMT*B6*45.52~
SVC*HC>U0005*100*15.18*0300*1~
DTM*472*20211229~
CAS*CO*45*84.82~
REF*6R*PMXP0101654128-2~
AMT*B6*15.18~
CLP*H315436414700*1*520*60.7**HM*200341823*14*1~
NM1*QC*1*COMPTON*GRAYSON*A***MI*1259160501~
NM1*82*2*THE TOLEDO HOSPITAL*****XX*1407854771~
REF*CE*MEDICAID~
DTM*232*20211229~
DTM*050*20220114~
SVC*HC>U0003*420*45.52*0300*1~
DTM*472*20211229~
CAS*CO*45*374.48~
REF*6R*PMXP0101691142-1~
AMT*B6*45.52~
SVC*HC>U0005*100*15.18*0300*1~
DTM*472*20211229~
CAS*CO*45*84.82~
REF*6R*PMXP0101691142-2~
AMT*B6*15.18~
CLP*H315436438800*1*520*60.7**HM*200341819*14*1~
NM1*QC*1*DUNNIGAN*MICHAEL*R***MI*1005838374~
NM1*82*2*THE TOLEDO HOSPITAL*****XX*1407854771~
REF*CE*MEDICAID~
DTM*232*20211229~
DTM*050*20220114~
SVC*HC>U0003*420*45.52*0300*1~
DTM*472*20211229~
CAS*CO*45*374.48~
REF*6R*PMXP0101691116-1~
AMT*B6*45.52~
SVC*HC>U0005*100*15.18*0300*1~
DTM*472*20211229~
CAS*CO*45*84.82~
REF*6R*PMXP0101691116-2~
AMT*B6*15.18~
CLP*H315436597700*1*520*60.7**HM*200341813*14*1~
NM1*QC*1*EVANS*AIDAN*J***MI*0034281765~
NM1*82*2*THE TOLEDO HOSPITAL*****XX*1407854771~
REF*CE*MEDICAID~
DTM*232*20211229~
DTM*050*20220114~
SVC*HC>U0003*420*45.52*0300*1~
DTM*472*20211229~
CAS*CO*45*374.48~
REF*6R*PMXP0101691405-1~
AMT*B6*45.52~
SVC*HC>U0005*100*15.18*0300*1~
DTM*472*20211229~
CAS*CO*45*84.82~
REF*6R*PMXP0101691405-2~
AMT*B6*15.18~
CLP*H315436615900*1*520*60.7**HM*200341807*14*1~
NM1*QC*1*EVANS*CALEB*A***MI*1000204002~
NM1*82*2*THE TOLEDO HOSPITAL*****XX*1407854771~
REF*CE*MEDICAID~
DTM*232*20211229~
DTM*050*20220114~
SVC*HC>U0003*420*45.52*0300*1~
DTM*472*20211229~
CAS*CO*45*374.48~
REF*6R*PMXP0101691291-1~
AMT*B6*45.52~
SVC*HC>U0005*100*15.18*0300*1~
DTM*472*20211229~
CAS*CO*45*84.82~
REF*6R*PMXP0101691291-2~
AMT*B6*15.18~
CLP*H315436842100*1*520*60.7**HM*200341809*14*1~
NM1*QC*1*FERGUSON*TRINA*M***MI*0021515572~
NM1*82*2*THE TOLEDO HOSPITAL*****XX*1407854771~
REF*CE*MEDICAID~
DTM*232*20211229~
DTM*050*20220114~
SVC*HC>U0003*420*45.52*0300*1~
DTM*472*20211229~
CAS*CO*45*374.48~
REF*6R*PMXP0101691365-1~
AMT*B6*45.52~
SVC*HC>U0005*100*15.18*0300*1~
DTM*472*20211229~
CAS*CO*45*84.82~
REF*6R*PMXP0101691365-2~
AMT*B6*15.18~
CLP*H315435565700*1*636*70.84**HM*200341802*14*1~
NM1*QC*1*HAMMEL*TINA****MI*0033856823~
NM1*82*2*THE TOLEDO HOSPITAL*****XX*1407854771~
REF*CE*MEDICAID~
DTM*232*20211229~
DTM*050*20220114~
SVC*HC>U0003*420*45.52*0300*1~
DTM*472*20211229~
CAS*CO*45*374.48~
REF*6R*PMXP0101691095-1~
AMT*B6*45.52~
SVC*HC>U0005*100*15.18*0300*1~
DTM*472*20211229~
CAS*CO*45*84.82~
REF*6R*PMXP0101691095-2~
AMT*B6*15.18~
SVC*HC>87070*15*5.23*0306*1~
DTM*472*20211229~
CAS*CO*45*9.77~
REF*6R*PMXP0101691095-3~
AMT*B6*5.23~
SVC*HC>87077*101*4.91*0306*1~
DTM*472*20211229~
CAS*CO*45*96.09~
REF*6R*PMXP0101691095-4~
AMT*B6*4.91~
CLP*H315435545100*1*599*82**HM*200305498*14*1~
NM1*QC*1*HOVICK*SARA*E***MI*1020935837~
NM1*82*2*THE TOLEDO HOSPITAL*****XX*1407854771~
REF*CE*MEDICAID~
DTM*232*20211229~
DTM*050*20220113~
SVC*HC>U0003*420*45.52*0300*1~
DTM*472*20211229~
CAS*CO*45*374.48~
REF*6R*PMXP0101654459-1~
AMT*B6*45.52~
SVC*HC>U0005*100*15.18*0300*1~
DTM*472*20211229~
CAS*CO*45*84.82~
REF*6R*PMXP0101654459-2~
AMT*B6*15.18~
SVC*HC>87651*79*21.3*0306*1~
DTM*472*20211229~
CAS*CO*45*57.7~
REF*6R*PMXP0101654459-3~
AMT*B6*21.3~
CLP*H315429434900*1*520*60.7**HM*200266662*14*1~
NM1*QC*1*KECK*MARTHA*A***MI*1060744553~
NM1*82*2*THE TOLEDO HOSPITAL*****XX*1407854771~
REF*CE*MEDICAID~
DTM*232*20211227~
DTM*050*20220112~
SVC*HC>U0003*420*45.52*0300*1~
DTM*472*20211227~
CAS*CO*45*374.48~
REF*6R*PMXP0101616831-1~
AMT*B6*45.52~
SVC*HC>U0005*100*15.18*0300*1~
DTM*472*20211227~
CAS*CO*45*84.82~
REF*6R*PMXP0101616831-2~
AMT*B6*15.18~
CLP*H315438557300*1*47*7.95**HM*200347147*14*1~
NM1*QC*1*KLINE*WESTON*M***MI*1246384383~
NM1*82*2*THE TOLEDO HOSPITAL*****XX*1407854771~
REF*CE*MEDICAID~
DTM*232*20211230~
DTM*050*20220114~
SVC*HC>87807*47*7.95*0306*1~
DTM*472*20211230~
CAS*CO*45*39.05~
REF*6R*PMXP0101691375-1~
AMT*B6*7.95~
CLP*H315430823200*1*520*60.7**HM*200266676*14*1~
NM1*QC*1*KNECHT*KINZLEE*J***MI*1243185303~
NM1*82*2*THE TOLEDO HOSPITAL*****XX*1407854771~
REF*CE*MEDICAID~
DTM*232*20211227~
DTM*050*20220112~
SVC*HC>U0003*420*45.52*0300*1~
DTM*472*20211227~
CAS*CO*45*374.48~
REF*6R*PMXP0101616857-1~
AMT*B6*45.52~
SVC*HC>U0005*100*15.18*0300*1~
DTM*472*20211227~
CAS*CO*45*84.82~
REF*6R*PMXP0101616857-2~
AMT*B6*15.18~
CLP*H315435112600*1*49*11.12**HM*200305537*14*1~
NM1*QC*1*PERCHARD*ERIC****MI*1245427539~
NM1*82*2*THE TOLEDO HOSPITAL*****XX*1407854771~
REF*CE*MEDICAID~
DTM*232*20211229~
DTM*050*20220113~
SVC*HC>80053*28*6.41*0300*1~
DTM*472*20211229~
CAS*CO*45*21.59~
REF*6R*PMXP0101654216-1~
AMT*B6*6.41~
SVC*HC>85025*21*4.71*0305*1~
DTM*472*20211229~
CAS*CO*45*16.29~
REF*6R*PMXP0101654216-2~
AMT*B6*4.71~
CLP*H315431955800*1*520*60.7**HM*200266660*14*1~
NM1*QC*1*SLATTMAN*IVY*J***MI*1262932342~
NM1*82*2*THE TOLEDO HOSPITAL*****XX*1407854771~
REF*CE*MEDICAID~
DTM*232*20211228~
DTM*050*20220112~
SVC*HC>U0003*420*45.52*0300*1~
DTM*472*20211228~
CAS*CO*45*374.48~
REF*6R*PMXP0101616932-1~
AMT*B6*45.52~
SVC*HC>U0005*100*15.18*0300*1~
DTM*472*20211228~
CAS*CO*45*84.82~
REF*6R*PMXP0101616932-2~
AMT*B6*15.18~
CLP*H315438291500*1*520*60.7**HM*200305555*14*1~
NM1*QC*1*SMALL*TIFFANY*E***MI*0008863472~
NM1*82*2*THE TOLEDO HOSPITAL*****XX*1407854771~
REF*CE*MEDICAID~
DTM*232*20211230~
DTM*050*20220113~
SVC*HC>U0003*420*45.52*0300*1~
DTM*472*20211230~
CAS*CO*45*374.48~
REF*6R*PMXP0101654428-1~
AMT*B6*45.52~
SVC*HC>U0005*100*15.18*0300*1~
DTM*472*20211230~
CAS*CO*45*84.82~
REF*6R*PMXP0101654428-2~
AMT*B6*15.18~
CLP*H315435298800*1*520*60.7**HM*200341801*14*1~
NM1*QC*1*THOMAS*DAVID*A***MI*1009765338~
NM1*82*2*THE TOLEDO HOSPITAL*****XX*1407854771~
REF*CE*MEDICAID~
DTM*232*20211229~
DTM*050*20220114~
SVC*HC>U0003*420*45.52*0300*1~
DTM*472*20211229~
CAS*CO*45*374.48~
REF*6R*PMXP0101691348-1~
AMT*B6*45.52~
SVC*HC>U0005*100*15.18*0300*1~
DTM*472*20211229~
CAS*CO*45*84.82~
REF*6R*PMXP0101691348-2~
AMT*B6*15.18~
CLP*H315431880400*1*520*60.7**HM*200266666*14*1~
NM1*QC*1*VELA*ISABELLA****MI*1260654649~
NM1*82*2*THE TOLEDO HOSPITAL*****XX*1407854771~
REF*CE*MEDICAID~
DTM*232*20211228~
DTM*050*20220112~
SVC*HC>U0003*420*45.52*0300*1~
DTM*472*20211228~
CAS*CO*45*374.48~
REF*6R*PMXP0101616953-1~
AMT*B6*45.52~
SVC*HC>U0005*100*15.18*0300*1~
DTM*472*20211228~
CAS*CO*45*84.82~
REF*6R*PMXP0101616953-2~
AMT*B6*15.18~
SE*1943*1088~
ST*835*1089~
BPR*I*119.63*C*ACH*CCP*01* 121000248*DA*4649685948*3383253977**01*041200050*DA*80250500*20220117~
TRN*1*00000963580*1383253977~
DTM*405*20220115~
N1*PR*MERIDIAN HEALTH PLAN~
N3*777 WOODWARD AVE*SUITE 600~
N4*DETROIT*MI*48226~
REF*2U*52563~
PER*BL*EDI TEAM*EM*EDITEAM@MHPLAN.COM~
PER*IC**UR*WWW.MHPLAN.COM/MI~
N1*PE*THE TOLEDO HOSPITAL*FI*344428256~
N3*PO BOX 11061~
N4*BELFAST*ME*04915~
LX*1~
TS3*1124281134*22*20221231*1*612~
CLP*P219091590*1*612*119.63**HM*200313137*22~
NM1*QC*1*EPPS*TANISHA****MI*0061522674~
NM1*82*1*SEO-PATEL*SONYOUNG****XX*1124281134~
REF*CE*MEDICAID~
DTM*050*20220113~
SVC*HC>99219>GC*399*77.8**1~
DTM*472*20211227~
CAS*CO*45*321.2~
REF*6R*XPPB0101649265-1~
AMT*B6*77.8~
SVC*HC>99217>GC*213*41.83**1~
DTM*472*20211228~
CAS*CO*45*171.17~
REF*6R*XPPB0101649265-2~
AMT*B6*41.83~
SE*31*1089~
GE*3*1~
IEA*1*262455724~
