ISA*00*          *00*          *01*030240928      *ZZ*XXXXXXXXXXXXXXX*220118*1531*^*00501*262455724*0*P*>~
GS*HP*364559356*XX*20220118*1531*1*X*005010X221A1~
ST*835*1061~
BPR*I*3422.38*C*ACH*CCP*01* 121000248*DA*4649685948*3383253977**01*072000326*DA*801131251*20220117~
TRN*1*00000963427*1383253977~
DTM*405*20220115~
N1*PR*MERIDIAN HEALTH PLAN~
N3*777 WOODWARD AVE*SUITE 600~
N4*DETROIT*MI*48226~
REF*2U*52563~
PER*BL*EDI TEAM*EM*EDITEAM@MHPLAN.COM~
PER*IC**UR*WWW.MHPLAN.COM/MI~
N1*PE*ADVANCED CARDIOVASCULAR CLINIC PC*XX*1598792830~
N3*6122 W PIERSON RD*UNIT 1~
N4*FLUSHING*MI*48433~
REF*TJ*264260206~
LX*1~
TS3*1235165275*11*20221231*3*420~
CLP*AC1001543811*2*155*0**HM*200285344*11~
NM1*QC*1*CALLAWAY*JENNIFER*L***MI*1024284519~
NM1*82*1*ABED*MADAR****XX*1235165275~
REF*CE*MEDICAID~
DTM*050*20220112~
SVC*HC>93297*50*0**1~
DTM*472*20211216~
CAS*CO*45*5.24~
CAS*OA*23*44.76~
REF*6R*ADCC0000390663-1~
SVC*HC>G2066*105*0**1~
DTM*472*20211216~
CAS*CO*45*21**197*84~
REF*6R*ADCC0000390663-2~
CLP*AC1001551530*1*155*29.91**HM*200239065*11~
NM1*QC*1*COFER*EDWARD****MI*0065006751~
NM1*82*1*ABED*MADAR****XX*1235165275~
REF*CE*MEDICAID~
DTM*050*20220111~
SVC*HC>93297*50*15.25**1~
DTM*472*20220105~
CAS*CO*45*34.75~
REF*6R*ADCC0000390559-1~
AMT*B6*15.25~
SVC*HC>G2066*105*14.66**1~
DTM*472*20220105~
CAS*CO*45*90.34~
REF*6R*ADCC0000390559-2~
AMT*B6*14.66~
CLP*AC1001538991*2*110*0**HM*200148327*11~
NM1*QC*1*HARRIS*DONALD*L***MI*0028017164~
NM1*82*1*ABED*MADAR****XX*1235165275~
REF*CE*MEDICAID~
DTM*050*20220107~
SVC*HC>99213*110*0**1~
DTM*472*20211207~
CAS*CO*45*18.9~
CAS*OA*23*91.1~
REF*6R*ADCC0000390047-1~
LX*2~
TS3*1598792830*11*20221231*3*10200~
CLP*AC1001528351*2*1725*40.81**HM*200036361*11~
NM1*QC*1*HOWD*ROSE****MI*1170414142~
REF*CE*MEDICAID~
DTM*050*20220104~
SVC*HC>78452*1200*0**1~
DTM*472*20211122~
CAS*CO*45*40.11~
CAS*OA*23*1159.89~
REF*6R*ADCC0000389472-1~
SVC*HC>93015*225*40.81**1~
DTM*472*20211122~
CAS*OA*23*184.19~
REF*6R*ADCC0000389472-2~
SVC*HC>A9502*300*0**2~
DTM*472*20211122~
CAS*OA*23*300~
REF*6R*ADCC0000389472-3~
CLP*AC1001551551*1*8100*2952.28**HM*200285346*11~
NM1*QC*1*SIMS*CORY*A***MI*0076823173~
NM1*74*1*SIMS*COREY*A***C*0076823173~
REF*CE*MEDICAID~
DTM*050*20220112~
SVC*HC>33285*8100*2952.28**1~
DTM*472*20220110~
CAS*CO*45*5147.72~
REF*6R*ADCC0000390660-1~
AMT*B6*2952.28~
CLP*AC1001531121*2*375*0**HM*200036367*11~
NM1*QC*1*TRIPLETT*SERENA*M***MI*0019807369~
REF*CE*MEDICAID~
DTM*050*20220104~
SVC*HC>93306*375*0**1~
DTM*472*20211130~
CAS*CO*45*38.83~
CAS*OA*23*336.17~
REF*6R*ADCC0000389475-1~
LX*3~
TS3*1881687861*21*20221231*1*1100~
CLP*AC1001551880*1*1100*399.38**HM*200285345*21~
NM1*QC*1*PARKER*JESSIE*J***MI*1224647817~
NM1*82*1*ISMAIL*HASSAN*M***XX*1881687861~
REF*CE*MEDICAID~
DTM*050*20220112~
SVC*HC>99232*120*40.81**1~
DTM*472*20211231~
CAS*CO*45*79.19~
REF*6R*ADCC0000390665-1~
AMT*B6*40.81~
SVC*HC>99232*120*40.81**1~
DTM*472*20211230~
CAS*CO*45*79.19~
REF*6R*ADCC0000390665-2~
AMT*B6*40.81~
SVC*HC>99232*120*40.81**1~
DTM*472*20211229~
CAS*CO*45*79.19~
REF*6R*ADCC0000390665-3~
AMT*B6*40.81~
SVC*HC>99232*120*40.81**1~
DTM*472*20211228~
CAS*CO*45*79.19~
REF*6R*ADCC0000390665-4~
AMT*B6*40.81~
SVC*HC>99232*120*40.81**1~
DTM*472*20211226~
CAS*CO*45*79.19~
REF*6R*ADCC0000390665-5~
AMT*B6*40.81~
SVC*HC>99232*120*40.81**1~
DTM*472*20211225~
CAS*CO*45*79.19~
REF*6R*ADCC0000390665-6~
AMT*B6*40.81~
SVC*HC>99232*120*40.81**1~
DTM*472*20211224~
CAS*CO*45*79.19~
REF*6R*ADCC0000390665-7~
AMT*B6*40.81~
SVC*HC>99223*260*113.71**1~
DTM*472*20211223~
CAS*CO*45*146.29~
REF*6R*ADCC0000390665-8~
AMT*B6*113.71~
SE*141*1061~
GE*1*1~
IEA*1*262455724~
