ISA*00*          *00*          *01*030240928      *ZZ*XXXXXXXXXXXXXXX*220118*2031*^*00501*262648859*0*P*>~
GS*HP*ASOQUARTZ*XX*20220118*2031*1*X*005010X221A1~
ST*835*1001~
BPR*H*0*C*NON************20220119~
TRN*1*Z186713*1391450766~
DTM*405*20220114~
N1*PR*QUARTZ HEALTH BENEFIT PLANS~
N3*840 CAROLINA ST~
N4*SAUK CITY*WI*53583~
REF*2U*39180~
PER*BL*EDI DEPARTMENT~
N1*PE*RGH ENTERPRISES INC*XX*1609858729~
N3*1810 SUMMIT COMMERCE PARK~
N4*TWINSBURG*OH*440872300~
REF*TJ*341650951~
LX*1~
CLP*01000562596220211212*2*932.56*0*58.44*HM*37124986*12*1~
NM1*QC*1*CANTRELL*MARC****MI*71302315402~
NM1*82*2*EDGEPARK MEDICAL SUPPLIES (AFFILIATED WITH RGH ENTERPRISES I*****XX*1609858729~
REF*EA*51310742~
DTM*232*20211209~
DTM*233*20211209~
DTM*050*20211222~
SVC*HC>A4362*207.6*0**0**20~
DTM*472*20211209~
CAS*OA*23*193.88~
CAS*PR*197*13.72~
REF*6R*CRGH0042177578-1~
SVC*HC>A5057*724.96*0**0**20~
DTM*472*20211209~
CAS*OA*23*680.24~
CAS*PR*197*44.72~
REF*6R*CRGH0042177578-2~
CLP*000556853320211208*2*636.39*0*51.94*HM*37124985*12*1~
NM1*QC*1*WOLFE*JEFFREY****MI*71400261201~
NM1*82*2*EDGEPARK MEDICAL SUPPLIES (AFFILIATED WITH RGH ENTERPRISES I*****XX*1609858729~
REF*EA*50381414~
DTM*232*20211205~
DTM*233*20211205~
DTM*050*20211222~
SVC*HC>K0553>KX>CG>KF*636.39*0**0**1~
DTM*472*20211205~
CAS*OA*23*584.45~
CAS*PR*204*51.94~
REF*6R*CRGH0042088083-1~
LQ*HE*N130~
SE*45*1001~
ST*835*1002~
BPR*I*154.13*C*CHK************20220119~
TRN*1*500005788*1391565691~
DTM*405*20220114~
N1*PR*QUARTZ HEALTH INSURANCE CORPORATION~
N3*840 CAROLINA ST~
N4*SAUK CITY*WI*53583~
REF*2U*39180~
PER*BL*EDI DEPARTMENT~
N1*PE*RGH ENTERPRISES INC*XX*1609858729~
N3*1810 SUMMIT COMMERCE PARK~
N4*TWINSBURG*OH*440872300~
REF*TJ*341650951~
LX*1~
CLP*01000572539620211217*2*11.89*1.49**HM*37265272*12*1~
NM1*QC*1*CHRISTENSEN*LEE****MI*71437894500~
NM1*82*2*EDGEPARK MEDICAL SUPPLIES (AFFILIATED WITH RGH ENTERPRISES I*****XX*1609858729~
REF*EA*50557198~
DTM*232*20211215~
DTM*233*20211215~
DTM*050*20211231~
AMT*AU*11.89~
SVC*HC>A4402>KX*11.89*1.49**4~
DTM*472*20211215~
CAS*OA*23*10.4~
REF*6R*CRGH0042363412-1~
AMT*B6*11.89~
CLP*000577545520211221*2*1113.6*152.64**HM*37316729*12*1~
NM1*QC*1*CHRISTENSEN*LEE****MI*71437894500~
NM1*82*2*EDGEPARK MEDICAL SUPPLIES (AFFILIATED WITH RGH ENTERPRISES I*****XX*1609858729~
REF*EA*50557198~
DTM*232*20211215~
DTM*233*20211215~
DTM*050*20220104~
AMT*AU*1113.6~
SVC*HC>A4352>KX*1113.6*152.64**120~
DTM*472*20211215~
CAS*OA*23*960.96~
REF*6R*CRGH0042426656-1~
AMT*B6*1113.6~
CLP*000585028020211227*2*1393.2*0**HM*37417705*12*1~
NM1*QC*1*ALLEN*WILLIAM*H***MI*71437997300~
NM1*82*2*EDGEPARK MEDICAL SUPPLIES (AFFILIATED WITH RGH ENTERPRISES I*****XX*1609858729~
REF*EA*50620483~
DTM*232*20210513~
DTM*233*20210513~
DTM*050*20220110~
AMT*AU*1393.2~
SVC*HC>A4351>KX>GW*1393.2*0**0~
DTM*472*20210513~
CAS*OA*18*113.94**23*1279.26~
REF*6R*CRGH0042565397-1~
SE*53*1002~
GE*2*1~
IEA*1*262648859~
