ISA*00*          *00*          *ZZ*133052274      *ZZ*XXXXXXXXXXXXXXX*220119*0250*^*00501*100358959*0*P*>~
GS*HP*133052274*XX*20220119*0250*1*X*005010X221A1~
ST*835*0955~
BPR*I*34.03*C*CHK************20220117~
TRN*1*CC-42490719*1066033492~
REF*EV*XXXXXXXXXXXXXXXXXXXXXXXXXXXXXX~
DTM*405*20220119~
N1*PR*AETNA~
N3*151 FARMINGTON AVENUE~
N4*HARTFORD*CT*06156~
REF*2U*60054~
PER*BL*Provider Service~
N1*PE*WESTCHESTER HEALTH CARE, INC.*XX*1659553733~
N3*27705 WESTCHESTER PKWY~
N4*WESTLAKE*OH*441451247~
REF*PQ*855513530~
REF*TJ*205396438~
LX*1~
TS3*1659553733*22*20221231*2*0~
CLP*WL15340002Y7FB*22*-1952.35*-98.11**13*201022E101160003~
NM1*QC*1*SHIMKO*LINDA****MI*MEBMYZWX~
NM1*82*2*WESTCHESTER HEALTH CARE, INC.*****XX*1659553733~
REF*1L*466851-569~
REF*CE*PREMIER MEDICAL PLAN NET 02101~
DTM*232*20200904~
DTM*233*20200914~
DTM*050*20201022~
PER*CX**TE*8006240756~
SVC*HC>97162>GP*-40*-5*0421*1~
DTM*472*20200904~
CAS*PR*3*-35~
SVC*HC>97166>GO*-40*-40*0431*1~
DTM*472*20200904~
SVC*HC>92523>GN*-188.95*0*0441*0**1~
DTM*472*20200904~
CAS*CO*96*-188.95*1~
LQ*HE*N115~
SVC*HC>97116>GP*-27.5*0*0421*0**1~
DTM*472*20200904~
CAS*CO*231*-27.5*1~
SVC*HC>97535>GO*-101.73*-53.11*0431*3~
DTM*472*20200904~
CAS*CO*45*-43.62~
CAS*PR*3*-5~
LQ*HE*N59~
SVC*HC>92507>GN*-77.25*0*0441*0**1~
DTM*472*20200904~
CAS*CO*96*-77.25*1~
LQ*HE*N115~
SVC*HC>97112>GP*-32.6*0*0421*1~
DTM*472*20200905~
CAS*CO*45*-13.96~
CAS*PR*3*-18.64~
SVC*HC>97110>GP*-31.29*0*0421*1~
DTM*472*20200905~
CAS*CO*45*-13.38~
CAS*PR*3*-17.91~
SVC*HC>97112>GP*-32.6*0*0421*0**1~
DTM*472*20200907~
CAS*CO*231*-32.6*1~
SVC*HC>97110>GP*-31.29*0*0421*0**1~
DTM*472*20200907~
CAS*CO*231*-31.29*1~
SVC*HC>97530>GO*-67.1*0*0431*0**1~
DTM*472*20200907~
CAS*CO*231*-67.1*2~
SVC*HC>92507>GN*-77.25*0*0441*0**1~
DTM*472*20200907~
CAS*CO*96*-77.25*1~
LQ*HE*N115~
SVC*HC>97112>GP*-32.6*0*0421*0**1~
DTM*472*20200908~
CAS*CO*231*-32.6*1~
SVC*HC>97110>GP*-31.29*0*0421*0**3~
DTM*472*20200908~
CAS*CO*231*-31.29*1~
SVC*HC>97530>GO*-67.1*0*0431*0**3~
DTM*472*20200908~
CAS*CO*231*-67.1*2~
SVC*HC>92507>GN*-77.25*0*0441*0**1~
DTM*472*20200908~
CAS*CO*96*-77.25*1~
LQ*HE*N115~
SVC*HC>97530>GP*-33.55*0*0421*0**1~
DTM*472*20200909~
CAS*CO*231*-33.55*1~
SVC*HC>97112>GP*-32.6*0*0421*0**1~
DTM*472*20200909~
CAS*CO*231*-32.6*1~
SVC*HC>97110>GP*-31.29*0*0421*0**3~
DTM*472*20200909~
CAS*CO*231*-31.29*1~
SVC*HC>97530>GO*-67.1*0*0431*0**3~
DTM*472*20200909~
CAS*CO*231*-67.1*2~
SVC*HC>92507>GN*-77.25*0*0441*0**2~
DTM*472*20200909~
CAS*CO*96*-77.25*1~
LQ*HE*N115~
SVC*HC>97112>GP*-32.6*0*0421*0**3~
DTM*472*20200910~
CAS*CO*231*-32.6*1~
SVC*HC>97110>GP*-31.29*0*0421*0**2~
DTM*472*20200910~
CAS*CO*231*-31.29*1~
SVC*HC>97530>GO*-33.55*0*0431*0**1~
DTM*472*20200910~
CAS*CO*231*-33.55*1~
SVC*HC>97110>GO*-31.29*0*0431*0**4~
DTM*472*20200910~
CAS*CO*231*-31.29*1~
SVC*HC>92507>GN*-77.25*0*0441*0**3~
DTM*472*20200910~
CAS*CO*96*-77.25*1~
LQ*HE*N115~
SVC*HC>97112>GP*-32.6*0*0421*0**3~
DTM*472*20200911~
CAS*CO*231*-32.6*1~
SVC*HC>97110>GP*-31.29*0*0421*0**3~
DTM*472*20200911~
CAS*CO*231*-31.29*1~
SVC*HC>97535>GO*-33.91*0*0431*1**4~
DTM*472*20200911~
CAS*CO*45*-14.54~
CAS*PR*3*-19.37~
SVC*HC>97530>GO*-33.55*0*0431*0**2~
DTM*472*20200911~
CAS*CO*231*-33.55*1~
SVC*HC>92507>GN*-77.25*0*0441*0**3~
DTM*472*20200911~
CAS*CO*96*-77.25*1~
LQ*HE*N115~
SVC*HC>97112>GP*-32.6*0*0421*0**1~
DTM*472*20200914~
CAS*CO*231*-32.6*1~
SVC*HC>97110>GP*-31.29*0*0421*0**2~
DTM*472*20200914~
CAS*CO*231*-31.29*1~
SVC*HC>97530>GO*-100.65*0*0431*0**3~
DTM*472*20200914~
CAS*CO*231*-100.65*3~
SVC*HC>97110>GO*-31.29*0*0431*0**4~
DTM*472*20200914~
CAS*CO*231*-31.29*1~
SVC*HC>92507>GN*-77.25*0*0441*0**3~
DTM*472*20200914~
CAS*CO*96*-77.25*1~
LQ*HE*N115~
SVC*HC>97530>GP*-33.55*0*0421*0**3~
DTM*472*20200904~
CAS*CO*231*-33.55*1~
SVC*HC>97530>GP*-33.55*0*0421*0**1~
DTM*472*20200904~
CAS*CO*231*-33.55*1~
CLP*WL15340002Y7FB*1*1952.35*132.14*273.79*13*211209C101160000*22*3~
NM1*QC*1*SHIMKO*LINDA****MI*MEBMYZWX~
NM1*82*2*WESTCHESTER HEALTH CARE, INC.*****XX*1659553733~
REF*1L*466851-569~
REF*CE*PREMIER MEDICAL PLAN NET 03418~
DTM*232*20200904~
DTM*233*20200914~
DTM*050*20211209~
PER*CX**TE*8006240756~
AMT*AU*641.09~
SVC*HC>97162>GP*40*5*0421*1~
DTM*472*20200904~
CAS*PR*3*35~
REF*6R*E5SQ0003148605-2~
AMT*B6*40~
SVC*HC>97166>GO*40*40*0431*1~
DTM*472*20200904~
REF*6R*E5SQ0003148605-19~
AMT*B6*40~
SVC*HC>92523>GN*188.95*0*0441*0**1~
DTM*472*20200904~
CAS*CO*96*188.95*1~
REF*6R*E5SQ0003148605-31~
LQ*HE*N115~
SVC*HC>97116>GP*27.5*10.82*0421*1~
DTM*472*20200904~
CAS*CO*45*11.68~
CAS*PR*3*5~
REF*6R*E5SQ0003148605-1~
AMT*B6*15.82~
LQ*HE*N59~
SVC*HC>97530>GP*67.1*39.08*0421*2~
DTM*472*20200904~
CAS*CO*45*28.02~
REF*6R*E5SQ0003148605-3~
AMT*B6*39.08~
LQ*HE*N59~
SVC*HC>97535>GO*101.73*0*0431*0**3~
DTM*472*20200904~
CAS*CO*231*101.73*3~
REF*6R*E5SQ0003148605-20~
SVC*HC>92507>GN*77.25*0*0441*0**1~
DTM*472*20200904~
CAS*CO*96*77.25*1~
REF*6R*E5SQ0003148605-30~
LQ*HE*N115~
SVC*HC>97112>GP*32.6*0*0421*1~
DTM*472*20200905~
CAS*CO*45*13.96~
CAS*PR*3*18.64~
REF*6R*E5SQ0003148605-5~
AMT*B6*18.64~
SVC*HC>97110>GP*31.29*0*0421*1~
DTM*472*20200905~
CAS*CO*45*13.38~
CAS*PR*3*17.91~
REF*6R*E5SQ0003148605-4~
AMT*B6*17.91~
SVC*HC>97112>GP*32.6*0*0421*0**1~
DTM*472*20200907~
CAS*CO*231*32.6*1~
REF*6R*E5SQ0003148605-7~
SVC*HC>97110>GP*31.29*0*0421*0**1~
DTM*472*20200907~
CAS*CO*231*31.29*1~
REF*6R*E5SQ0003148605-6~
SVC*HC>97530>GO*67.1*0*0431*2~
DTM*472*20200907~
CAS*CO*45*28.02~
CAS*PR*3*39.08~
REF*6R*E5SQ0003148605-21~
AMT*B6*39.08~
SVC*HC>92507>GN*77.25*0*0441*0**1~
DTM*472*20200907~
CAS*CO*96*77.25*1~
REF*6R*E5SQ0003148605-32~
LQ*HE*N115~
SVC*HC>97112>GP*32.6*0*0421*0**1~
DTM*472*20200908~
CAS*CO*231*32.6*1~
REF*6R*E5SQ0003148605-9~
SVC*HC>97110>GP*31.29*0*0421*0**1~
DTM*472*20200908~
CAS*CO*231*31.29*1~
REF*6R*E5SQ0003148605-8~
SVC*HC>97530>GO*67.1*0*0431*2~
DTM*472*20200908~
CAS*CO*45*28.02~
CAS*PR*3*39.08~
REF*6R*E5SQ0003148605-22~
AMT*B6*39.08~
SVC*HC>92507>GN*77.25*0*0441*0**1~
DTM*472*20200908~
CAS*CO*96*77.25*1~
REF*6R*E5SQ0003148605-33~
LQ*HE*N115~
SVC*HC>97530>GP*33.55*9.54*0421*1~
DTM*472*20200909~
CAS*CO*45*14.01~
CAS*PR*3*10~
REF*6R*E5SQ0003148605-12~
AMT*B6*19.54~
LQ*HE*N59~
SVC*HC>97112>GP*32.6*0*0421*0**1~
DTM*472*20200909~
CAS*CO*231*32.6*1~
REF*6R*E5SQ0003148605-11~
SVC*HC>97110>GP*31.29*0*0421*0**1~
DTM*472*20200909~
CAS*CO*231*31.29*1~
REF*6R*E5SQ0003148605-10~
SVC*HC>97530>GO*67.1*9.08*0431*2~
DTM*472*20200909~
CAS*CO*45*28.02~
CAS*PR*3*30~
REF*6R*E5SQ0003148605-23~
AMT*B6*39.08~
LQ*HE*N59~
SVC*HC>92507>GN*77.25*0*0441*0**1~
DTM*472*20200909~
CAS*CO*96*77.25*1~
REF*6R*E5SQ0003148605-34~
LQ*HE*N115~
SVC*HC>97112>GP*32.6*0*0421*0**1~
DTM*472*20200910~
CAS*CO*231*32.6*1~
REF*6R*E5SQ0003148605-14~
SVC*HC>97110>GP*31.29*0*0421*0**1~
DTM*472*20200910~
CAS*CO*231*31.29*1~
REF*6R*E5SQ0003148605-13~
SVC*HC>97530>GO*33.55*0*0431*1~
DTM*472*20200910~
CAS*CO*45*14.01~
CAS*PR*3*19.54~
REF*6R*E5SQ0003148605-25~
AMT*B6*19.54~
SVC*HC>97110>GO*31.29*0*0431*0**1~
DTM*472*20200910~
CAS*CO*231*31.29*1~
REF*6R*E5SQ0003148605-24~
SVC*HC>92507>GN*77.25*0*0441*0**1~
DTM*472*20200910~
CAS*CO*96*77.25*1~
REF*6R*E5SQ0003148605-35~
LQ*HE*N115~
SVC*HC>97112>GP*32.6*0*0421*0**1~
DTM*472*20200911~
CAS*CO*231*32.6*1~
REF*6R*E5SQ0003148605-16~
SVC*HC>97110>GP*31.29*0*0421*0**1~
DTM*472*20200911~
CAS*CO*231*31.29*1~
REF*6R*E5SQ0003148605-15~
SVC*HC>97535>GO*33.91*0*0431*0**1~
DTM*472*20200911~
CAS*CO*231*33.91*1~
REF*6R*E5SQ0003148605-27~
SVC*HC>97530>GO*33.55*0*0431*1~
DTM*472*20200911~
CAS*CO*45*14.01~
CAS*PR*3*19.54~
REF*6R*E5SQ0003148605-26~
AMT*B6*19.54~
SVC*HC>92507>GN*77.25*0*0441*0**1~
DTM*472*20200911~
CAS*CO*96*77.25*1~
REF*6R*E5SQ0003148605-36~
LQ*HE*N115~
SVC*HC>97112>GP*32.6*0*0421*0**1~
DTM*472*20200914~
CAS*CO*231*32.6*1~
REF*6R*E5SQ0003148605-18~
SVC*HC>97110>GP*31.29*0*0421*0**1~
DTM*472*20200914~
CAS*CO*231*31.29*1~
REF*6R*E5SQ0003148605-17~
SVC*HC>97530>GO*100.65*18.62*0431*3~
DTM*472*20200914~
CAS*CO*45*42.03~
CAS*PR*3*40~
REF*6R*E5SQ0003148605-29~
AMT*B6*58.62~
LQ*HE*N59~
SVC*HC>97110>GO*31.29*0*0431*0**1~
DTM*472*20200914~
CAS*CO*231*31.29*1~
REF*6R*E5SQ0003148605-28~
SVC*HC>92507>GN*77.25*0*0441*0**1~
DTM*472*20200914~
CAS*CO*96*77.25*1~
REF*6R*E5SQ0003148605-37~
LQ*HE*N115~
SE*346*0955~
GE*1*1~
IEA*1*100358959~
