ISA*00*          *00*          *01*030240928      *ZZ*XXXXXXXXXXXXXXX*220118*2131*^*00501*262695605*0*P*>~
GS*HP*030240928*XX*20220118*2131*1*X*005010X221A1~
ST*835*1002~
BPR*I*549*C*CHK************20220118~
TRN*1*185947*1113765171~
DTM*405*20220118~
N1*PR*MCHP*XV*59064~
N3*1643 HARRISON PARKWAY, BUILDING H SUITE 200~
N4*FORT LAUDERDALE*FL*33323~
REF*2U*59064~
PER*CX**TE*9546223495~
PER*BL*SFCCN IS*EM*ALL_SFCCN_DECS@SFCCN.ORG*TE*954.622.3354~
N1*PE*EXACT SCIENCES LABORATORIES*XX*1629407069~
N3*27277 NETWORK PLACE~
N4*CHICAGO*IL*606731272~
REF*TJ*463095174~
LX*1~
CLP*P1054690710*1*681*549**15*22982334*81*1~
NM1*QC*1*MCCUTCHEON*CHARLES****MI*99007120200~
NM1*74*1***TRACY~
NM1*82*2*EXACT SCIENCES LABORATORIES*****XX*1629407069~
REF*EA*E3124554~
DTM*232*20220103~
DTM*233*20220103~
DTM*050*20220114~
AMT*AU*681~
SVC*HC>81528*681*549~
DTM*472*20220103~
CAS*CO*45*132~
REF*6R*EXSC0010317640-1~
AMT*B6*549~
SE*30*1002~
GE*1*1~
IEA*1*262695605~
