ISA*00*          *00*          *ZZ*133052274      *ZZ*XXXXXXXXXXXXXXX*220119*0250*^*00501*100358959*0*P*>~
GS*HP*133052274*XX*20220119*0250*1*X*005010X221A1~
ST*835*1111~
BPR*I*19.3*C*ACH*CCP*01*031100209*DA*0038865237*1066033492**01*041000153*DA*01662443774*20220121~
TRN*1*160118220239027*1066033492~
REF*EV*XXXXXXXXXXXXXXXXXXXXXXXXXXXXXX~
DTM*405*20220119~
N1*PR*AETNA~
N3*151 FARMINGTON AVENUE~
N4*HARTFORD*CT*06156~
REF*2U*60054~
PER*BL*Provider Service~
N1*PE*WESLEYAN VILLAGE*XX*1528065737~
N3*807 WEST AVE~
N4*ELYRIA*OH*440355898~
REF*PQ*454418790~
REF*TJ*340714611~
LX*1~
TS3*1528065737*23*20221231*2*0~
CLP*762165000019PV*22*-715*-116.97**13*210514E468870001*23*3~
NM1*QC*1*RASMUS*GERALDINE*A***MI*MEBNGSQN~
NM1*82*2*WESLEYAN VILLAGE*****XX*1528065737~
REF*1L*466851-569~
REF*CE*PREMIER MEDICAL PLAN NET 03418~
DTM*232*20210426~
DTM*233*20210429~
DTM*050*20210514~
PER*CX**TE*8006240756~
SVC*HC>97161>GP*-166*-17.66*0424*1~
DTM*472*20210426~
CAS*CO*45*-113.34~
CAS*PR*3*-35~
REF*6R*00000000007~
LQ*HE*N59~
SVC*HC>97140>GP*-61*0*0420*0**1~
DTM*472*20210426~
CAS*CO*231*-61*1~
REF*6R*00000000003~
SVC*HC>97110>GP*-122*-36.19*0420*2~
DTM*472*20210426~
CAS*CO*45*-80.81~
CAS*PR*3*-5~
REF*6R*00000000002~
LQ*HE*N59~
SVC*HC>97035>GP*-61*-8.2*0420*1~
DTM*472*20210426~
CAS*CO*45*-52.8~
REF*6R*00000000001~
LQ*HE*N59~
SVC*HC>G0283>GP>CQ*-61*0*0420*1~
DTM*472*20210429~
CAS*CO*45*-52.21~
CAS*PR*3*-8.79~
REF*6R*00000000006~
SVC*HC>97530>GP>CQ*-122*-13.73*0420*2~
DTM*472*20210429~
CAS*CO*45*-77.06~
CAS*PR*3*-31.21~
REF*6R*00000000005~
LQ*HE*N59~
SVC*HC>97110>GP>CQ*-122*-41.19*0420*2~
DTM*472*20210429~
CAS*CO*45*-80.81~
REF*6R*00000000004~
LQ*HE*N59~
CLP*762165000019PV*1*715*136.27*80*13*211209C468870000*23*3~
NM1*QC*1*RASMUS*GERALDINE*A***MI*MEBNGSQN~
NM1*82*2*WESLEYAN VILLAGE*****XX*1528065737~
REF*1L*466851-569~
REF*CE*PREMIER MEDICAL PLAN NET 03418~
REF*F8*210514E468870001~
DTM*232*20210426~
DTM*233*20210429~
DTM*050*20211209~
PER*CX**TE*8006240756~
AMT*AU*715~
SVC*HC>97161>GP*166*17.66*0424*1~
DTM*472*20210426~
CAS*CO*45*113.34~
CAS*PR*3*35~
REF*6R*00000000007~
AMT*B6*52.66~
LQ*HE*N59~
SVC*HC>97140>GP*61*19.3*0420*1~
DTM*472*20210426~
CAS*CO*45*41.7~
REF*6R*00000000003~
AMT*B6*19.3~
LQ*HE*N59~
SVC*HC>97110>GP*122*36.19*0420*2~
DTM*472*20210426~
CAS*CO*45*80.81~
CAS*PR*3*5~
REF*6R*00000000002~
AMT*B6*41.19~
LQ*HE*N59~
SVC*HC>97035>GP*61*8.2*0420*1~
DTM*472*20210426~
CAS*CO*45*52.8~
REF*6R*00000000001~
AMT*B6*8.2~
LQ*HE*N59~
SVC*HC>G0283>GP>CQ*61*0*0420*1~
DTM*472*20210429~
CAS*CO*45*52.21~
CAS*PR*3*8.79~
REF*6R*00000000006~
AMT*B6*8.79~
SVC*HC>97530>GP>CQ*122*13.73*0420*2~
DTM*472*20210429~
CAS*CO*45*77.06~
CAS*PR*3*31.21~
REF*6R*00000000005~
AMT*B6*44.94~
LQ*HE*N59~
SVC*HC>97110>GP>CQ*122*41.19*0420*2~
DTM*472*20210429~
CAS*CO*45*80.81~
REF*6R*00000000004~
AMT*B6*41.19~
LQ*HE*N59~
SE*120*1111~
ST*835*1730~
BPR*I*11768.58*C*ACH*CCP*01*031100209*DA*0038865237*1066033492**01*041000153*DA*01662443774*20220121~
TRN*1*160118220263558*1066033492~
REF*EV*XXXXXXXXXXXXXXXXXXXXXXXXXXXXXX~
DTM*405*20220119~
N1*PR*AETNA~
N3*151 FARMINGTON AVENUE~
N4*HARTFORD*CT*06156~
REF*2U*60054~
PER*BL*Provider Service~
N1*PE*WESLEYAN VILLAGE*XX*1528065737~
N3*807 WEST AVE~
N4*ELYRIA*OH*440355898~
REF*PQ*454418790~
REF*TJ*340714611~
LX*1~
TS3*1528065737*11*20221231*11*35471~
CLP*76191800001WF1*1*3948*1211.02*50.49*13*220115E017140000*23*3~
NM1*QC*1*REDON*MILDRED*T***MI*MEBF09GB~
NM1*82*2*WESLEYAN VILLAGE*****XX*1528065737~
REF*1L*455716-062~
REF*CE*STRS PPO PLAN NET 03418~
DTM*232*20211202~
DTM*233*20211229~
DTM*050*20220115~
PER*CX**TE*8006240756~
AMT*AU*3782~
SVC*HC>97162>GP*166*0*0424*0**1~
DTM*472*20211202~
CAS*CO*119*166*1~
REF*6R*00000000047~
LQ*HE*N640~
SVC*HC>97116>GP>59*61*17.46*0420*1~
DTM*472*20211202~
CAS*CO*45*42.81~
CAS*PR*2*.73~
REF*6R*00000000001~
AMT*B6*18.19~
LQ*HE*N59~
SVC*HC>97530>GP*61*21.57*0420*1~
DTM*472*20211202~
CAS*CO*45*38.53~
CAS*PR*2*.9~
REF*6R*00000000002~
AMT*B6*22.47~
LQ*HE*N59~
SVC*HC>97110>GP*61*19.78*0420*1~
DTM*472*20211206~
CAS*CO*45*40.4~
CAS*PR*2*.82~
REF*6R*00000000003~
AMT*B6*20.6~
LQ*HE*N59~
SVC*HC>97112>GP*61*20.58*0420*1~
DTM*472*20211206~
CAS*CO*45*39.56~
CAS*PR*2*.86~
REF*6R*00000000004~
AMT*B6*21.44~
LQ*HE*N59~
SVC*HC>97116>GP>59*61*17.46*0420*1~
DTM*472*20211206~
CAS*CO*45*42.81~
CAS*PR*2*.73~
REF*6R*00000000005~
AMT*B6*18.19~
LQ*HE*N59~
SVC*HC>97530>GP*61*21.57*0420*1~
DTM*472*20211206~
CAS*CO*45*38.53~
CAS*PR*2*.9~
REF*6R*00000000006~
AMT*B6*22.47~
LQ*HE*N59~
SVC*HC>97112>GP*61*20.58*0420*1~
DTM*472*20211207~
CAS*CO*45*39.56~
CAS*PR*2*.86~
REF*6R*00000000007~
AMT*B6*21.44~
LQ*HE*N59~
SVC*HC>97116>GP>59*61*17.46*0420*1~
DTM*472*20211207~
CAS*CO*45*42.81~
CAS*PR*2*.73~
REF*6R*00000000008~
AMT*B6*18.19~
LQ*HE*N59~
SVC*HC>97140>GP*61*18.53*0420*1~
DTM*472*20211207~
CAS*CO*45*41.7~
CAS*PR*2*.77~
REF*6R*00000000009~
AMT*B6*19.3~
LQ*HE*N59~
SVC*HC>97530>GP>59*122*43.14*0420*2~
DTM*472*20211207~
CAS*CO*45*77.06~
CAS*PR*2*1.8~
REF*6R*00000000010~
AMT*B6*44.94~
LQ*HE*N59~
SVC*HC>97110>GP*61*19.78*0420*1~
DTM*472*20211210~
CAS*CO*45*40.4~
CAS*PR*2*.82~
REF*6R*00000000011~
AMT*B6*20.6~
LQ*HE*N59~
SVC*HC>97112>GP*61*20.58*0420*1~
DTM*472*20211210~
CAS*CO*45*39.56~
CAS*PR*2*.86~
REF*6R*00000000012~
AMT*B6*21.44~
LQ*HE*N59~
SVC*HC>97116>GP>59*122*34.93*0420*2~
DTM*472*20211210~
CAS*CO*45*85.61~
CAS*PR*2*1.46~
REF*6R*00000000013~
AMT*B6*36.39~
LQ*HE*N59~
SVC*HC>97530>GP*61*21.57*0420*1~
DTM*472*20211210~
CAS*CO*45*38.53~
CAS*PR*2*.9~
REF*6R*00000000014~
AMT*B6*22.47~
LQ*HE*N59~
SVC*HC>97110>GP*61*19.78*0420*1~
DTM*472*20211213~
CAS*CO*45*40.4~
CAS*PR*2*.82~
REF*6R*00000000015~
AMT*B6*20.6~
LQ*HE*N59~
SVC*HC>97112>GP*61*20.58*0420*1~
DTM*472*20211213~
CAS*CO*45*39.56~
CAS*PR*2*.86~
REF*6R*00000000016~
AMT*B6*21.44~
LQ*HE*N59~
SVC*HC>97116>GP>59*61*17.46*0420*1~
DTM*472*20211213~
CAS*CO*45*42.81~
CAS*PR*2*.73~
REF*6R*00000000017~
AMT*B6*18.19~
LQ*HE*N59~
SVC*HC>97530>GP*122*43.14*0420*2~
DTM*472*20211213~
CAS*CO*45*77.06~
CAS*PR*2*1.8~
REF*6R*00000000018~
AMT*B6*44.94~
LQ*HE*N59~
SVC*HC>97110>GP*61*19.78*0420*1~
DTM*472*20211215~
CAS*CO*45*40.4~
CAS*PR*2*.82~
REF*6R*00000000019~
AMT*B6*20.6~
LQ*HE*N59~
SVC*HC>97112>GP*61*20.58*0420*1~
DTM*472*20211215~
CAS*CO*45*39.56~
CAS*PR*2*.86~
REF*6R*00000000020~
AMT*B6*21.44~
LQ*HE*N59~
SVC*HC>97116>GP>59*122*34.93*0420*2~
DTM*472*20211215~
CAS*CO*45*85.61~
CAS*PR*2*1.46~
REF*6R*00000000021~
AMT*B6*36.39~
LQ*HE*N59~
SVC*HC>97530>GP*61*21.57*0420*1~
DTM*472*20211215~
CAS*CO*45*38.53~
CAS*PR*2*.9~
REF*6R*00000000022~
AMT*B6*22.47~
LQ*HE*N59~
SVC*HC>97110>GP*61*19.78*0420*1~
DTM*472*20211217~
CAS*CO*45*40.4~
CAS*PR*2*.82~
REF*6R*00000000023~
AMT*B6*20.6~
LQ*HE*N59~
SVC*HC>97112>GP*122*41.16*0420*2~
DTM*472*20211217~
CAS*CO*45*79.13~
CAS*PR*2*1.71~
REF*6R*00000000024~
AMT*B6*42.87~
LQ*HE*N59~
SVC*HC>97116>GP>59*61*17.46*0420*1~
DTM*472*20211217~
CAS*CO*45*42.81~
CAS*PR*2*.73~
REF*6R*00000000025~
AMT*B6*18.19~
LQ*HE*N59~
SVC*HC>97530>GP*122*43.14*0420*2~
DTM*472*20211217~
CAS*CO*45*77.06~
CAS*PR*2*1.8~
REF*6R*00000000026~
AMT*B6*44.94~
LQ*HE*N59~
SVC*HC>97024>GP*61*3.99*0420*1~
DTM*472*20211220~
CAS*CO*45*56.84~
CAS*PR*2*.17~
REF*6R*00000000027~
AMT*B6*4.16~
LQ*HE*N59~
SVC*HC>97110>GP*61*19.78*0420*1~
DTM*472*20211220~
CAS*CO*45*40.4~
CAS*PR*2*.82~
REF*6R*00000000028~
AMT*B6*20.6~
LQ*HE*N59~
SVC*HC>97112>GP*61*20.58*0420*1~
DTM*472*20211220~
CAS*CO*45*39.56~
CAS*PR*2*.86~
REF*6R*00000000029~
AMT*B6*21.44~
LQ*HE*N59~
SVC*HC>97116>GP>59*61*17.46*0420*1~
DTM*472*20211220~
CAS*CO*45*42.81~
CAS*PR*2*.73~
REF*6R*00000000030~
AMT*B6*18.19~
LQ*HE*N59~
SVC*HC>97530>GP*122*43.14*0420*2~
DTM*472*20211220~
CAS*CO*45*77.06~
CAS*PR*2*1.8~
REF*6R*00000000031~
AMT*B6*44.94~
LQ*HE*N59~
SVC*HC>97110>GP*122*39.54*0420*2~
DTM*472*20211222~
CAS*CO*45*80.81~
CAS*PR*2*1.65~
REF*6R*00000000032~
AMT*B6*41.19~
LQ*HE*N59~
SVC*HC>97112>GP*61*20.58*0420*1~
DTM*472*20211222~
CAS*CO*45*39.56~
CAS*PR*2*.86~
REF*6R*00000000033~
AMT*B6*21.44~
LQ*HE*N59~
SVC*HC>97116>GP>59*122*34.93*0420*2~
DTM*472*20211222~
CAS*CO*45*85.61~
CAS*PR*2*1.46~
REF*6R*00000000034~
AMT*B6*36.39~
LQ*HE*N59~
SVC*HC>97530>GP*61*21.57*0420*1~
DTM*472*20211222~
CAS*CO*45*38.53~
CAS*PR*2*.9~
REF*6R*00000000035~
AMT*B6*22.47~
LQ*HE*N59~
SVC*HC>97110>GP*61*19.78*0420*1~
DTM*472*20211224~
CAS*CO*45*40.4~
CAS*PR*2*.82~
REF*6R*00000000036~
AMT*B6*20.6~
LQ*HE*N59~
SVC*HC>97112>GP*61*20.58*0420*1~
DTM*472*20211224~
CAS*CO*45*39.56~
CAS*PR*2*.86~
REF*6R*00000000037~
AMT*B6*21.44~
LQ*HE*N59~
SVC*HC>97116>GP>59*122*34.93*0420*2~
DTM*472*20211224~
CAS*CO*45*85.61~
CAS*PR*2*1.46~
REF*6R*00000000038~
AMT*B6*36.39~
LQ*HE*N59~
SVC*HC>97530>GP*122*43.14*0420*2~
DTM*472*20211224~
CAS*CO*45*77.06~
CAS*PR*2*1.8~
REF*6R*00000000039~
AMT*B6*44.94~
LQ*HE*N59~
SVC*HC>97110>GP*61*19.78*0420*1~
DTM*472*20211227~
CAS*CO*45*40.4~
CAS*PR*2*.82~
REF*6R*00000000040~
AMT*B6*20.6~
LQ*HE*N59~
SVC*HC>97112>GP*122*41.16*0420*2~
DTM*472*20211227~
CAS*CO*45*79.13~
CAS*PR*2*1.71~
REF*6R*00000000041~
AMT*B6*42.87~
LQ*HE*N59~
SVC*HC>97116>GP>59*183*52.4*0420*3~
DTM*472*20211227~
CAS*CO*45*128.42~
CAS*PR*2*2.18~
REF*6R*00000000042~
AMT*B6*54.58~
LQ*HE*N59~
SVC*HC>97530>GP*61*21.57*0420*1~
DTM*472*20211227~
CAS*CO*45*38.53~
CAS*PR*2*.9~
REF*6R*00000000043~
AMT*B6*22.47~
LQ*HE*N59~
SVC*HC>97112>GP*122*41.16*0420*2~
DTM*472*20211229~
CAS*CO*45*79.13~
CAS*PR*2*1.71~
REF*6R*00000000044~
AMT*B6*42.87~
LQ*HE*N59~
SVC*HC>97116>GP>59*61*17.46*0420*1~
DTM*472*20211229~
CAS*CO*45*42.81~
CAS*PR*2*.73~
REF*6R*00000000045~
AMT*B6*18.19~
LQ*HE*N59~
SVC*HC>97530>GP*122*43.14*0420*2~
DTM*472*20211229~
CAS*CO*45*77.06~
CAS*PR*2*1.8~
REF*6R*00000000046~
AMT*B6*44.94~
LQ*HE*N59~
CLP*76188200001VIR*1*166*52.66**13*220115E042410000*23*3~
NM1*QC*1*QUESENBERRY*HALLIE****MI*MEBNS24Y~
NM1*82*2*WESLEYAN VILLAGE*****XX*1528065737~
REF*1L*467484-038~
REF*CE*MEDICARE (S02) PPO PLAN NET 03418~
DTM*232*20211118~
DTM*233*20211118~
DTM*050*20220115~
PER*CX**TE*8006240756~
AMT*AU*166~
SVC*HC>97162>GP*166*52.66*0424*1~
DTM*472*20211118~
CAS*CO*45*113.34~
REF*6R*00000000001~
AMT*B6*52.66~
LQ*HE*N59~
CLP*76202200001VIT*1*3687*1212.84*73.75*13*220115E042420000*23*2~
NM1*QC*1*SCOTT*JOHN*W***MI*MEBNMCDN~
NM1*82*2*WESLEYAN VILLAGE*****XX*1528065737~
REF*1L*441299-002~
REF*CE*MEDICARE (S02) PPO PLAN NET 03418~
DTM*232*20211116~
DTM*233*20211130~
DTM*050*20220115~
PER*CX**TE*8006240756~
AMT*AU*3687~
SVC*HC>97162>GP*166*47.39*0424*1~
DTM*472*20211116~
CAS*CO*45*113.34~
CAS*PR*2*5.27~
REF*6R*00000000017~
AMT*B6*52.66~
LQ*HE*N59~
SVC*HC>97166>GO*166*46.01*0434*1~
DTM*472*20211116~
CAS*CO*45*114.88~
CAS*PR*2*5.11~
REF*6R*00000000034~
AMT*B6*51.12~
LQ*HE*N59~
SVC*HC>97530>GP*61*20.22*0420*1~
DTM*472*20211116~
CAS*CO*45*38.53~
CAS*PR*2*2.25~
REF*6R*00000000001~
AMT*B6*22.47~
LQ*HE*N59~
SVC*HC>97530>GO*183*60.67*0430*3~
DTM*472*20211116~
CAS*CO*45*115.59~
CAS*PR*2*6.74~
REF*6R*00000000018~
AMT*B6*67.41~
LQ*HE*N59~
SVC*HC>97535>GO>59*61*20.05*0430*1~
DTM*472*20211116~
CAS*CO*45*38.72~
CAS*PR*2*2.23~
REF*6R*00000000019~
AMT*B6*22.28~
LQ*HE*N59~
SVC*HC>97110>GP*122*37.07*0420*2~
DTM*472*20211117~
CAS*CO*45*80.81~
CAS*PR*2*4.12~
REF*6R*00000000002~
AMT*B6*41.19~
LQ*HE*N59~
SVC*HC>97112>GP*122*38.58*0420*2~
DTM*472*20211117~
CAS*CO*45*79.13~
CAS*PR*2*4.29~
REF*6R*00000000003~
AMT*B6*42.87~
LQ*HE*N59~
SVC*HC>97530>GP*61*20.22*0420*1~
DTM*472*20211117~
CAS*CO*45*38.53~
CAS*PR*2*2.25~
REF*6R*00000000004~
AMT*B6*22.47~
LQ*HE*N59~
SVC*HC>97110>GO*61*18.54*0430*1~
DTM*472*20211117~
CAS*CO*45*40.4~
CAS*PR*2*2.06~
REF*6R*00000000020~
AMT*B6*20.6~
LQ*HE*N59~
SVC*HC>97530>GO*122*40.45*0430*2~
DTM*472*20211117~
CAS*CO*45*77.06~
CAS*PR*2*4.49~
REF*6R*00000000021~
AMT*B6*44.94~
LQ*HE*N59~
SVC*HC>97535>GO>59*61*20.05*0430*1~
DTM*472*20211117~
CAS*CO*45*38.72~
CAS*PR*2*2.23~
REF*6R*00000000022~
AMT*B6*22.28~
LQ*HE*N59~
SVC*HC>97110>GP*122*37.07*0420*2~
DTM*472*20211122~
CAS*CO*45*80.81~
CAS*PR*2*4.12~
REF*6R*00000000005~
AMT*B6*41.19~
LQ*HE*N59~
SVC*HC>97112>GP*122*38.58*0420*2~
DTM*472*20211122~
CAS*CO*45*79.13~
CAS*PR*2*4.29~
REF*6R*00000000006~
AMT*B6*42.87~
LQ*HE*N59~
SVC*HC>97116>GP>59*61*16.37*0420*1~
DTM*472*20211122~
CAS*CO*45*42.81~
CAS*PR*2*1.82~
REF*6R*00000000007~
AMT*B6*18.19~
LQ*HE*N59~
SVC*HC>97110>GO*183*55.61*0430*3~
DTM*472*20211122~
CAS*CO*45*121.21~
CAS*PR*2*6.18~
REF*6R*00000000023~
AMT*B6*61.79~
LQ*HE*N59~
SVC*HC>97530>GO*61*20.22*0430*1~
DTM*472*20211122~
CAS*CO*45*38.53~
CAS*PR*2*2.25~
REF*6R*00000000024~
AMT*B6*22.47~
LQ*HE*N59~
SVC*HC>97535>GO>59*61*20.05*0430*1~
DTM*472*20211122~
CAS*CO*45*38.72~
CAS*PR*2*2.23~
REF*6R*00000000025~
AMT*B6*22.28~
LQ*HE*N59~
SVC*HC>97530>GO*61*20.22*0430*1~
DTM*472*20211123~
CAS*CO*45*38.53~
CAS*PR*2*2.25~
REF*6R*00000000026~
AMT*B6*22.47~
LQ*HE*N59~
SVC*HC>97110>GP*61*18.54*0420*1~
DTM*472*20211124~
CAS*CO*45*40.4~
CAS*PR*2*2.06~
REF*6R*00000000008~
AMT*B6*20.6~
LQ*HE*N59~
SVC*HC>97112>GP*122*38.58*0420*2~
DTM*472*20211124~
CAS*CO*45*79.13~
CAS*PR*2*4.29~
REF*6R*00000000009~
AMT*B6*42.87~
LQ*HE*N59~
SVC*HC>97530>GP*122*41.72*0420*2~
DTM*472*20211124~
CAS*CO*45*77.06~
CAS*PR*2*3.22~
REF*6R*00000000010~
AMT*B6*44.94~
LQ*HE*N59~
SVC*HC>97110>GO*122*41.19*0430*2~
DTM*472*20211124~
CAS*CO*45*80.81~
REF*6R*00000000027~
AMT*B6*41.19~
LQ*HE*N59~
SVC*HC>97530>GO*183*67.41*0430*3~
DTM*472*20211124~
CAS*CO*45*115.59~
REF*6R*00000000028~
AMT*B6*67.41~
LQ*HE*N59~
SVC*HC>97110>GP*61*20.6*0420*1~
DTM*472*20211126~
CAS*CO*45*40.4~
REF*6R*00000000011~
AMT*B6*20.6~
LQ*HE*N59~
SVC*HC>97112>GP*183*64.31*0420*3~
DTM*472*20211126~
CAS*CO*45*118.69~
REF*6R*00000000012~
AMT*B6*64.31~
LQ*HE*N59~
SVC*HC>97530>GP*61*22.47*0420*1~
DTM*472*20211126~
CAS*CO*45*38.53~
REF*6R*00000000013~
AMT*B6*22.47~
LQ*HE*N59~
SVC*HC>97110>GO*122*41.19*0430*2~
DTM*472*20211126~
CAS*CO*45*80.81~
REF*6R*00000000029~
AMT*B6*41.19~
LQ*HE*N59~
SVC*HC>97530>GO*122*44.94*0430*2~
DTM*472*20211126~
CAS*CO*45*77.06~
REF*6R*00000000030~
AMT*B6*44.94~
LQ*HE*N59~
SVC*HC>97535>GO>59*61*22.28*0430*1~
DTM*472*20211126~
CAS*CO*45*38.72~
REF*6R*00000000031~
AMT*B6*22.28~
LQ*HE*N59~
SVC*HC>97110>GP*61*20.6*0420*1~
DTM*472*20211129~
CAS*CO*45*40.4~
REF*6R*00000000014~
AMT*B6*20.6~
LQ*HE*N59~
SVC*HC>97112>GP*183*64.31*0420*3~
DTM*472*20211129~
CAS*CO*45*118.69~
REF*6R*00000000015~
AMT*B6*64.31~
LQ*HE*N59~
SVC*HC>97530>GP*61*22.47*0420*1~
DTM*472*20211129~
CAS*CO*45*38.53~
REF*6R*00000000016~
AMT*B6*22.47~
LQ*HE*N59~
SVC*HC>97110>GO*244*82.39*0430*4~
DTM*472*20211130~
CAS*CO*45*161.61~
REF*6R*00000000032~
AMT*B6*82.39~
LQ*HE*N59~
SVC*HC>97530>GO*61*22.47*0430*1~
DTM*472*20211130~
CAS*CO*45*38.53~
REF*6R*00000000033~
AMT*B6*22.47~
LQ*HE*N59~
CLP*76194900001WJT*1*1308*422.65**13*220115E068200000*22*2~
NM1*QC*1*LAUGHREY*GAYLE*MARLENE***MI*MEBTG20B~
NM1*74*1*LAUGHREY JR**M~
NM1*82*2*WESLEYAN VILLAGE*****XX*1528065737~
REF*1L*464153-055~
REF*CE*MEDICARE (P01) ESA PPO PLAN NET 03418~
DTM*232*20211223~
DTM*233*20211231~
DTM*050*20220115~
PER*CX**TE*8006240756~
AMT*AU*1247~
SVC*HC>97110>GP*61*20.6*0420*1~
DTM*472*20211223~
CAS*CO*45*40.4~
REF*6R*00000000001~
AMT*B6*20.6~
LQ*HE*N59~
SVC*HC>97112>GP*61*21.44*0420*1~
DTM*472*20211223~
CAS*CO*45*39.56~
REF*6R*00000000002~
AMT*B6*21.44~
LQ*HE*N59~
SVC*HC>97530>GP*61*22.47*0420*1~
DTM*472*20211223~
CAS*CO*45*38.53~
REF*6R*00000000003~
AMT*B6*22.47~
LQ*HE*N59~
SVC*HC>97530>GO*61*22.47*0430*1~
DTM*472*20211223~
CAS*CO*45*38.53~
REF*6R*00000000009~
AMT*B6*22.47~
LQ*HE*N59~
SVC*HC>97116>GP*61*18.19*0420*1~
DTM*472*20211224~
CAS*CO*45*42.81~
REF*6R*00000000004~
AMT*B6*18.19~
LQ*HE*N59~
SVC*HC>97530>GP*61*22.47*0420*1~
DTM*472*20211224~
CAS*CO*45*38.53~
REF*6R*00000000005~
AMT*B6*22.47~
LQ*HE*N59~
SVC*HC>97530>GO*61*22.47*0430*1~
DTM*472*20211224~
CAS*CO*45*38.53~
REF*6R*00000000010~
AMT*B6*22.47~
LQ*HE*N59~
SVC*HC>97535>GO*61*0*0430*0**1~
DTM*472*20211224~
CAS*CO*231*61*1~
REF*6R*00000000011~
SVC*HC>97161>GP*166*52.66*0424*1~
DTM*472*20211227~
CAS*CO*45*113.34~
REF*6R*00000000008~
AMT*B6*52.66~
LQ*HE*N59~
SVC*HC>97112>GP*122*42.87*0420*2~
DTM*472*20211227~
CAS*CO*45*79.13~
REF*6R*00000000006~
AMT*B6*42.87~
LQ*HE*N59~
SVC*HC>97116>GP*122*36.39*0420*2~
DTM*472*20211227~
CAS*CO*45*85.61~
REF*6R*00000000007~
AMT*B6*36.39~
LQ*HE*N59~
SVC*HC>97166>GO*166*51.12*0434*1~
DTM*472*20211228~
CAS*CO*45*114.88~
REF*6R*00000000016~
AMT*B6*51.12~
LQ*HE*N59~
SVC*HC>97535>GO*61*22.28*0430*1~
DTM*472*20211228~
CAS*CO*45*38.72~
REF*6R*00000000012~
AMT*B6*22.28~
LQ*HE*N59~
SVC*HC>97530>GO*61*22.47*0430*1~
DTM*472*20211229~
CAS*CO*45*38.53~
REF*6R*00000000013~
AMT*B6*22.47~
LQ*HE*N59~
SVC*HC>97530>GO*61*22.47*0430*1~
DTM*472*20211231~
CAS*CO*45*38.53~
REF*6R*00000000014~
AMT*B6*22.47~
LQ*HE*N59~
SVC*HC>97535>GO>59*61*22.28*0430*1~
DTM*472*20211231~
CAS*CO*45*38.72~
REF*6R*00000000015~
AMT*B6*22.28~
LQ*HE*N59~
CLP*76192900001WF5*1*4375*1085.25*335*13*220115E068210000*23*2~
NM1*QC*1*NAGY*LOUISE*A***MI*MEBM0ZPJ~
NM1*82*2*WESLEYAN VILLAGE*****XX*1528065737~
REF*1L*466915-065~
REF*CE*USS MEDICARE PPO PLAN NET 03418~
DTM*232*20211201~
DTM*233*20211230~
DTM*050*20220115~
PER*CX**TE*8006240756~
AMT*AU*4375~
SVC*HC>97162>GP*166*17.66*0424*1~
DTM*472*20211201~
CAS*CO*45*113.34~
CAS*PR*3*35~
REF*6R*00000000056~
AMT*B6*52.66~
LQ*HE*N59~
LQ*HE*N783~
SVC*HC>97116>GP>59*61*18.19*0420*1~
DTM*472*20211201~
CAS*CO*45*42.81~
REF*6R*00000000001~
AMT*B6*18.19~
LQ*HE*N59~
SVC*HC>97530>GP*61*22.47*0420*1~
DTM*472*20211201~
CAS*CO*45*38.53~
REF*6R*00000000002~
AMT*B6*22.47~
LQ*HE*N59~
SVC*HC>97110>GP>59*61*0*0420*1~
DTM*472*20211202~
CAS*CO*45*40.4~
CAS*PR*3*20.6~
REF*6R*00000000003~
AMT*B6*20.6~
LQ*HE*N783~
SVC*HC>97112>GP>59*61*17.04*0420*1~
DTM*472*20211202~
CAS*CO*45*39.56~
CAS*PR*3*4.4~
REF*6R*00000000004~
AMT*B6*21.44~
LQ*HE*N59~
LQ*HE*N783~
SVC*HC>97116>GP>59*122*36.39*0420*2~
DTM*472*20211202~
CAS*CO*45*85.61~
REF*6R*00000000005~
AMT*B6*36.39~
LQ*HE*N59~
SVC*HC>97150>GP*61*11.28*0420*1~
DTM*472*20211202~
CAS*CO*45*49.72~
REF*6R*00000000006~
AMT*B6*11.28~
LQ*HE*N59~
SVC*HC>97530>GP>59*61*22.47*0420*1~
DTM*472*20211202~
CAS*CO*45*38.53~
REF*6R*00000000007~
AMT*B6*22.47~
LQ*HE*N59~
SVC*HC>97110>GP*61*0*0420*1~
DTM*472*20211207~
CAS*CO*45*40.4~
CAS*PR*3*20.6~
REF*6R*00000000008~
AMT*B6*20.6~
LQ*HE*N783~
SVC*HC>97116>GP>59*61*13.79*0420*1~
DTM*472*20211207~
CAS*CO*45*42.81~
CAS*PR*3*4.4~
REF*6R*00000000009~
AMT*B6*18.19~
LQ*HE*N59~
LQ*HE*N783~
SVC*HC>97530>GP*61*22.47*0420*1~
DTM*472*20211207~
CAS*CO*45*38.53~
REF*6R*00000000010~
AMT*B6*22.47~
LQ*HE*N59~
SVC*HC>97110>GP>59*61*0*0420*1~
DTM*472*20211208~
CAS*CO*45*40.4~
CAS*PR*3*20.6~
REF*6R*00000000011~
AMT*B6*20.6~
LQ*HE*N783~
SVC*HC>97112>GP>59*61*17.04*0420*1~
DTM*472*20211208~
CAS*CO*45*39.56~
CAS*PR*3*4.4~
REF*6R*00000000012~
AMT*B6*21.44~
LQ*HE*N59~
LQ*HE*N783~
SVC*HC>97116>GP>59*122*36.39*0420*2~
DTM*472*20211208~
CAS*CO*45*85.61~
REF*6R*00000000013~
AMT*B6*36.39~
LQ*HE*N59~
SVC*HC>97150>GP*61*11.28*0420*1~
DTM*472*20211208~
CAS*CO*45*49.72~
REF*6R*00000000014~
AMT*B6*11.28~
LQ*HE*N59~
SVC*HC>97530>GP>59*61*22.47*0420*1~
DTM*472*20211208~
CAS*CO*45*38.53~
REF*6R*00000000015~
AMT*B6*22.47~
LQ*HE*N59~
SVC*HC>97110>GP*61*0*0420*1~
DTM*472*20211209~
CAS*CO*45*40.4~
CAS*PR*3*20.6~
REF*6R*00000000016~
AMT*B6*20.6~
LQ*HE*N783~
SVC*HC>97112>GP*61*17.04*0420*1~
DTM*472*20211209~
CAS*CO*45*39.56~
CAS*PR*3*4.4~
REF*6R*00000000017~
AMT*B6*21.44~
LQ*HE*N59~
LQ*HE*N783~
SVC*HC>97116>GP>59*122*36.39*0420*2~
DTM*472*20211209~
CAS*CO*45*85.61~
REF*6R*00000000018~
AMT*B6*36.39~
LQ*HE*N59~
SVC*HC>97530>GP*61*22.47*0420*1~
DTM*472*20211209~
CAS*CO*45*38.53~
REF*6R*00000000019~
AMT*B6*22.47~
LQ*HE*N59~
SVC*HC>97112>GP>59*122*17.87*0420*2~
DTM*472*20211214~
CAS*CO*45*79.13~
CAS*PR*3*25~
REF*6R*00000000020~
AMT*B6*42.87~
LQ*HE*N59~
LQ*HE*N783~
SVC*HC>97116>GP>59*61*18.19*0420*1~
DTM*472*20211214~
CAS*CO*45*42.81~
REF*6R*00000000021~
AMT*B6*18.19~
LQ*HE*N59~
SVC*HC>97150>GP*61*11.28*0420*1~
DTM*472*20211214~
CAS*CO*45*49.72~
REF*6R*00000000022~
AMT*B6*11.28~
LQ*HE*N59~
SVC*HC>97530>GP>59*122*44.94*0420*2~
DTM*472*20211214~
CAS*CO*45*77.06~
REF*6R*00000000023~
AMT*B6*44.94~
LQ*HE*N59~
SVC*HC>97110>GP*61*0*0420*1~
DTM*472*20211215~
CAS*CO*45*40.4~
CAS*PR*3*20.6~
REF*6R*00000000024~
AMT*B6*20.6~
LQ*HE*N783~
SVC*HC>97112>GP*61*17.04*0420*1~
DTM*472*20211215~
CAS*CO*45*39.56~
CAS*PR*3*4.4~
REF*6R*00000000025~
AMT*B6*21.44~
LQ*HE*N59~
LQ*HE*N783~
SVC*HC>97116>GP>59*122*36.39*0420*2~
DTM*472*20211215~
CAS*CO*45*85.61~
REF*6R*00000000026~
AMT*B6*36.39~
LQ*HE*N59~
SVC*HC>97530>GP*61*22.47*0420*1~
DTM*472*20211215~
CAS*CO*45*38.53~
REF*6R*00000000027~
AMT*B6*22.47~
LQ*HE*N59~
SVC*HC>97110>GP>59*61*0*0420*1~
DTM*472*20211216~
CAS*CO*45*40.4~
CAS*PR*3*20.6~
REF*6R*00000000028~
AMT*B6*20.6~
LQ*HE*N783~
SVC*HC>97112>GP>59*122*38.47*0420*2~
DTM*472*20211216~
CAS*CO*45*79.13~
CAS*PR*3*4.4~
REF*6R*00000000029~
AMT*B6*42.87~
LQ*HE*N59~
LQ*HE*N783~
SVC*HC>97116>GP>59*61*18.19*0420*1~
DTM*472*20211216~
CAS*CO*45*42.81~
REF*6R*00000000030~
AMT*B6*18.19~
LQ*HE*N59~
SVC*HC>97150>GP*61*11.28*0420*1~
DTM*472*20211216~
CAS*CO*45*49.72~
REF*6R*00000000031~
AMT*B6*11.28~
LQ*HE*N59~
SVC*HC>97530>GP>59*61*22.47*0420*1~
DTM*472*20211216~
CAS*CO*45*38.53~
REF*6R*00000000032~
AMT*B6*22.47~
LQ*HE*N59~
SVC*HC>97110>GP*61*0*0420*1~
DTM*472*20211221~
CAS*CO*45*40.4~
CAS*PR*3*20.6~
REF*6R*00000000033~
AMT*B6*20.6~
LQ*HE*N783~
SVC*HC>97112>GP*61*17.04*0420*1~
DTM*472*20211221~
CAS*CO*45*39.56~
CAS*PR*3*4.4~
REF*6R*00000000034~
AMT*B6*21.44~
LQ*HE*N59~
LQ*HE*N783~
SVC*HC>97116>GP>59*122*36.39*0420*2~
DTM*472*20211221~
CAS*CO*45*85.61~
REF*6R*00000000035~
AMT*B6*36.39~
LQ*HE*N59~
SVC*HC>97140>GP*61*19.3*0420*1~
DTM*472*20211221~
CAS*CO*45*41.7~
REF*6R*00000000036~
AMT*B6*19.3~
LQ*HE*N59~
SVC*HC>97530>GP>59*61*22.47*0420*1~
DTM*472*20211221~
CAS*CO*45*38.53~
REF*6R*00000000037~
AMT*B6*22.47~
LQ*HE*N59~
SVC*HC>97110>GP>59*61*0*0420*1~
DTM*472*20211222~
CAS*CO*45*40.4~
CAS*PR*3*20.6~
REF*6R*00000000038~
AMT*B6*20.6~
LQ*HE*N783~
SVC*HC>97112>GP>59*61*17.04*0420*1~
DTM*472*20211222~
CAS*CO*45*39.56~
CAS*PR*3*4.4~
REF*6R*00000000039~
AMT*B6*21.44~
LQ*HE*N59~
LQ*HE*N783~
SVC*HC>97116>GP>59*61*18.19*0420*1~
DTM*472*20211222~
CAS*CO*45*42.81~
REF*6R*00000000040~
AMT*B6*18.19~
LQ*HE*N59~
SVC*HC>97150>GP*61*11.28*0420*1~
DTM*472*20211222~
CAS*CO*45*49.72~
REF*6R*00000000041~
AMT*B6*11.28~
LQ*HE*N59~
SVC*HC>97530>GP>59*122*44.94*0420*2~
DTM*472*20211222~
CAS*CO*45*77.06~
REF*6R*00000000042~
AMT*B6*44.94~
LQ*HE*N59~
SVC*HC>97110>GP*61*0*0420*1~
DTM*472*20211223~
CAS*CO*45*40.4~
CAS*PR*3*20.6~
REF*6R*00000000043~
AMT*B6*20.6~
LQ*HE*N783~
SVC*HC>97112>GP*122*38.47*0420*2~
DTM*472*20211223~
CAS*CO*45*79.13~
CAS*PR*3*4.4~
REF*6R*00000000044~
AMT*B6*42.87~
LQ*HE*N59~
LQ*HE*N783~
SVC*HC>97116>GP>59*61*18.19*0420*1~
DTM*472*20211223~
CAS*CO*45*42.81~
REF*6R*00000000045~
AMT*B6*18.19~
LQ*HE*N59~
SVC*HC>97530>GP*122*44.94*0420*2~
DTM*472*20211223~
CAS*CO*45*77.06~
REF*6R*00000000046~
AMT*B6*44.94~
LQ*HE*N59~
SVC*HC>97110>GP*61*0*0420*1~
DTM*472*20211228~
CAS*CO*45*40.4~
CAS*PR*3*20.6~
REF*6R*00000000047~
AMT*B6*20.6~
LQ*HE*N783~
SVC*HC>97112>GP*61*17.04*0420*1~
DTM*472*20211228~
CAS*CO*45*39.56~
CAS*PR*3*4.4~
REF*6R*00000000048~
AMT*B6*21.44~
LQ*HE*N59~
LQ*HE*N783~
SVC*HC>97116>GP>59*122*36.39*0420*2~
DTM*472*20211228~
CAS*CO*45*85.61~
REF*6R*00000000049~
AMT*B6*36.39~
LQ*HE*N59~
SVC*HC>97140>GP*61*19.3*0420*1~
DTM*472*20211228~
CAS*CO*45*41.7~
REF*6R*00000000050~
AMT*B6*19.3~
LQ*HE*N59~
SVC*HC>97530>GP>59*61*22.47*0420*1~
DTM*472*20211228~
CAS*CO*45*38.53~
REF*6R*00000000051~
AMT*B6*22.47~
LQ*HE*N59~
SVC*HC>97110>GP*61*0*0420*1~
DTM*472*20211230~
CAS*CO*45*40.4~
CAS*PR*3*20.6~
REF*6R*00000000052~
AMT*B6*20.6~
LQ*HE*N783~
SVC*HC>97112>GP*61*17.04*0420*1~
DTM*472*20211230~
CAS*CO*45*39.56~
CAS*PR*3*4.4~
REF*6R*00000000053~
AMT*B6*21.44~
LQ*HE*N59~
LQ*HE*N783~
SVC*HC>97116>GP>59*122*36.39*0420*2~
DTM*472*20211230~
CAS*CO*45*85.61~
REF*6R*00000000054~
AMT*B6*36.39~
LQ*HE*N59~
SVC*HC>97530>GP*122*44.94*0420*2~
DTM*472*20211230~
CAS*CO*45*77.06~
REF*6R*00000000055~
AMT*B6*44.94~
LQ*HE*N59~
CLP*76186200001VIS*1*5368*2017.7*84.12*13*220115E092450000*23*3~
NM1*QC*1*OMORI*JERRY*M***MI*MEBD7QZK~
NM1*82*2*WESLEYAN VILLAGE*****XX*1528065737~
REF*1L*455716-062~
REF*CE*STRS PPO PLAN NET 03418~
DTM*232*20211102~
DTM*233*20211129~
DTM*050*20220115~
PER*CX**TE*8006240756~
AMT*AU*5368~
SVC*HC>97763>GP*183*141.85*0420*3~
DTM*472*20211102~
CAS*CO*45*35.24~
CAS*PR*2*5.91~
REF*6R*00000000001~
AMT*B6*147.76~
LQ*HE*N59~
SVC*HC>97110>GO>59*244*79.09*0430*4~
DTM*472*20211102~
CAS*CO*45*161.61~
CAS*PR*2*3.3~
REF*6R*00000000005~
AMT*B6*82.39~
LQ*HE*N59~
SVC*HC>97530>GO*61*21.57*0430*1~
DTM*472*20211102~
CAS*CO*45*38.53~
CAS*PR*2*.9~
REF*6R*00000000006~
AMT*B6*22.47~
LQ*HE*N59~
SVC*HC>97110>GO*183*59.32*0430*3~
DTM*472*20211103~
CAS*CO*45*121.21~
CAS*PR*2*2.47~
REF*6R*00000000007~
AMT*B6*61.79~
LQ*HE*N59~
SVC*HC>97530>GO*61*21.57*0430*1~
DTM*472*20211103~
CAS*CO*45*38.53~
CAS*PR*2*.9~
REF*6R*00000000008~
AMT*B6*22.47~
LQ*HE*N59~
SVC*HC>97535>GO>59*61*21.39*0430*1~
DTM*472*20211103~
CAS*CO*45*38.72~
CAS*PR*2*.89~
REF*6R*00000000009~
AMT*B6*22.28~
LQ*HE*N59~
SVC*HC>97110>GO*244*79.09*0430*4~
DTM*472*20211104~
CAS*CO*45*161.61~
CAS*PR*2*3.3~
REF*6R*00000000010~
AMT*B6*82.39~
LQ*HE*N59~
SVC*HC>97530>GO*122*43.14*0430*2~
DTM*472*20211104~
CAS*CO*45*77.06~
CAS*PR*2*1.8~
REF*6R*00000000011~
AMT*B6*44.94~
LQ*HE*N59~
SVC*HC>97760>GP*305*118.68*0420*5~
DTM*472*20211108~
CAS*CO*45*181.37~
CAS*PR*2*4.95~
REF*6R*00000000002~
AMT*B6*123.63~
LQ*HE*N59~
SVC*HC>97110>GO>59*244*79.09*0430*4~
DTM*472*20211108~
CAS*CO*45*161.61~
CAS*PR*2*3.3~
REF*6R*00000000012~
AMT*B6*82.39~
LQ*HE*N59~
SVC*HC>97530>GO*122*43.14*0430*2~
DTM*472*20211108~
CAS*CO*45*77.06~
CAS*PR*2*1.8~
REF*6R*00000000013~
AMT*B6*44.94~
LQ*HE*N59~
SVC*HC>97760>GP*305*118.68*0420*5~
DTM*472*20211109~
CAS*CO*45*181.37~
CAS*PR*2*4.95~
REF*6R*00000000003~
AMT*B6*123.63~
LQ*HE*N59~
SVC*HC>97110>GO*183*59.32*0430*3~
DTM*472*20211111~
CAS*CO*45*121.21~
CAS*PR*2*2.47~
REF*6R*00000000014~
AMT*B6*61.79~
LQ*HE*N59~
SVC*HC>97530>GO*122*43.14*0430*2~
DTM*472*20211111~
CAS*CO*45*77.06~
CAS*PR*2*1.8~
REF*6R*00000000015~
AMT*B6*44.94~
LQ*HE*N59~
SVC*HC>97763>GP*244*189.14*0420*4~
DTM*472*20211112~
CAS*CO*45*46.98~
CAS*PR*2*7.88~
REF*6R*00000000004~
AMT*B6*197.02~
LQ*HE*N59~
SVC*HC>97110>GO*244*79.09*0430*4~
DTM*472*20211115~
CAS*CO*45*161.61~
CAS*PR*2*3.3~
REF*6R*00000000016~
AMT*B6*82.39~
LQ*HE*N59~
SVC*HC>97140>GO*61*18.53*0430*1~
DTM*472*20211115~
CAS*CO*45*41.7~
CAS*PR*2*.77~
REF*6R*00000000017~
AMT*B6*19.3~
LQ*HE*N59~
SVC*HC>97530>GO>59*183*64.71*0430*3~
DTM*472*20211115~
CAS*CO*45*115.59~
CAS*PR*2*2.7~
REF*6R*00000000018~
AMT*B6*67.41~
LQ*HE*N59~
SVC*HC>97110>GO*244*79.09*0430*4~
DTM*472*20211117~
CAS*CO*45*161.61~
CAS*PR*2*3.3~
REF*6R*00000000019~
AMT*B6*82.39~
LQ*HE*N59~
SVC*HC>97140>GO*61*18.53*0430*1~
DTM*472*20211117~
CAS*CO*45*41.7~
CAS*PR*2*.77~
REF*6R*00000000020~
AMT*B6*19.3~
LQ*HE*N59~
SVC*HC>97530>GO>59*183*64.71*0430*3~
DTM*472*20211117~
CAS*CO*45*115.59~
CAS*PR*2*2.7~
REF*6R*00000000021~
AMT*B6*67.41~
LQ*HE*N59~
SVC*HC>97110>GO*183*59.32*0430*3~
DTM*472*20211119~
CAS*CO*45*121.21~
CAS*PR*2*2.47~
REF*6R*00000000022~
AMT*B6*61.79~
LQ*HE*N59~
SVC*HC>97530>GO*122*43.14*0430*2~
DTM*472*20211119~
CAS*CO*45*77.06~
CAS*PR*2*1.8~
REF*6R*00000000023~
AMT*B6*44.94~
LQ*HE*N59~
SVC*HC>97110>GO*305*98.86*0430*5~
DTM*472*20211121~
CAS*CO*45*202.02~
CAS*PR*2*4.12~
REF*6R*00000000024~
AMT*B6*102.98~
LQ*HE*N59~
SVC*HC>97530>GO*61*21.57*0430*1~
DTM*472*20211121~
CAS*CO*45*38.53~
CAS*PR*2*.9~
REF*6R*00000000025~
AMT*B6*22.47~
LQ*HE*N59~
SVC*HC>97110>GO*122*39.54*0430*2~
DTM*472*20211124~
CAS*CO*45*80.81~
CAS*PR*2*1.65~
REF*6R*00000000026~
AMT*B6*41.19~
LQ*HE*N59~
SVC*HC>97530>GO*122*43.14*0430*2~
DTM*472*20211124~
CAS*CO*45*77.06~
CAS*PR*2*1.8~
REF*6R*00000000027~
AMT*B6*44.94~
LQ*HE*N59~
SVC*HC>97535>GO>59*122*42.77*0430*2~
DTM*472*20211124~
CAS*CO*45*77.45~
CAS*PR*2*1.78~
REF*6R*00000000028~
AMT*B6*44.55~
LQ*HE*N59~
SVC*HC>97110>GO*183*59.32*0430*3~
DTM*472*20211126~
CAS*CO*45*121.21~
CAS*PR*2*2.47~
REF*6R*00000000029~
AMT*B6*61.79~
LQ*HE*N59~
SVC*HC>97530>GO*183*64.71*0430*3~
DTM*472*20211126~
CAS*CO*45*115.59~
CAS*PR*2*2.7~
REF*6R*00000000030~
AMT*B6*67.41~
LQ*HE*N59~
SVC*HC>97110>GO*183*59.32*0430*3~
DTM*472*20211129~
CAS*CO*45*121.21~
CAS*PR*2*2.47~
REF*6R*00000000031~
AMT*B6*61.79~
LQ*HE*N59~
SVC*HC>97530>GO*122*43.14*0430*2~
DTM*472*20211129~
CAS*CO*45*77.06~
CAS*PR*2*1.8~
REF*6R*00000000032~
AMT*B6*44.94~
LQ*HE*N59~
CLP*73846900001VIW*1*6771*2338.44**13*220115E092470000*23*1~
NM1*QC*1*SLAGER*ROBERT*WILLIAM***MI*MEBD7ZKP~
NM1*82*2*WESLEYAN VILLAGE*****XX*1528065737~
REF*1L*455716-062~
REF*CE*STRS PPO PLAN NET 03418~
DTM*232*20211101~
DTM*233*20211123~
DTM*050*20220115~
PER*CX**TE*8006240756~
AMT*AU*6771~
SVC*HC>97140>GO*122*38.59*0430*2~
DTM*472*20211101~
CAS*CO*45*83.41~
REF*6R*00000000031~
AMT*B6*38.59~
LQ*HE*N59~
SVC*HC>97530>GO>59*183*67.41*0430*3~
DTM*472*20211101~
CAS*CO*45*115.59~
REF*6R*00000000032~
AMT*B6*67.41~
LQ*HE*N59~
SVC*HC>97535>GO>59*61*22.28*0430*1~
DTM*472*20211101~
CAS*CO*45*38.72~
REF*6R*00000000033~
AMT*B6*22.28~
LQ*HE*N59~
SVC*HC>97110>GP*183*61.79*0420*3~
DTM*472*20211102~
CAS*CO*45*121.21~
REF*6R*00000000001~
AMT*B6*61.79~
LQ*HE*N59~
SVC*HC>97112>GP*61*21.44*0420*1~
DTM*472*20211102~
CAS*CO*45*39.56~
REF*6R*00000000002~
AMT*B6*21.44~
LQ*HE*N59~
SVC*HC>97116>GP*122*36.39*0420*2~
DTM*472*20211102~
CAS*CO*45*85.61~
REF*6R*00000000003~
AMT*B6*36.39~
LQ*HE*N59~
SVC*HC>97110>GP*183*61.79*0420*3~
DTM*472*20211103~
CAS*CO*45*121.21~
REF*6R*00000000004~
AMT*B6*61.79~
LQ*HE*N59~
SVC*HC>97112>GP*122*42.87*0420*2~
DTM*472*20211103~
CAS*CO*45*79.13~
REF*6R*00000000005~
AMT*B6*42.87~
LQ*HE*N59~
SVC*HC>97116>GP>59*61*18.19*0420*1~
DTM*472*20211103~
CAS*CO*45*42.81~
REF*6R*00000000006~
AMT*B6*18.19~
LQ*HE*N59~
SVC*HC>97140>GO*122*38.59*0430*2~
DTM*472*20211103~
CAS*CO*45*83.41~
REF*6R*00000000034~
AMT*B6*38.59~
LQ*HE*N59~
SVC*HC>97530>GO>59*183*67.41*0430*3~
DTM*472*20211103~
CAS*CO*45*115.59~
REF*6R*00000000035~
AMT*B6*67.41~
LQ*HE*N59~
SVC*HC>97535>GO>59*61*22.28*0430*1~
DTM*472*20211103~
CAS*CO*45*38.72~
REF*6R*00000000036~
AMT*B6*22.28~
LQ*HE*N59~
SVC*HC>97110>GP*183*61.79*0420*3~
DTM*472*20211105~
CAS*CO*45*121.21~
REF*6R*00000000007~
AMT*B6*61.79~
LQ*HE*N59~
SVC*HC>97112>GP*122*42.87*0420*2~
DTM*472*20211105~
CAS*CO*45*79.13~
REF*6R*00000000008~
AMT*B6*42.87~
LQ*HE*N59~
SVC*HC>97116>GP*61*18.19*0420*1~
DTM*472*20211105~
CAS*CO*45*42.81~
REF*6R*00000000009~
AMT*B6*18.19~
LQ*HE*N59~
SVC*HC>97110>GP*122*41.19*0420*2~
DTM*472*20211108~
CAS*CO*45*80.81~
REF*6R*00000000010~
AMT*B6*41.19~
LQ*HE*N59~
SVC*HC>97112>GP*122*42.87*0420*2~
DTM*472*20211108~
CAS*CO*45*79.13~
REF*6R*00000000011~
AMT*B6*42.87~
LQ*HE*N59~
SVC*HC>97116>GP>59*122*36.39*0420*2~
DTM*472*20211108~
CAS*CO*45*85.61~
REF*6R*00000000012~
AMT*B6*36.39~
LQ*HE*N59~
SVC*HC>97140>GO*122*38.59*0430*2~
DTM*472*20211108~
CAS*CO*45*83.41~
REF*6R*00000000037~
AMT*B6*38.59~
LQ*HE*N59~
SVC*HC>97530>GO>59*122*44.94*0430*2~
DTM*472*20211108~
CAS*CO*45*77.06~
REF*6R*00000000038~
AMT*B6*44.94~
LQ*HE*N59~
SVC*HC>97535>GO>59*122*44.55*0430*2~
DTM*472*20211108~
CAS*CO*45*77.45~
REF*6R*00000000039~
AMT*B6*44.55~
LQ*HE*N59~
SVC*HC>97140>GO*122*38.59*0430*2~
DTM*472*20211109~
CAS*CO*45*83.41~
REF*6R*00000000040~
AMT*B6*38.59~
LQ*HE*N59~
SVC*HC>97530>GO>59*122*44.94*0430*2~
DTM*472*20211109~
CAS*CO*45*77.06~
REF*6R*00000000041~
AMT*B6*44.94~
LQ*HE*N59~
SVC*HC>97535>GO>59*122*44.55*0430*2~
DTM*472*20211109~
CAS*CO*45*77.45~
REF*6R*00000000042~
AMT*B6*44.55~
LQ*HE*N59~
SVC*HC>97110>GP*122*41.19*0420*2~
DTM*472*20211110~
CAS*CO*45*80.81~
REF*6R*00000000013~
AMT*B6*41.19~
LQ*HE*N59~
SVC*HC>97112>GP*122*42.87*0420*2~
DTM*472*20211110~
CAS*CO*45*79.13~
REF*6R*00000000014~
AMT*B6*42.87~
LQ*HE*N59~
SVC*HC>97116>GP>59*61*18.19*0420*1~
DTM*472*20211110~
CAS*CO*45*42.81~
REF*6R*00000000015~
AMT*B6*18.19~
LQ*HE*N59~
SVC*HC>97140>GO*122*38.59*0430*2~
DTM*472*20211110~
CAS*CO*45*83.41~
REF*6R*00000000043~
AMT*B6*38.59~
LQ*HE*N59~
SVC*HC>97530>GO>59*122*44.94*0430*2~
DTM*472*20211110~
CAS*CO*45*77.06~
REF*6R*00000000044~
AMT*B6*44.94~
LQ*HE*N59~
SVC*HC>97535>GO>59*61*22.28*0430*1~
DTM*472*20211110~
CAS*CO*45*38.72~
REF*6R*00000000045~
AMT*B6*22.28~
LQ*HE*N59~
SVC*HC>97110>GP*122*41.19*0420*2~
DTM*472*20211112~
CAS*CO*45*80.81~
REF*6R*00000000016~
AMT*B6*41.19~
LQ*HE*N59~
SVC*HC>97112>GP*122*42.87*0420*2~
DTM*472*20211112~
CAS*CO*45*79.13~
REF*6R*00000000017~
AMT*B6*42.87~
LQ*HE*N59~
SVC*HC>97530>GP>59*122*44.94*0420*2~
DTM*472*20211112~
CAS*CO*45*77.06~
REF*6R*00000000018~
AMT*B6*44.94~
LQ*HE*N59~
SVC*HC>97140>GO*61*19.3*0430*1~
DTM*472*20211112~
CAS*CO*45*41.7~
REF*6R*00000000046~
AMT*B6*19.3~
LQ*HE*N59~
SVC*HC>97530>GO>59*183*67.41*0430*3~
DTM*472*20211112~
CAS*CO*45*115.59~
REF*6R*00000000047~
AMT*B6*67.41~
LQ*HE*N59~
SVC*HC>97535>GO>59*183*66.83*0430*3~
DTM*472*20211112~
CAS*CO*45*116.17~
REF*6R*00000000048~
AMT*B6*66.83~
LQ*HE*N59~
SVC*HC>97110>GP*61*20.6*0420*1~
DTM*472*20211115~
CAS*CO*45*40.4~
REF*6R*00000000019~
AMT*B6*20.6~
LQ*HE*N59~
SVC*HC>97112>GP*61*21.44*0420*1~
DTM*472*20211115~
CAS*CO*45*39.56~
REF*6R*00000000020~
AMT*B6*21.44~
LQ*HE*N59~
SVC*HC>97116>GP>59*61*18.19*0420*1~
DTM*472*20211115~
CAS*CO*45*42.81~
REF*6R*00000000021~
AMT*B6*18.19~
LQ*HE*N59~
SVC*HC>97530>GP*183*67.41*0420*3~
DTM*472*20211115~
CAS*CO*45*115.59~
REF*6R*00000000022~
AMT*B6*67.41~
LQ*HE*N59~
SVC*HC>97140>GO*122*38.59*0430*2~
DTM*472*20211116~
CAS*CO*45*83.41~
REF*6R*00000000049~
AMT*B6*38.59~
LQ*HE*N59~
SVC*HC>97530>GO>59*122*44.94*0430*2~
DTM*472*20211116~
CAS*CO*45*77.06~
REF*6R*00000000050~
AMT*B6*44.94~
LQ*HE*N59~
SVC*HC>97535>GO>59*122*44.55*0430*2~
DTM*472*20211116~
CAS*CO*45*77.45~
REF*6R*00000000051~
AMT*B6*44.55~
LQ*HE*N59~
SVC*HC>97110>GP*122*41.19*0420*2~
DTM*472*20211117~
CAS*CO*45*80.81~
REF*6R*00000000023~
AMT*B6*41.19~
LQ*HE*N59~
SVC*HC>97112>GP*61*21.44*0420*1~
DTM*472*20211117~
CAS*CO*45*39.56~
REF*6R*00000000024~
AMT*B6*21.44~
LQ*HE*N59~
SVC*HC>97116>GP>59*61*18.19*0420*1~
DTM*472*20211117~
CAS*CO*45*42.81~
REF*6R*00000000025~
AMT*B6*18.19~
LQ*HE*N59~
SVC*HC>97530>GP>59*122*44.94*0420*2~
DTM*472*20211117~
CAS*CO*45*77.06~
REF*6R*00000000026~
AMT*B6*44.94~
LQ*HE*N59~
SVC*HC>97140>GO*122*38.59*0430*2~
DTM*472*20211117~
CAS*CO*45*83.41~
REF*6R*00000000052~
AMT*B6*38.59~
LQ*HE*N59~
SVC*HC>97530>GO>59*122*44.94*0430*2~
DTM*472*20211117~
CAS*CO*45*77.06~
REF*6R*00000000053~
AMT*B6*44.94~
LQ*HE*N59~
SVC*HC>97535>GO>59*183*66.83*0430*3~
DTM*472*20211117~
CAS*CO*45*116.17~
REF*6R*00000000054~
AMT*B6*66.83~
LQ*HE*N59~
SVC*HC>97110>GP*183*61.79*0420*3~
DTM*472*20211119~
CAS*CO*45*121.21~
REF*6R*00000000027~
AMT*B6*61.79~
LQ*HE*N59~
SVC*HC>97112>GP*183*64.31*0420*3~
DTM*472*20211119~
CAS*CO*45*118.69~
REF*6R*00000000028~
AMT*B6*64.31~
LQ*HE*N59~
SVC*HC>97116>GP*61*18.19*0420*1~
DTM*472*20211119~
CAS*CO*45*42.81~
REF*6R*00000000029~
AMT*B6*18.19~
LQ*HE*N59~
SVC*HC>97140>GO*122*38.59*0430*2~
DTM*472*20211121~
CAS*CO*45*83.41~
REF*6R*00000000055~
AMT*B6*38.59~
LQ*HE*N59~
SVC*HC>97530>GO>59*183*67.41*0430*3~
DTM*472*20211121~
CAS*CO*45*115.59~
REF*6R*00000000056~
AMT*B6*67.41~
LQ*HE*N59~
SVC*HC>97535>GO>59*61*22.28*0430*1~
DTM*472*20211121~
CAS*CO*45*38.72~
REF*6R*00000000057~
AMT*B6*22.28~
LQ*HE*N59~
SVC*HC>97530>GP*61*22.47*0420*1~
DTM*472*20211123~
CAS*CO*45*38.53~
REF*6R*00000000030~
AMT*B6*22.47~
LQ*HE*N59~
SVC*HC>97530>GO*61*22.47*0430*1~
DTM*472*20211123~
CAS*CO*45*38.53~
REF*6R*00000000058~
AMT*B6*22.47~
LQ*HE*N59~
CLP*76194900001WJS*1*488*177.51**13*220115E117570000*22*2~
NM1*QC*1*LAUGHREY*GAYLE*MARLENE***MI*MEBTG20B~
NM1*74*1*LAUGHREY JR**M~
NM1*82*2*WESLEYAN VILLAGE*****XX*1528065737~
REF*1L*464153-055~
REF*CE*MEDICARE (P01) ESA PPO PLAN NET 03418~
DTM*232*20211201~
DTM*233*20211203~
DTM*050*20220115~
PER*CX**TE*8006240756~
AMT*AU*488~
SVC*HC>97112>GP>KX>CQ*61*21.44*0420*1~
DTM*472*20211201~
CAS*CO*45*39.56~
REF*6R*00000000001~
AMT*B6*21.44~
LQ*HE*N59~
SVC*HC>97530>GP>KX>CQ*61*22.47*0420*1~
DTM*472*20211201~
CAS*CO*45*38.53~
REF*6R*00000000002~
AMT*B6*22.47~
LQ*HE*N59~
SVC*HC>97530>GO>KX>CO*61*22.47*0430*1~
DTM*472*20211201~
CAS*CO*45*38.53~
REF*6R*00000000006~
AMT*B6*22.47~
LQ*HE*N59~
SVC*HC>97530>GP>KX>CQ*61*22.47*0420*1~
DTM*472*20211202~
CAS*CO*45*38.53~
REF*6R*00000000003~
AMT*B6*22.47~
LQ*HE*N59~
SVC*HC>97530>GO>KX>CO*61*22.47*0430*1~
DTM*472*20211202~
CAS*CO*45*38.53~
REF*6R*00000000007~
AMT*B6*22.47~
LQ*HE*N59~
SVC*HC>97112>GP>KX>CQ*61*21.44*0420*1~
DTM*472*20211203~
CAS*CO*45*39.56~
REF*6R*00000000004~
AMT*B6*21.44~
LQ*HE*N59~
SVC*HC>97530>GP>KX>CQ*61*22.47*0420*1~
DTM*472*20211203~
CAS*CO*45*38.53~
REF*6R*00000000005~
AMT*B6*22.47~
LQ*HE*N59~
SVC*HC>97535>GO>59>KX>CO*61*22.28*0430*1~
DTM*472*20211203~
CAS*CO*45*38.72~
REF*6R*00000000008~
AMT*B6*22.28~
LQ*HE*N59~
CLP*76235300001WK9*1*820*278.3**13*220115E117580000*22*4~
NM1*QC*1*RUSH*RONALD****MI*MEBD674X~
NM1*82*2*WESLEYAN VILLAGE*****XX*1528065737~
REF*G1*2979512~
REF*1L*455716-062~
REF*CE*STRS PPO PLAN NET 03418~
DTM*232*20211217~
DTM*233*20211217~
DTM*050*20220115~
PER*CX**TE*8006240756~
AMT*AU*820~
SVC*HC>97163>GP*166*52.66*0424*1~
DTM*472*20211217~
CAS*CO*45*113.34~
REF*6R*00000000003~
AMT*B6*52.66~
LQ*HE*N59~
SVC*HC>97166>GO*166*51.12*0434*1~
DTM*472*20211217~
CAS*CO*45*114.88~
REF*6R*00000000006~
AMT*B6*51.12~
LQ*HE*N59~
SVC*HC>97112>GP*122*42.87*0420*2~
DTM*472*20211217~
CAS*CO*45*79.13~
REF*6R*00000000001~
AMT*B6*42.87~
LQ*HE*N59~
SVC*HC>97530>GP>59>CQ*122*44.94*0420*2~
DTM*472*20211217~
CAS*CO*45*77.06~
REF*6R*00000000002~
AMT*B6*44.94~
LQ*HE*N59~
SVC*HC>97140>GO*61*19.3*0430*1~
DTM*472*20211217~
CAS*CO*45*41.7~
REF*6R*00000000004~
AMT*B6*19.3~
LQ*HE*N59~
SVC*HC>97530>GO>59*183*67.41*0430*3~
DTM*472*20211217~
CAS*CO*45*115.59~
REF*6R*00000000005~
AMT*B6*67.41~
LQ*HE*N59~
CLP*76186200001WEZ*1*2379*793.57*33.09*13*220115E117590000*23*2~
NM1*QC*1*OMORI*JERRY*M***MI*MEBD7QZK~
NM1*82*2*WESLEYAN VILLAGE*****XX*1528065737~
REF*1L*455716-062~
REF*CE*STRS PPO PLAN NET 03418~
DTM*232*20211201~
DTM*233*20211214~
DTM*050*20220115~
PER*CX**TE*8006240756~
AMT*AU*2379~
SVC*HC>97110>GO*244*79.09*0430*4~
DTM*472*20211201~
CAS*CO*45*161.61~
CAS*PR*2*3.3~
REF*6R*00000000001~
AMT*B6*82.39~
LQ*HE*N59~
SVC*HC>97530>GO*61*21.57*0430*1~
DTM*472*20211201~
CAS*CO*45*38.53~
CAS*PR*2*.9~
REF*6R*00000000002~
AMT*B6*22.47~
LQ*HE*N59~
SVC*HC>97110>GO*122*39.54*0430*2~
DTM*472*20211202~
CAS*CO*45*80.81~
CAS*PR*2*1.65~
REF*6R*00000000003~
AMT*B6*41.19~
LQ*HE*N59~
SVC*HC>97535>GO*183*64.16*0430*3~
DTM*472*20211202~
CAS*CO*45*116.17~
CAS*PR*2*2.67~
REF*6R*00000000004~
AMT*B6*66.83~
LQ*HE*N59~
SVC*HC>97110>GO*244*79.09*0430*4~
DTM*472*20211206~
CAS*CO*45*161.61~
CAS*PR*2*3.3~
REF*6R*00000000005~
AMT*B6*82.39~
LQ*HE*N59~
SVC*HC>97530>GO*61*21.57*0430*1~
DTM*472*20211206~
CAS*CO*45*38.53~
CAS*PR*2*.9~
REF*6R*00000000006~
AMT*B6*22.47~
LQ*HE*N59~
SVC*HC>97110>GO*244*79.09*0430*4~
DTM*472*20211208~
CAS*CO*45*161.61~
CAS*PR*2*3.3~
REF*6R*00000000007~
AMT*B6*82.39~
LQ*HE*N59~
SVC*HC>97530>GO*122*43.14*0430*2~
DTM*472*20211208~
CAS*CO*45*77.06~
CAS*PR*2*1.8~
REF*6R*00000000008~
AMT*B6*44.94~
LQ*HE*N59~
SVC*HC>97110>GO*244*79.09*0430*4~
DTM*472*20211209~
CAS*CO*45*161.61~
CAS*PR*2*3.3~
REF*6R*00000000009~
AMT*B6*82.39~
LQ*HE*N59~
SVC*HC>97140>GO*61*18.53*0430*1~
DTM*472*20211209~
CAS*CO*45*41.7~
CAS*PR*2*.77~
REF*6R*00000000010~
AMT*B6*19.3~
LQ*HE*N59~
SVC*HC>97530>GO>59*122*43.14*0430*2~
DTM*472*20211209~
CAS*CO*45*77.06~
CAS*PR*2*1.8~
REF*6R*00000000011~
AMT*B6*44.94~
LQ*HE*N59~
SVC*HC>97110>GO*366*118.64*0430*6~
DTM*472*20211213~
CAS*CO*45*242.42~
CAS*PR*2*4.94~
REF*6R*00000000012~
AMT*B6*123.58~
LQ*HE*N59~
SVC*HC>97535>GO*305*106.92*0430*5~
DTM*472*20211214~
CAS*CO*45*193.62~
CAS*PR*2*4.46~
REF*6R*00000000013~
AMT*B6*111.38~
LQ*HE*N59~
CLP*76202200001WF2*1*6161*2178.64**13*220115E117600000*23*2~
NM1*QC*1*SCOTT*JOHN*W***MI*MEBNMCDN~
NM1*82*2*WESLEYAN VILLAGE*****XX*1528065737~
REF*1L*441299-002~
REF*CE*MEDICARE (S02) PPO PLAN NET 03418~
DTM*232*20211201~
DTM*233*20211223~
DTM*050*20220115~
PER*CX**TE*8006240756~
AMT*AU*6161~
SVC*HC>97110>GP*122*41.19*0420*2~
DTM*472*20211201~
CAS*CO*45*80.81~
REF*6R*00000000001~
AMT*B6*41.19~
LQ*HE*N59~
SVC*HC>97112>GP*61*21.44*0420*1~
DTM*472*20211201~
CAS*CO*45*39.56~
REF*6R*00000000002~
AMT*B6*21.44~
LQ*HE*N59~
SVC*HC>97140>GP*61*19.3*0420*1~
DTM*472*20211201~
CAS*CO*45*41.7~
REF*6R*00000000003~
AMT*B6*19.3~
LQ*HE*N59~
SVC*HC>97530>GP>59*122*44.94*0420*2~
DTM*472*20211201~
CAS*CO*45*77.06~
REF*6R*00000000004~
AMT*B6*44.94~
LQ*HE*N59~
SVC*HC>97110>GO*244*82.39*0430*4~
DTM*472*20211201~
CAS*CO*45*161.61~
REF*6R*00000000032~
AMT*B6*82.39~
LQ*HE*N59~
SVC*HC>97530>GO>59*61*22.47*0430*1~
DTM*472*20211201~
CAS*CO*45*38.53~
REF*6R*00000000033~
AMT*B6*22.47~
LQ*HE*N59~
SVC*HC>97110>GP*61*20.6*0420*1~
DTM*472*20211203~
CAS*CO*45*40.4~
REF*6R*00000000005~
AMT*B6*20.6~
LQ*HE*N59~
SVC*HC>97112>GP*122*42.87*0420*2~
DTM*472*20211203~
CAS*CO*45*79.13~
REF*6R*00000000006~
AMT*B6*42.87~
LQ*HE*N59~
SVC*HC>97530>GP*122*44.94*0420*2~
DTM*472*20211203~
CAS*CO*45*77.06~
REF*6R*00000000007~
AMT*B6*44.94~
LQ*HE*N59~
SVC*HC>97530>GO*61*22.47*0430*1~
DTM*472*20211203~
CAS*CO*45*38.53~
REF*6R*00000000034~
AMT*B6*22.47~
LQ*HE*N59~
SVC*HC>97535>GO>59*244*89.1*0430*4~
DTM*472*20211203~
CAS*CO*45*154.9~
REF*6R*00000000035~
AMT*B6*89.1~
LQ*HE*N59~
SVC*HC>97110>GP*61*20.6*0420*1~
DTM*472*20211206~
CAS*CO*45*40.4~
REF*6R*00000000008~
AMT*B6*20.6~
LQ*HE*N59~
SVC*HC>97112>GP*122*42.87*0420*2~
DTM*472*20211206~
CAS*CO*45*79.13~
REF*6R*00000000009~
AMT*B6*42.87~
LQ*HE*N59~
SVC*HC>97530>GP*122*44.94*0420*2~
DTM*472*20211206~
CAS*CO*45*77.06~
REF*6R*00000000010~
AMT*B6*44.94~
LQ*HE*N59~
SVC*HC>97110>GP*122*41.19*0420*2~
DTM*472*20211208~
CAS*CO*45*80.81~
REF*6R*00000000011~
AMT*B6*41.19~
LQ*HE*N59~
SVC*HC>97112>GP*122*42.87*0420*2~
DTM*472*20211208~
CAS*CO*45*79.13~
REF*6R*00000000012~
AMT*B6*42.87~
LQ*HE*N59~
SVC*HC>97530>GP*61*22.47*0420*1~
DTM*472*20211208~
CAS*CO*45*38.53~
REF*6R*00000000013~
AMT*B6*22.47~
LQ*HE*N59~
SVC*HC>97110>GO*244*82.39*0430*4~
DTM*472*20211208~
CAS*CO*45*161.61~
REF*6R*00000000036~
AMT*B6*82.39~
LQ*HE*N59~
SVC*HC>97530>GO*122*44.94*0430*2~
DTM*472*20211208~
CAS*CO*45*77.06~
REF*6R*00000000037~
AMT*B6*44.94~
LQ*HE*N59~
SVC*HC>97535>GO>59*61*22.28*0430*1~
DTM*472*20211208~
CAS*CO*45*38.72~
REF*6R*00000000038~
AMT*B6*22.28~
LQ*HE*N59~
SVC*HC>97110>GO*244*82.39*0430*4~
DTM*472*20211209~
CAS*CO*45*161.61~
REF*6R*00000000039~
AMT*B6*82.39~
LQ*HE*N59~
SVC*HC>97530>GO*244*89.88*0430*4~
DTM*472*20211209~
CAS*CO*45*154.12~
REF*6R*00000000040~
AMT*B6*89.88~
LQ*HE*N59~
SVC*HC>97110>GP*122*41.19*0420*2~
DTM*472*20211210~
CAS*CO*45*80.81~
REF*6R*00000000014~
AMT*B6*41.19~
LQ*HE*N59~
SVC*HC>97112>GP*122*42.87*0420*2~
DTM*472*20211210~
CAS*CO*45*79.13~
REF*6R*00000000015~
AMT*B6*42.87~
LQ*HE*N59~
SVC*HC>97530>GP*61*22.47*0420*1~
DTM*472*20211210~
CAS*CO*45*38.53~
REF*6R*00000000016~
AMT*B6*22.47~
LQ*HE*N59~
SVC*HC>97110>GO*244*82.39*0430*4~
DTM*472*20211210~
CAS*CO*45*161.61~
REF*6R*00000000041~
AMT*B6*82.39~
LQ*HE*N59~
SVC*HC>97530>GO*122*44.94*0430*2~
DTM*472*20211210~
CAS*CO*45*77.06~
REF*6R*00000000042~
AMT*B6*44.94~
LQ*HE*N59~
SVC*HC>97110>GP*61*20.6*0420*1~
DTM*472*20211213~
CAS*CO*45*40.4~
REF*6R*00000000017~
AMT*B6*20.6~
LQ*HE*N59~
SVC*HC>97530>GP*244*89.88*0420*4~
DTM*472*20211213~
CAS*CO*45*154.12~
REF*6R*00000000018~
AMT*B6*89.88~
LQ*HE*N59~
SVC*HC>97535>GO*366*133.65*0430*6~
DTM*472*20211214~
CAS*CO*45*232.35~
REF*6R*00000000043~
AMT*B6*133.65~
LQ*HE*N59~
SVC*HC>97110>GP*61*20.6*0420*1~
DTM*472*20211215~
CAS*CO*45*40.4~
REF*6R*00000000019~
AMT*B6*20.6~
LQ*HE*N59~
SVC*HC>97112>GP*183*64.31*0420*3~
DTM*472*20211215~
CAS*CO*45*118.69~
REF*6R*00000000020~
AMT*B6*64.31~
LQ*HE*N59~
SVC*HC>97530>GP*122*44.94*0420*2~
DTM*472*20211215~
CAS*CO*45*77.06~
REF*6R*00000000021~
AMT*B6*44.94~
LQ*HE*N59~
SVC*HC>97110>GP*61*20.6*0420*1~
DTM*472*20211216~
CAS*CO*45*40.4~
REF*6R*00000000022~
AMT*B6*20.6~
LQ*HE*N59~
SVC*HC>97112>GP*61*21.44*0420*1~
DTM*472*20211216~
CAS*CO*45*39.56~
REF*6R*00000000023~
AMT*B6*21.44~
LQ*HE*N59~
SVC*HC>97116>GP>59*61*18.19*0420*1~
DTM*472*20211216~
CAS*CO*45*42.81~
REF*6R*00000000024~
AMT*B6*18.19~
LQ*HE*N59~
SVC*HC>97530>GP*122*44.94*0420*2~
DTM*472*20211216~
CAS*CO*45*77.06~
REF*6R*00000000025~
AMT*B6*44.94~
LQ*HE*N59~
SVC*HC>97110>GO*61*20.6*0430*1~
DTM*472*20211216~
CAS*CO*45*40.4~
REF*6R*00000000044~
AMT*B6*20.6~
LQ*HE*N59~
SVC*HC>97530>GO*305*112.36*0430*5~
DTM*472*20211216~
CAS*CO*45*192.64~
REF*6R*00000000045~
AMT*B6*112.36~
LQ*HE*N59~
SVC*HC>97110>GP*61*20.6*0420*1~
DTM*472*20211221~
CAS*CO*45*40.4~
REF*6R*00000000026~
AMT*B6*20.6~
LQ*HE*N59~
SVC*HC>97112>GP*122*42.87*0420*2~
DTM*472*20211221~
CAS*CO*45*79.13~
REF*6R*00000000027~
AMT*B6*42.87~
LQ*HE*N59~
SVC*HC>97530>GP*122*44.94*0420*2~
DTM*472*20211221~
CAS*CO*45*77.06~
REF*6R*00000000028~
AMT*B6*44.94~
LQ*HE*N59~
SVC*HC>97110>GO*183*61.79*0430*3~
DTM*472*20211221~
CAS*CO*45*121.21~
REF*6R*00000000046~
AMT*B6*61.79~
LQ*HE*N59~
SVC*HC>97530>GO*183*67.41*0430*3~
DTM*472*20211221~
CAS*CO*45*115.59~
REF*6R*00000000047~
AMT*B6*67.41~
LQ*HE*N59~
SVC*HC>97110>GP*122*41.19*0420*2~
DTM*472*20211223~
CAS*CO*45*80.81~
REF*6R*00000000029~
AMT*B6*41.19~
LQ*HE*N59~
SVC*HC>97112>GP*122*42.87*0420*2~
DTM*472*20211223~
CAS*CO*45*79.13~
REF*6R*00000000030~
AMT*B6*42.87~
LQ*HE*N59~
SVC*HC>97530>GP*61*22.47*0420*1~
DTM*472*20211223~
CAS*CO*45*38.53~
REF*6R*00000000031~
AMT*B6*22.47~
LQ*HE*N59~
SE*2185*1730~
GE*2*1~
IEA*1*100358959~
