ISA*00*          *00*          *ZZ*133052274      *ZZ*XXXXXXXXXXXXXXX*220119*0250*^*00501*100358959*0*P*>~
GS*HP*133052274*XX*20220119*0250*1*X*005010X221A1~
ST*835*0451~
BPR*I*92.97*C*ACH*CCP*01*031100209*DA*0000009108*1066033492**01*044000037*DA*789782745*20220124~
TRN*1*822019000234721*1066033492~
REF*EV*XXXXXXXXXXXXXXXXXXXXXXXXXXXXXX~
DTM*405*20220119~
N1*PR*AETNA~
N3*151 FARMINGTON AVENUE~
N4*HARTFORD*CT*06156~
REF*2U*60054~
PER*BL*Provider Service~
N1*PE*NATIONWIDE CHILDREN S HOSPITAL*XX*1134152986~
N3*DEPT. 781629~
N4*DETROIT*MI*482780001~
REF*PQ*766961480~
REF*TJ*314379441~
LX*1~
TS3*1447473848*02*20221231*1*370~
CLP*82614239900*1*370*92.97*277.03*12*E2201133840000*02*1~
NM1*QC*1*FORD*AUDRIC*D***MI*W260957730~
NM1*82*2*CHILDREN S HOSPITAL DENTAL CLINIC*****XX*1134152986~
REF*1L*0812809-032-00101-QA~
REF*CE*PPO-Medical~
DTM*232*20220104~
DTM*233*20220104~
DTM*050*20220111~
PER*CX**TE*8886323862~
AMT*AU*370~
SVC*HC>99214>GT*370*92.97**1~
DTM*472*20220104~
CAS*PR*2*39.85**242*237.18~
REF*6R*NWCH0022549721-1~
AMT*B6*132.82~
LQ*HE*N130~
SE*34*0451~
GE*1*1~
IEA*1*100358959~
