ISA*00*          *00*          *ZZ*133052274      *ZZ*XXXXXXXXXXXXXXX*220119*0250*^*00501*100358959*0*P*>~
GS*HP*133052274*XX*20220119*0250*1*X*005010X221A1~
ST*835*0216~
BPR*I*10030.55*C*ACH*CCP*01*011900445*DA*0000009046*1066033492**01*051900366*DA*401003275*20220124~
TRN*1*822019000260815*1066033492~
REF*EV*XXXXXXXXXXXXXXXXXXXXXXXXXXXXXX~
DTM*405*20220119~
N1*PR*AETNA~
N3*151 FARMINGTON AVENUE~
N4*HARTFORD*CT*06156~
REF*2U*60054~
PER*BL*Provider Service~
N1*PE*ST. JOSEPH S HOSPITAL OF BUCKHANNON, INC.*XX*1124005061~
N3*1 AMALIA DR~
N4*BUCKHANNON*WV*262012276~
REF*PQ*430847940~
REF*TJ*550356996~
LX*1~
TS3*1124005061*11*20221231*9*16780.35~
CLP*HST1922916200*1*4204.39*3085.6*843.6*13*EFACW19N30000*85*1~
NM1*QC*1*SMITH*MEGAN*L~
NM1*IL*1*SMITH*BENNYE****MI*W267770119~
NM1*74*1**BENNY~
NM1*82*2*ST. JOSEPH S HOSPITAL*****XX*1124005061~
REF*1L*0169480-021-00001-DB~
REF*CE*Aetna Choice  POS II NET 00578~
DTM*232*20220102~
DTM*233*20220102~
DTM*050*20220115~
PER*CX**TE*8886323862~
AMT*AU*4204.39~
SVC*NU>0250*.5*0**4~
DTM*472*20220102~
CAS*CO*45*.03~
CAS*PR*1*.47~
REF*6R*SJBE0093891547-1~
AMT*B6*.47~
SVC*HC>Q9967*118.79*31.94*0254*79~
DTM*472*20220102~
CAS*CO*45*7.13~
CAS*PR*1*71.74**2*7.98~
REF*6R*SJBE0093891547-2~
AMT*B6*111.66~
SVC*HC>80053*98*70.56*0301*1~
DTM*472*20220102~
CAS*CO*45*9.8~
CAS*PR*2*17.64~
REF*6R*SJBE0093891547-3~
AMT*B6*88.2~
SVC*HC>82248*49*35.28*0301*1~
DTM*472*20220102~
CAS*CO*45*4.9~
CAS*PR*2*8.82~
REF*6R*SJBE0093891547-4~
AMT*B6*44.1~
SVC*HC>83690*51*36.72*0301*1~
DTM*472*20220102~
CAS*CO*45*5.1~
CAS*PR*2*9.18~
REF*6R*SJBE0093891547-5~
AMT*B6*45.9~
SVC*HC>84484*78*56.16*0301*1~
DTM*472*20220102~
CAS*CO*45*7.8~
CAS*PR*2*14.04~
REF*6R*SJBE0093891547-6~
AMT*B6*70.2~
SVC*HC>84703*69*49.68*0301*1~
DTM*472*20220102~
CAS*CO*45*6.9~
CAS*PR*2*12.42~
REF*6R*SJBE0093891547-7~
AMT*B6*62.1~
SVC*HC>85025*76*54.72*0305*1~
DTM*472*20220102~
CAS*CO*45*7.6~
CAS*PR*2*13.68~
REF*6R*SJBE0093891547-8~
AMT*B6*68.4~
SVC*HC>85379*102*73.44*0305*1~
DTM*472*20220102~
CAS*CO*45*10.2~
CAS*PR*2*18.36~
REF*6R*SJBE0093891547-9~
AMT*B6*91.8~
SVC*HC>85610*50*36*0305*1~
DTM*472*20220102~
CAS*CO*45*5~
CAS*PR*2*9~
REF*6R*SJBE0093891547-10~
AMT*B6*45~
SVC*HC>71275*2457*1847.66*0352*1~
DTM*472*20220102~
CAS*CO*45*147.42~
CAS*PR*2*461.92~
REF*6R*SJBE0093891547-11~
AMT*B6*2309.58~
SVC*HC>96372>XU*63*47.38*0450*1~
DTM*472*20220102~
CAS*CO*45*3.78~
CAS*PR*2*11.84~
REF*6R*SJBE0093891547-12~
AMT*B6*59.22~
SVC*HC>99285>25*780*586.56*0450*1~
DTM*472*20220102~
CAS*CO*45*46.8~
CAS*PR*2*146.64~
REF*6R*SJBE0093891547-13~
AMT*B6*733.2~
SVC*HC>J1650*22.1*16.62*0636*7~
DTM*472*20220102~
CAS*CO*45*1.33~
CAS*PR*2*4.15~
REF*6R*SJBE0093891547-14~
AMT*B6*20.77~
SVC*HC>93005*190*142.88*0730*1~
DTM*472*20220102~
CAS*CO*45*11.4~
CAS*PR*2*35.72~
REF*6R*SJBE0093891547-15~
AMT*B6*178.6~
CLP*HST1922658100*1*2006.64*1735.56*130*13*EGTXW00PL0000*85*1~
NM1*QC*1*WATSON*DREW****MI*W180487963~
NM1*74*1*CONGI*SUSAN~
NM1*82*2*ST. JOSEPH S HOSPITAL*****XX*1124005061~
REF*1L*0307227-010-00001-AG~
REF*CE*Aetna Choice  POS II NET 00578~
DTM*232*20220101~
DTM*233*20220101~
DTM*050*20220113~
PER*CX**TE*8886323862~
AMT*AU*2006.64~
SVC*NU>0258*120*0**1~
DTM*472*20220101~
CAS*CO*45*7.2~
CAS*PR*3*112.8~
REF*6R*SJBE0093846740-1~
AMT*B6*112.8~
SVC*NU>0258*120*95.6**1~
DTM*472*20220101~
CAS*CO*45*7.2~
CAS*PR*3*17.2~
REF*6R*SJBE0093846740-2~
AMT*B6*112.8~
SVC*HC>80048*76*68.4*0301*1~
DTM*472*20220101~
CAS*CO*45*7.6~
REF*6R*SJBE0093846740-3~
AMT*B6*68.4~
SVC*HC>80307*335*301.5*0301*1~
DTM*472*20220101~
CAS*CO*45*33.5~
REF*6R*SJBE0093846740-4~
AMT*B6*301.5~
SVC*HC>85025*76*68.4*0305*1~
DTM*472*20220101~
CAS*CO*45*7.6~
REF*6R*SJBE0093846740-5~
AMT*B6*68.4~
SVC*HC>81025*30*27*0307*1~
DTM*472*20220101~
CAS*CO*45*3~
REF*6R*SJBE0093846740-6~
AMT*B6*27~
SVC*HC>96361*152*142.88*0450*2~
DTM*472*20220101~
CAS*CO*45*9.12~
REF*6R*SJBE0093846740-7~
AMT*B6*142.88~
SVC*HC>96374*172*161.68*0450*1~
DTM*472*20220101~
CAS*CO*45*10.32~
REF*6R*SJBE0093846740-8~
AMT*B6*161.68~
SVC*HC>96375*135*126.9*0450*1~
DTM*472*20220101~
CAS*CO*45*8.1~
REF*6R*SJBE0093846740-9~
AMT*B6*126.9~
SVC*HC>96376*82*77.08*0450*1~
DTM*472*20220101~
CAS*CO*45*4.92~
REF*6R*SJBE0093846740-10~
AMT*B6*77.08~
SVC*HC>99284>25*679*638.26*0450*1~
DTM*472*20220101~
CAS*CO*45*40.74~
REF*6R*SJBE0093846740-11~
AMT*B6*638.26~
SVC*HC>J0780*19.14*17.99*0636*1~
DTM*472*20220101~
CAS*CO*45*1.15~
REF*6R*SJBE0093846740-12~
AMT*B6*17.99~
SVC*HC>J2405*10.5*9.87*0636*8~
DTM*472*20220101~
CAS*CO*45*.63~
REF*6R*SJBE0093846740-13~
AMT*B6*9.87~
CLP*HST1931232201*1*309*278.1**12*EG36WYYCK0000*85*1~
NM1*QC*1*PODDEY*DANA****MI*W26771555601~
NM1*74*1*SEE*****C*W267715556~
NM1*82*2*ST. JOSEPH S HOSPITAL*****XX*1124005061~
REF*1L*0115568-010-00727-AD~
REF*CE*Open Access Aetna Select  8480 NET 02350~
DTM*232*20220110~
DTM*233*20220110~
DTM*050*20220115~
PER*CX**TE*8886323862~
AMT*AU*309~
SVC*HC>C9803*67*60.3*0300*1~
DTM*472*20220110~
CAS*CO*45*6.7~
REF*6R*SJBE0093891671-1~
AMT*B6*60.3~
SVC*HC>87804*80*72*0306*2~
DTM*472*20220110~
CAS*CO*45*8~
REF*6R*SJBE0093891671-2~
AMT*B6*72~
SVC*HC>U0002*162*145.8*0306*1~
DTM*472*20220110~
CAS*CO*45*16.2~
REF*6R*SJBE0093891671-3~
AMT*B6*145.8~
CLP*HST1783220900*1*636*0**13*EWPCVM4QB0000*85*7~
NM1*QC*1*MCCARTNEY*ERIC*S~
NM1*IL*1*MCCARTNEY*BRITTANY****MI*W246432097~
NM1*82*2*ST. JOSEPH S HOSPITAL*****XX*1124005061~
REF*1L*0112237-010-00703- D~
REF*CE*Aetna Choice  POS II NET 00578~
DTM*232*20210819~
DTM*233*20210819~
DTM*050*20220113~
PER*CX**TE*8886323862~
AMT*AU*636~
SVC*HC>93971*636*0*0921*0**1~
DTM*472*20210819~
CAS*CO*151*636*1~
REF*6R*SJBE0093825768-1~
AMT*B6*597.84~
LQ*HE*N377~
LQ*HE*N362~
CLP*HST1938199100*1*65*33.5*25*13*EYFCVL8NN0000*14*1~
NM1*QC*1*FREEMAN*DIANNA~
NM1*IL*1*FREEMAN*CLIFFORD****MI*W180653331~
NM1*82*2*ST. JOSEPH S HOSPITAL*****XX*1124005061~
REF*1L*0307227-010-00001-AG~
REF*CE*Aetna Choice  POS II NET 00578~
DTM*232*20220114~
DTM*233*20220114~
DTM*050*20220117~
PER*CX**TE*8886323862~
AMT*AU*65~
SVC*HC>80061*65*33.5*0301*1~
DTM*472*20220114~
CAS*CO*45*6.5~
CAS*PR*3*25~
REF*6R*SJBE0093937467-1~
AMT*B6*58.5~
CLP*HST1861710700*1*495*465.3**13*E0Y1VMHLY0000*85*7~
NM1*QC*1*ARBOGAST*MCKENZIE~
NM1*IL*1*ARBOGAST*DELBERT****MI*W054217611~
NM1*82*2*ST. JOSEPH S HOSPITAL*****XX*1124005061~
REF*1L*0837204-010-00001- A~
REF*CE*Aetna Choice  POS II NET 00578~
DTM*232*20211101~
DTM*233*20211101~
DTM*050*20220118~
PER*CX**TE*8886323862~
AMT*AU*495~
SVC*HC>J1050*450*423*0636*150~
DTM*472*20211101~
CAS*CO*45*27~
REF*6R*SJBE0093960570-1~
AMT*B6*423~
LQ*HE*N377~
SVC*HC>96372*45*42.3*0940*1~
DTM*472*20211101~
CAS*CO*45*2.7~
REF*6R*SJBE0093960570-2~
AMT*B6*42.3~
LQ*HE*N377~
CLP*HST1883763501*2*5120*878.31**12*E2PCVHYPN0000*85*1~
NM1*QC*1*WHITE*THELMA*J~
NM1*IL*1*WHITE*ORVILLE****MI*W012923036~
NM1*82*2*ST. JOSEPH S HOSPITAL*****XX*1124005061~
REF*1L*0608472-032-00005-BS~
REF*CE*Open Choice~
DTM*232*20211121~
DTM*233*20211121~
DTM*050*20220103~
PER*CX**TE*8886323862~
AMT*AU*651~
SVC*NU>0271*651*878.31**1~
DTM*472*20211121~
CAS*OA*23*4241.69**94*-4469~
REF*6R*00000000001~
AMT*B6*1916.12~
SVC*HC>80048*74*0*0301*1~
DTM*472*20211121~
CAS*CO*45*74~
REF*6R*00000000002~
SVC*HC>82803*181*0*0301*1~
DTM*472*20211121~
CAS*CO*45*181~
REF*6R*00000000003~
SVC*HC>83880*212*0*0301*1~
DTM*472*20211121~
CAS*CO*45*212~
REF*6R*00000000004~
SVC*HC>84484*78*0*0301*1~
DTM*472*20211121~
CAS*CO*45*78~
REF*6R*00000000005~
SVC*HC>85025*76*0*0305*1~
DTM*472*20211121~
CAS*CO*45*76~
REF*6R*00000000006~
SVC*HC>71045>TC*299*0*0324*1~
DTM*472*20211121~
CAS*CO*45*299~
REF*6R*00000000007~
SVC*HC>70450>MA*2541*0*0351*1~
DTM*472*20211121~
CAS*CO*45*2541~
REF*6R*00000000008~
SVC*HC>99284>25*641*0*0450*1~
DTM*472*20211121~
CAS*CO*45*641~
REF*6R*00000000009~
SVC*HC>93005*179*0*0730*1~
DTM*472*20211121~
CAS*CO*45*179~
REF*6R*00000000010~
SVC*HC>99283>25*161*0*0981*1~
DTM*472*20211121~
CAS*CO*45*161~
REF*6R*00000000011~
SVC*HC>93010*27*0*0985*1~
DTM*472*20211121~
CAS*CO*45*27~
REF*6R*00000000012~
CLP*HST1938413300*1*3928.32*3539.14*127.2*13*E6PCVQN290000*85*1~
NM1*QC*1*GIVEN*JOHNNY****MI*W141217026~
NM1*82*2*ST. JOSEPH S HOSPITAL*****XX*1124005061~
REF*1L*0887031-020-00004-TB~
REF*CE*Aetna Choice  POS II NET 00578~
DTM*232*20220115~
DTM*233*20220115~
DTM*050*20220118~
PER*CX**TE*8886323862~
AMT*AU*3928.32~
SVC*HC>Q9967*135.32*0*0254*90~
DTM*472*20220115~
CAS*CO*45*8.12~
CAS*PR*3*127.2~
REF*6R*SJBE0093967245-1~
AMT*B6*127.2~
SVC*HC>80048*76*68.4*0301*1~
DTM*472*20220115~
CAS*CO*45*7.6~
REF*6R*SJBE0093967245-2~
AMT*B6*68.4~
SVC*HC>85025*76*68.4*0305*1~
DTM*472*20220115~
CAS*CO*45*7.6~
REF*6R*SJBE0093967245-3~
AMT*B6*68.4~
SVC*HC>0241U*505*454.5*0310*1~
DTM*472*20220115~
CAS*CO*45*50.5~
REF*6R*SJBE0093967245-4~
AMT*B6*454.5~
SVC*HC>71275*2457*2309.58*0352*1~
DTM*472*20220115~
CAS*CO*45*147.42~
REF*6R*SJBE0093967245-5~
AMT*B6*2309.58~
SVC*HC>99284>25*679*638.26*0450*1~
DTM*472*20220115~
CAS*CO*45*40.74~
REF*6R*SJBE0093967245-6~
AMT*B6*638.26~
CLP*HST1936199700*1*16*15.04**13*E7ACVM4C00000*85*1~
NM1*QC*1*BALL*CARLA****MI*W200888599~
NM1*82*2*ST. JOSEPH S HOSPITAL*****XX*1124005061~
REF*1L*0837204-011-00001-AA~
REF*CE*Aetna HealthFund  Aetna Choice  POS II NET 00578~
DTM*232*20220113~
DTM*233*20220113~
DTM*050*20220118~
PER*CX**TE*8886323862~
AMT*AU*16~
SVC*HC>G0463*16*15.04*0510*1~
DTM*472*20220113~
CAS*CO*45*.96~
REF*6R*SJBE0093967334-1~
AMT*B6*15.04~
LX*2~
TS3*1124005061*11*20221231*1*-495~
CLP*HST1861710700*22*-495*0**13*EDY1VRK3N0000*85*1~
NM1*QC*1*ARBOGAST*MCKENZIE~
NM1*IL*1*ARBOGAST*DELBERT****MI*W054217611~
NM1*82*2*ST. JOSEPH S HOSPITAL*****XX*1124005061~
REF*1L*0837204-010-00001- A~
REF*CE*Aetna Choice  POS II NET 00578~
DTM*232*20211101~
DTM*233*20211101~
DTM*050*20211108~
PER*CX**TE*8886323862~
SVC*HC>J1050*-450*0*0636*0**150~
DTM*472*20211101~
CAS*PI*226*-450*150~
REF*6R*SJBE0092171423-1~
LQ*HE*N694~
LQ*HE*M119~
LQ*HE*N517~
SVC*HC>96372*-45*0*0940*0**1~
DTM*472*20211101~
CAS*PI*226*-45*1~
REF*6R*SJBE0092171423-2~
LQ*HE*N694~
LQ*HE*M119~
LQ*HE*N517~
LX*3~
TS3*1124005061*11*20221231*1*-636~
CLP*HST1783220900*22*-636*0**13*E0FCR3V550000*85*1~
NM1*QC*1*MCCARTNEY*ERIC*S~
NM1*IL*1*MCCARTNEY*BRITTANY****MI*W246432097~
NM1*82*2*ST. JOSEPH S HOSPITAL*****XX*1124005061~
REF*1L*0112237-010-00703- D~
REF*CE*Aetna Choice  POS II NET 00578~
DTM*232*20210819~
DTM*233*20210819~
DTM*050*20210826~
PER*CX**TE*8886323862~
SVC*HC>93971>TC*-636*0*0921*1~
DTM*472*20210819~
CAS*CO*45*-38.16~
CAS*PR*1*-597.84~
REF*6R*SJBE0090466412-1~
LQ*HE*N694~
SE*442*0216~
ST*835*0217~
BPR*I*1176.01*C*ACH*CCP*01*031100209*DA*0000009108*1066033492**01*051900366*DA*401003275*20220124~
TRN*1*822019000260811*1066033492~
REF*EV*XXXXXXXXXXXXXXXXXXXXXXXXXXXXXX~
DTM*405*20220119~
N1*PR*AETNA~
N3*151 FARMINGTON AVENUE~
N4*HARTFORD*CT*06156~
REF*2U*60054~
PER*BL*Provider Service~
N1*PE*ST. JOSEPH S HOSPITAL OF BUCKHANNON, INC.*XX*1124005061~
N3*1 AMALIA DR~
N4*BUCKHANNON*WV*262012276~
REF*PQ*430847940~
REF*TJ*550356996~
LX*1~
TS3*1124005061*11*20221231*6*8653.76~
CLP*HST1923104700*1*994.13*584.48*350*13*ECACW1WV30000*85*1~
NM1*QC*1*WILLETT*LINDSEY*A~
NM1*IL*1*WILLETT*PAUL***JR*MI*W249581415~
NM1*82*2*ST. JOSEPH S HOSPITAL*****XX*1124005061~
REF*1L*0169528-013-00038-GD~
REF*CE*Aetna Open Access  Managed Choice NET 00578~
DTM*232*20220102~
DTM*233*20220102~
DTM*050*20220115~
PER*CX**TE*8886323862~
AMT*AU*994.13~
SVC*NU>0250*.5*0**1~
DTM*472*20220102~
CAS*CO*45*.03~
CAS*PR*3*.47~
REF*6R*SJBE0093891187-1~
AMT*B6*.47~
SVC*HC>73590>TC>LT*355*0*0320*1~
DTM*472*20220102~
CAS*CO*45*21.3~
CAS*PR*3*333.7~
REF*6R*SJBE0093891187-2~
AMT*B6*333.7~
SVC*HC>99283>25*543*494.59*0450*1~
DTM*472*20220102~
CAS*CO*45*32.58~
CAS*PR*3*15.83~
REF*6R*SJBE0093891187-3~
AMT*B6*510.42~
SVC*HC>90715*58.63*55.11*0636*1~
DTM*472*20220102~
CAS*CO*45*3.52~
REF*6R*SJBE0093891187-4~
AMT*B6*55.11~
SVC*HC>90471*37*34.78*0771*1~
DTM*472*20220102~
CAS*CO*45*2.22~
REF*6R*SJBE0093891187-5~
AMT*B6*34.78~
CLP*HST1925251800*1*324*219.52*85.04*13*EGJMW0NS40000*85*1~
NM1*QC*1*PHILLIPS*CRAIG****MI*W219082638~
NM1*82*2*ST. JOSEPH S HOSPITAL*****XX*1124005061~
REF*1L*0597522-010-00700- L~
REF*CE*Aetna Open Access  Managed Choice NET 00578~
DTM*232*20220104~
DTM*233*20220104~
DTM*050*20220113~
PER*CX**TE*8886323862~
AMT*AU*324~
SVC*HC>73130>TC>LT*308*219.52*0320*1~
DTM*472*20220104~
CAS*CO*45*18.48~
CAS*PR*3*70~
REF*6R*SJBE0093846462-1~
AMT*B6*289.52~
SVC*HC>G0463>25*16*0*0510*1~
DTM*472*20220104~
CAS*CO*45*.96~
CAS*PR*3*15.04~
REF*6R*SJBE0093846462-2~
AMT*B6*15.04~
CLP*HST1934741300*1*534*372.01*129.95*13*ELPCWZK6W0000*85*1~
NM1*QC*1*JORDAN*LANA****MI*W268820962~
NM1*82*2*ST. JOSEPH S HOSPITAL*****XX*1124005061~
REF*1L*0804760-017-00001-MJ~
REF*CE*OA Managed Choice  POS HDHP~
DTM*232*20220112~
DTM*233*20220112~
DTM*050*20220117~
PER*CX**TE*8886323862~
AMT*AU*534~
SVC*HC>76536*534*372.01*0402*1~
DTM*472*20220112~
CAS*CO*45*32.04~
CAS*PR*1*88.62**2*41.33~
REF*6R*SJBE0093911293-1~
AMT*B6*501.96~
CLP*HST1926457600*1*5462.63*0*5134.87*13*EPPCWVR5K0000*85*1~
NM1*QC*1*JORDAN*LANA****MI*W268820962~
NM1*82*2*ST. JOSEPH S HOSPITAL*****XX*1124005061~
REF*G1*060710174~
REF*1L*0804760-017-00001-MJ~
REF*CE*OA Managed Choice  POS HDHP~
DTM*232*20220105~
DTM*233*20220105~
DTM*050*20220110~
PER*CX**TE*8886323862~
AMT*AU*5462.63~
SVC*HC>78452*2111*0*0341*1~
DTM*472*20220105~
CAS*CO*45*126.66~
CAS*PR*1*1984.34~
REF*6R*SJBE0093717664-1~
AMT*B6*1984.34~
SVC*HC>A9500*1200*0*0343*2~
DTM*472*20220105~
CAS*CO*45*72~
CAS*PR*1*1128~
REF*6R*SJBE0093717664-2~
AMT*B6*1128~
SVC*HC>93017*1258*0*0482*1~
DTM*472*20220105~
CAS*CO*45*75.48~
CAS*PR*1*1182.52~
REF*6R*SJBE0093717664-3~
AMT*B6*1182.52~
SVC*HC>J2785*893.63*0*0636*4~
DTM*472*20220105~
CAS*CO*45*53.62~
CAS*PR*1*840.01~
REF*6R*SJBE0093717664-4~
AMT*B6*840.01~
CLP*HST1881338902*1*985*0*875.7*13*E5ACVMZ2L0000*85*1~
NM1*QC*1*WILLIAMS*HOLLY****MI*W267414327~
NM1*74*1**STEVEN~
NM1*82*2*ST. JOSEPH S HOSPITAL*****XX*1124005061~
REF*1L*0170575-012-00201-BD~
REF*CE*Aetna Health Network Option  8480  (Open NET 08384~
DTM*232*20211118~
DTM*233*20211118~
DTM*050*20220118~
PER*CX**TE*8886323862~
AMT*AU*985~
SVC*HC>36415*12*0*0300*0**1~
DTM*472*20211118~
CAS*CO*97*12*1~
REF*6R*SJBE0093967135-1~
AMT*B6*11.28~
LQ*HE*N19~
SVC*HC>80048*55*0*0301*1~
DTM*472*20211118~
CAS*CO*45*5.5~
CAS*PR*1*49.5~
REF*6R*SJBE0093967135-2~
AMT*B6*49.5~
SVC*HC>80061*65*0*0301*1~
DTM*472*20211118~
CAS*CO*45*6.5~
CAS*PR*1*58.5~
REF*6R*SJBE0093967135-3~
AMT*B6*58.5~
SVC*HC>82306*201*0*0301*1~
DTM*472*20211118~
CAS*CO*45*20.1~
CAS*PR*1*180.9~
REF*6R*SJBE0093967135-4~
AMT*B6*180.9~
SVC*HC>82607*144*0*0301*1~
DTM*472*20211118~
CAS*CO*45*14.4~
CAS*PR*1*129.6~
REF*6R*SJBE0093967135-5~
AMT*B6*129.6~
SVC*HC>82746*132*0*0301*1~
DTM*472*20211118~
CAS*CO*45*13.2~
CAS*PR*1*118.8~
REF*6R*SJBE0093967135-6~
AMT*B6*118.8~
SVC*HC>83036*92*0*0301*1~
DTM*472*20211118~
CAS*CO*45*9.2~
CAS*PR*1*82.8~
REF*6R*SJBE0093967135-7~
AMT*B6*82.8~
SVC*HC>84443*132*0*0301*1~
DTM*472*20211118~
CAS*CO*45*13.2~
CAS*PR*1*118.8~
REF*6R*SJBE0093967135-8~
AMT*B6*118.8~
SVC*HC>84450*38*0*0301*1~
DTM*472*20211118~
CAS*CO*45*3.8~
CAS*PR*1*34.2~
REF*6R*SJBE0093967135-9~
AMT*B6*34.2~
SVC*HC>84460*38*0*0301*1~
DTM*472*20211118~
CAS*CO*45*3.8~
CAS*PR*1*34.2~
REF*6R*SJBE0093967135-10~
AMT*B6*34.2~
SVC*HC>85025*76*0*0305*1~
DTM*472*20211118~
CAS*CO*45*7.6~
CAS*PR*1*68.4~
REF*6R*SJBE0093967135-11~
AMT*B6*68.4~
CLP*HST1937845300*1*354*0*314.68*13*E5TXVMX9X0000*85*1~
NM1*QC*1*MCCOURT*MARK****MI*W248107794~
NM1*82*2*ST. JOSEPH S HOSPITAL*****XX*1124005061~
REF*1L*0169528-013-00038-GD~
REF*CE*Aetna Open Access  Managed Choice NET 00578~
DTM*232*20220114~
DTM*233*20220114~
DTM*050*20220118~
PER*CX**TE*8886323862~
AMT*AU*354~
SVC*HC>36415*16*0*0300*0**1~
DTM*472*20220114~
CAS*CO*97*16*1~
REF*6R*SJBE0093967216-1~
AMT*B6*15.04~
LQ*HE*N19~
SVC*HC>85025*76*0*0305*1~
DTM*472*20220114~
CAS*CO*45*7.6~
CAS*PR*1*68.4~
REF*6R*SJBE0093967216-2~
AMT*B6*68.4~
SVC*HC>99195*262*0*0940*1~
DTM*472*20220114~
CAS*CO*45*15.72~
CAS*PR*1*246.28~
REF*6R*SJBE0093967216-3~
AMT*B6*246.28~
SE*235*0217~
ST*835*0218~
BPR*I*5529.19*C*ACH*CCP*01*031100209*DA*0000009132*1066033492**01*051900366*DA*401003275*20220124~
TRN*1*822019000260812*1066033492~
REF*EV*XXXXXXXXXXXXXXXXXXXXXXXXXXXXXX~
DTM*405*20220119~
N1*PR*AETNA~
N3*151 FARMINGTON AVENUE~
N4*HARTFORD*CT*06156~
REF*2U*60054~
PER*BL*Provider Service~
N1*PE*ST. JOSEPH S HOSPITAL OF BUCKHANNON, INC.*XX*1124005061~
N3*1 AMALIA DR~
N4*BUCKHANNON*WV*262012276~
REF*PQ*430847940~
REF*TJ*550356996~
LX*1~
TS3*1194170571*21*20221231*1*614~
CLP*HST1896180702*2*614*41.78**13*EPACWSPFP0000*21*1~
CAS*OA*23*169.47~
NM1*QC*1*MEADOWS*PHYLLIS****MI*7CE3AF1NE05~
NM1*74*1******C*W238879116~
NM1*82*1*JACKSON*MATTHAN****XX*1124005061~
REF*1L*0285629-012-00001-DB~
REF*CE*Aetna HealthFund  Aetna Choice  POS II NET 00578~
DTM*232*20211207~
DTM*233*20211209~
DTM*050*20211231~
PER*CX**TE*8004107778~
AMT*AU*614~
SVC*HC>99232*206*70.54**1~
DTM*472*20211207~
CAS*OA*23*135.46~
REF*6R*SJBE0093147131-3~
AMT*B6*70.54~
SVC*HC>99232*206*70.54**1~
DTM*472*20211208~
CAS*OA*23*135.46~
REF*6R*SJBE0093147131-2~
AMT*B6*70.54~
SVC*HC>99238*202*70.17**1~
DTM*472*20211209~
CAS*OA*23*131.83~
REF*6R*SJBE0093147131-1~
AMT*B6*70.17~
LX*2~
TS3*1124005061*11*20221231*3*22328.81~
CLP*HST1896505800*2*9259.25*1500.53**13*EJPCWTW420001*85*1~
CAS*OA*23*1995.48~
NM1*QC*1*MEADOWS*PHYLLIS*J***MI*7CE3AF1NE05~
NM1*74*1******C*W238879116~
NM1*82*2*ST. JOSEPH S HOSPITAL*****XX*1124005061~
REF*1L*0285629-012-00001-DB~
REF*CE*Aetna HealthFund  Aetna Choice  POS II NET 00578~
DTM*232*20211204~
DTM*233*20211205~
DTM*050*20220101~
PER*CX**TE*8004107778~
AMT*AU*93~
SVC*HC>87086*93*3496.01*0306*1~
DTM*472*20211204~
CAS*OA*23*5763.24**94*-9166.25~
REF*6R*SJBE0093216738-19~
AMT*B6*3496.01~
SVC*HC>81001*49*0*0307*1~
DTM*472*20211204~
CAS*CO*97*49~
REF*6R*SJBE0093216738-20~
LQ*HE*N20~
SVC*HC>0241U*485*0*0310*1~
DTM*472*20211204~
CAS*CO*97*485~
REF*6R*SJBE0093216738-21~
LQ*HE*N20~
SVC*HC>73080>TC>LT*261*0*0320*1~
DTM*472*20211204~
CAS*CO*97*261~
REF*6R*SJBE0093216738-22~
LQ*HE*N20~
SVC*HC>71045>TC*299*0*0324*1~
DTM*472*20211204~
CAS*CO*97*299~
REF*6R*SJBE0093216738-23~
LQ*HE*N20~
SVC*HC>70450>MA*2541*0*0351*1~
DTM*472*20211204~
CAS*CO*97*2541~
REF*6R*SJBE0093216738-24~
LQ*HE*N20~
SVC*HC>74177>MA*2747*0*0352*1~
DTM*472*20211204~
CAS*CO*97*2747~
REF*6R*SJBE0093216738-25~
LQ*HE*N20~
SVC*HC>96365>XU*276*0*0450*1~
DTM*472*20211204~
CAS*CO*97*276~
REF*6R*SJBE0093216738-26~
LQ*HE*N20~
SVC*HC>99285>25*736*0*0450*1~
DTM*472*20211204~
CAS*CO*97*736~
REF*6R*SJBE0093216738-27~
LQ*HE*N20~
SVC*HC>J0696>TB*5.25*0*0636*4~
DTM*472*20211204~
CAS*CO*97*5.25~
REF*6R*SJBE0093216738-28~
LQ*HE*N20~
SVC*HC>93005*179*0*0730*1~
DTM*472*20211204~
CAS*CO*97*179~
REF*6R*SJBE0093216738-29~
LQ*HE*N20~
SVC*HC>G0378*1036*0*0762*14~
DTM*472*20211204~
CAS*CO*97*1036~
REF*6R*SJBE0093216738-30~
LQ*HE*N20~
SVC*HC>99284>25*202*0*0981*1~
DTM*472*20211204~
CAS*CO*97*202~
REF*6R*SJBE0093216738-31~
LQ*HE*N20~
SVC*HC>93010*27*0*0985*1~
DTM*472*20211205~
CAS*CO*97*27~
REF*6R*SJBE0093216738-32~
LQ*HE*N20~
SVC*HC>99219*323*0*0987*1~
DTM*472*20211205~
CAS*CO*97*323~
REF*6R*SJBE0093216738-33~
LQ*HE*N20~
CLP*HST1919287500*1*2942*2488.93*276.55*13*EPPCWSF8R0000*85*1~
NM1*QC*1*HAYMOND*ELIZABETH****MI*W238953404~
NM1*82*2*ST. JOSEPH S HOSPITAL*****XX*1124005061~
REF*1L*0285629-011-00002-AE~
REF*CE*Aetna HealthFund  Aetna Choice  POS II NET 00578~
DTM*232*20211228~
DTM*233*20211228~
DTM*050*20220105~
PER*CX**TE*8004107778~
AMT*AU*2942~
SVC*HC>73721>LT*2942*2488.93*0614*1~
DTM*472*20211228~
CAS*CO*45*176.52~
CAS*PR*2*276.55~
REF*6R*SJBE0093627818-1~
AMT*B6*2765.48~
CLP*HST1896180700*2*10127.56*1484**13*E4FCVBFJ80000*11*1~
CAS*OA*23*8643.56~
NM1*QC*1*MEADOWS*PHYLLIS*J***MI*7CE3AF1NE05~
NM1*74*1******C*W238879116~
NM1*82*2*ST. JOSEPH S HOSPITAL*****XX*1124005061~
REF*1L*0285629-012-00001-DB~
REF*CE*Aetna HealthFund  Aetna Choice  POS II NET 00578~
DTM*232*20211205~
DTM*233*20211209~
DTM*050*20211230~
PER*CX**TE*8004107778~
AMT*AU*5048~
SVC*NU>0110*5048*10127.56**4~
DTM*150*20211205~
DTM*151*20211208~
CAS*OA*94*-5079.56~
REF*6R*SJBE0093149978-1~
AMT*B6*10127.56~
SVC*NU>0250*129.31*0**43~
DTM*150*20211205~
DTM*151*20211209~
CAS*CO*97*129.31~
REF*6R*SJBE0093149978-2~
LQ*HE*N20~
SVC*NU>0258*5.25*0**1~
DTM*150*20211205~
DTM*151*20211209~
CAS*CO*97*5.25~
REF*6R*SJBE0093149978-3~
LQ*HE*N20~
SVC*NU>0271*2604*0**4~
DTM*150*20211205~
DTM*151*20211209~
CAS*CO*97*2604~
REF*6R*SJBE0093149978-4~
LQ*HE*N20~
SVC*NU>0301*222*0**3~
DTM*150*20211205~
DTM*151*20211209~
CAS*CO*97*222~
REF*6R*SJBE0093149978-5~
LQ*HE*N20~
SVC*NU>0305*304*0**4~
DTM*150*20211205~
DTM*151*20211209~
CAS*CO*97*304~
REF*6R*SJBE0093149978-6~
LQ*HE*N20~
SVC*NU>0420*492*0**3~
DTM*150*20211205~
DTM*151*20211209~
CAS*CO*97*492~
REF*6R*SJBE0093149978-7~
LQ*HE*N20~
SVC*NU>0421*148*0**1~
DTM*150*20211205~
DTM*151*20211209~
CAS*CO*97*148~
REF*6R*SJBE0093149978-8~
LQ*HE*N20~
SVC*NU>0424*213*0**1~
DTM*150*20211205~
DTM*151*20211209~
CAS*CO*97*213~
REF*6R*SJBE0093149978-9~
LQ*HE*N20~
SVC*NU>0431*734*0**4~
DTM*150*20211205~
DTM*151*20211209~
CAS*CO*97*734~
REF*6R*SJBE0093149978-10~
LQ*HE*N20~
SVC*NU>0434*228*0**1~
DTM*150*20211205~
DTM*151*20211209~
CAS*CO*97*228~
REF*6R*SJBE0093149978-11~
LQ*HE*N20~
LX*3~
TS3*1164663886*21*20221231*1*206~
CLP*HST1896180701*2*206*13.95**13*ENY1WQVYY0000*21*1~
CAS*OA*23*56.59~
NM1*QC*1*MEADOWS*PHYLLIS****MI*7CE3AF1NE05~
NM1*74*1******C*W238879116~
NM1*82*1*BROWN*BARTLEY*R***XX*1124005061~
REF*1L*0285629-012-00001-DB~
REF*CE*Aetna HealthFund  Aetna Choice  POS II NET 00578~
DTM*232*20211206~
DTM*233*20211206~
DTM*050*20211231~
PER*CX**TE*8004107778~
AMT*AU*206~
SVC*HC>99232*206*70.54**1~
DTM*472*20211206~
CAS*OA*23*135.46~
REF*6R*SJBE0093147130-1~
AMT*B6*70.54~
SE*247*0218~
ST*835*0219~
BPR*I*27.69*C*ACH*CCP*01*031100209*DA*0000009133*1066033492**01*051900366*DA*401003275*20220124~
TRN*1*822019000260810*1066033492~
REF*EV*XXXXXXXXXXXXXXXXXXXXXXXXXXXXXX~
DTM*405*20220119~
N1*PR*AETNA~
N3*151 FARMINGTON AVENUE~
N4*HARTFORD*CT*06156~
REF*2U*60054~
PER*BL*Provider Service~
N1*PE*ST. JOSEPH S HOSPITAL OF BUCKHANNON, INC.*XX*1124005061~
N3*1 AMALIA DR~
N4*BUCKHANNON*WV*262012276~
REF*PQ*430847940~
REF*TJ*550356996~
LX*1~
TS3*1124005061*22*20221231*2*597~
CLP*HST1932048800*1*407*27.69*354.89*13*EHY1WZZ740000*85*1~
NM1*QC*1*ABEL*BOBBI*J~
NM1*IL*1*ABEL*GREGORY****MI*W239278275~
NM1*82*2*ST. JOSEPH S HOSPITAL*****XX*1124005061~
REF*1L*0285631-010-00003- G~
REF*CE*Aetna HealthFund  Aetna Choice  POS II NET 00578~
DTM*232*20220110~
DTM*233*20220110~
DTM*050*20220113~
PER*CX**TE*8006388432~
AMT*AU*407~
SVC*HC>71046>TC*407*27.69*0324*1~
DTM*472*20220110~
CAS*CO*45*24.42~
CAS*PR*1*350**2*4.89~
REF*6R*SJBE0093847036-1~
AMT*B6*382.58~
CLP*HST1938149800*1*190*0*178.6*13*E136VL8NB0000*85*1~
NM1*QC*1*WITHROW*KAELIN*O~
NM1*IL*1*WITHROW*CARL****MI*W239278469~
NM1*82*2*ST. JOSEPH S HOSPITAL*****XX*1124005061~
REF*1L*0285631-014-00007-AZ~
REF*CE*Aetna HealthFund  Aetna Choice  POS II NET 00578~
DTM*232*20220114~
DTM*233*20220114~
DTM*050*20220117~
PER*CX**TE*8006388432~
AMT*AU*190~
SVC*HC>93005*190*0*0730*1~
DTM*472*20220114~
CAS*CO*45*11.4~
CAS*PR*1*178.6~
REF*6R*SJBE0093937493-1~
AMT*B6*178.6~
SE*52*0219~
ST*835*0220~
BPR*I*131.08*C*CHK************20220119~
TRN*1*09820-012960481*1066033492~
REF*EV*XXXXXXXXXXXXXXXXXXXXXXXXXXXXXX~
DTM*405*20220119~
N1*PR*AETNA~
N3*151 FARMINGTON AVENUE~
N4*HARTFORD*CT*06156~
REF*2U*60054~
PER*BL*Provider Service~
N1*PE*ST. JOSEPH S HOSPITAL OF BUCKHANNON, INC.*XX*1841314473~
N3*1 AMALIA DR~
N4*BUCKHANNON*WV*262012276~
REF*PQ*445309850~
REF*TJ*550356996~
LX*1~
TS3*1477709251*23*20221231*1*161~
CLP*HST1922436801*1*161*131.08**13*E4FCVKMC40000*23*1~
NM1*QC*1*STUMP*JACQUELINE*A***MI*W268169901~
NM1*82*1*HINER*CATHY*R***XX*1841314473~
REF*1L*0835417-015-00002-GA~
REF*CE*Aetna Choice  POS II NET 00578~
DTM*232*20211231~
DTM*233*20211231~
DTM*050*20220113~
PER*CX**TE*8886323862~
AMT*AU*161~
SVC*HC>99283*161*131.08**1~
DTM*472*20211231~
CAS*CO*45*29.92~
REF*6R*SJBE0093843671-1~
AMT*B6*131.08~
SE*33*0220~
ST*835*0221~
BPR*I*13.88*C*CHK************20220119~
TRN*1*09822-041901211*1066033492~
REF*EV*XXXXXXXXXXXXXXXXXXXXXXXXXXXXXX~
DTM*405*20220119~
N1*PR*AETNA~
N3*151 FARMINGTON AVENUE~
N4*HARTFORD*CT*06156~
REF*2U*60054~
PER*BL*Provider Service~
N1*PE*ST. JOSEPH S HOSPITAL OF BUCKHANNON, INC.*XX*1841314473~
N3*1 AMALIA DR~
N4*BUCKHANNON*WV*262012276~
REF*PQ*445309850~
REF*TJ*550356996~
LX*1~
TS3*1194170571*21*20221231*1*202~
CLP*HST1898007002*2*202*13.88**12*EKJMWR3WL0000*21*1~
NM1*QC*1*WHITE*THELMA*J~
NM1*IL*1*WHITE*ORVILLE*C***MI*W012923036~
NM1*82*1*JACKSON*MATTHAN****XX*1841314473~
REF*1L*0608472-032-00005-BS~
REF*CE*Open Choice~
DTM*232*20211208~
DTM*233*20211208~
DTM*050*20211229~
PER*CX**TE*8886323862~
AMT*AU*202~
SVC*HC>99238*202*13.88**1~
DTM*472*20211208~
CAS*OA*23*188.12~
REF*6R*SJBE0093463908-1~
AMT*B6*70.17~
LX*2~
TS3*1013191931*23*20221231*1*202~
CLP*HST1922916201*1*202*0*202*13*EPY1W1DXR0000*23*1~
NM1*QC*1*SMITH*MEGAN~
NM1*IL*1*SMITH*BENNYE****MI*W267770119~
NM1*74*1**BENNY~
NM1*82*1*RENEAU*JEREMY*J***XX*1841314473~
REF*1L*0169480-021-00001-DB~
REF*CE*Aetna Choice  POS II NET 00578~
DTM*232*20220102~
DTM*233*20220102~
DTM*050*20220114~
PER*CX**TE*8886323862~
AMT*AU*202~
SVC*HC>99284>25*202*0**1~
DTM*472*20220102~
CAS*PR*1*202~
REF*6R*SJBE0093882432-1~
AMT*B6*202~
SE*53*0221~
ST*835*0222~
BPR*H*0*C*NON************20220119~
TRN*1*922019000260813*1066033492~
REF*EV*XXXXXXXXXXXXXXXXXXXXXXXXXXXXXX~
DTM*405*20220119~
N1*PR*AETNA~
N3*151 FARMINGTON AVENUE~
N4*HARTFORD*CT*06156~
REF*2U*60054~
PER*BL*Provider Service~
N1*PE*ST. JOSEPH S HOSPITAL OF BUCKHANNON, INC.*XX*1841314473~
N3*1 AMALIA DR~
N4*BUCKHANNON*WV*262012276~
REF*PQ*445309850~
REF*TJ*550356996~
LX*1~
TS3*1164663886*22*20221231*1*28~
CLP*HST1938149801*1*28*0*17.36*13*EGJMW2CJ00000*22*1~
NM1*QC*1*WITHROW*KAELIN~
NM1*IL*1*WITHROW*CARL****MI*W239278469~
NM1*82*1*BROWN*BARTLEY*R***XX*1841314473~
REF*1L*0285631-014-00007-AZ~
REF*CE*Aetna HealthFund  Aetna Choice  POS II NET 00578~
DTM*232*20220114~
DTM*233*20220114~
DTM*050*20220117~
PER*CX**TE*8006388432~
AMT*AU*28~
SVC*HC>93010*28*0**1~
DTM*472*20220114~
CAS*CO*45*10.64~
CAS*PR*1*17.36~
REF*6R*SJBE0093937398-1~
AMT*B6*17.36~
SE*35*0222~
ST*835*0223~
BPR*I*233.63*C*CHK************20220119~
TRN*1*08608-055781211*1066033492~
REF*EV*XXXXXXXXXXXXXXXXXXXXXXXXXXXXXX~
DTM*405*20220119~
N1*PR*AETNA~
N3*151 FARMINGTON AVENUE~
N4*HARTFORD*CT*06156~
REF*2U*60054~
PER*BL*Provider Service~
N1*PE*ST. JOSEPH S HOSPITAL OF BUCKHANNON, INC.*XX*1841314473~
N3*1 AMALIA DR~
N4*BUCKHANNON*WV*262012276~
REF*PQ*445309850~
REF*TJ*550356996~
LX*1~
TS3*1619342599*22*20221231*1*615.25~
CLP*HST183149810R*1*615.25*233.63*55.6*13*E1ACVMJXH0000*22*1~
NM1*QC*1*WILLETT*LINDSEY~
NM1*IL*1*WILLETT*PAUL***JR*MI*W249581415~
NM1*82*1*RICE*JESSICA*L***XX*1841314473~
REF*1L*0169528-013-00038-GD~
REF*CE*Aetna Open Access  Managed Choice NET 00578~
DTM*232*20211005~
DTM*233*20211005~
DTM*050*20220112~
PER*CX**TE*8886323862~
AMT*AU*615.25~
SVC*HC>47564>81>AS*615.25*233.63**1~
DTM*472*20211005~
CAS*CO*45*326.02~
CAS*PR*2*55.6~
REF*6R*SJBE0093685559-1~
AMT*B6*289.23~
LX*2~
TS3*1619998283*22*20221231*1*2629~
CLP*HST183149810Q*1*2629*0**13*E136VJXJ40000*22*7~
NM1*QC*1*WILLETT*LINDSEY~
NM1*IL*1*WILLETT*PAUL***JR*MI*W249581415~
NM1*82*1*LONG*SUSAN*E***XX*1841314473~
REF*1L*0169528-013-00038-GD~
REF*CE*Aetna Open Access  Managed Choice NET 00578~
DTM*232*20211005~
DTM*233*20211005~
DTM*050*20220112~
PER*CX**TE*8886323862~
SVC*HC>99204>57*168*0**0**1~
DTM*472*20211005~
CAS*OA*18*168*1~
REF*6R*SJBE0093685558-1~
SVC*HC>47564*2461*0**0**1~
DTM*472*20211005~
CAS*OA*18*2461*1~
REF*6R*SJBE0093685558-2~
SE*55*0223~
GE*8*1~
IEA*1*100358959~
