ISA*00*          *00*          *ZZ*133052274      *ZZ*XXXXXXXXXXXXXXX*220119*0250*^*00501*100358959*0*P*>~GS*HP*133052274*XX*20220119*0250*1*X*005010X221A1~ST*835*0831~BPR*H*0*C*NON************20220119~TRN*1*922019000348807*1066033492~REF*EV*XXXXXXXXXXXXXXXXXXXXXXXXXXXXXX~DTM*405*20220119~N1*PR*AETNA~N3*151 FARMINGTON AVENUE~N4*HARTFORD*CT*06156~REF*2U*60054~PER*BL*Provider Service~N1*PE*MEDF PHYSICIANS CORPORATION*XX*1417992710~N3*830 W MAIN ST~N4*COLDWATER*OH*458281657~REF*PQ*784683550~REF*TJ*341957399~LX*1~TS3*1295720464*11*20221231*2*0~CLP*5003249620*22*-190*-85.48**13*E7JMSSJD00000*11*1~NM1*QC*1*DECKER*JULIE~NM1*IL*1*DECKER*JARRON****MI*W262048998~NM1*82*1*SEWARD*ROBERT*E***XX*1417992710~REF*1L*0169888-010-00001- A~REF*CE*Aetna Open Access  Managed Choice NET 00414~DTM*232*20210923~DTM*233*20210923~DTM*050*20210929~PER*CX**TE*8886323862~SVC*HC>99214*-190*-85.48**1~DTM*472*20210923~CAS*CO*45*-44.52~CAS*PR*3*-60~REF*6R*MEDF0003180367-1~CLP*5003249620*1*190*0**13*E7JMSSJD00001*11*1~NM1*QC*1*DECKER*JULIE~NM1*IL*1*DECKER*JARRON****MI*W262048998~NM1*82*1*SEWARD*ROBERT*E***XX*1417992710~REF*1L*0169888-010-00001- A~REF*CE*Aetna Open Access  Managed Choice NET 00414~REF*F8*E7JMSSJD00000~DTM*232*20210923~DTM*233*20210923~DTM*050*20211001~PER*CX**TE*8886323862~AMT*AU*190~SVC*HC>59820*190*0**0*HC>99214*1~DTM*472*20210923~CAS*CO*97*190*1~REF*6R*MEDF0003180367-1~AMT*B6*190~LQ*HE*N19~PLB*1417992710*20221231*FB>922019000348807*-85.48~SE*52*0831~ST*835*1268~BPR*I*195.81*C*ACH*CCP*01*031100209*DA*0038865237*1066033492**01*042309222*DA*186371874*20220121~TRN*1*160118220248984*1066033492~REF*EV*XXXXXXXXXXXXXXXXXXXXXXXXXXXXXX~DTM*405*20220119~N1*PR*AETNA~N3*151 FARMINGTON AVENUE~N4*HARTFORD*CT*06156~REF*2U*60054~PER*BL*Provider Service~N1*PE*MEDF PHYSICIANS CORPORATION*XX*1417992710~N3*830 W MAIN ST~N4*COLDWATER*OH*458281657~REF*PQ*784683550~REF*TJ*341957399~LX*1~TS3*1558308957*21*20221231*2*287~CLP*5003485170*1*99*67.66*2.82*13*220114E036800000*21*1~NM1*QC*1*SHIVELY*WAYNE*F***MI*MEBD4L4V~NM1*82*2*MEDF PHYSICIANS CORPORATION*****XX*1558308957~REF*G1*3039448~REF*1L*455716-061~REF*CE*STRS PPO PLAN NET 03418~DTM*232*20211228~DTM*233*20211228~DTM*050*20220114~PER*CX**TE*8006240756~AMT*AU*99~SVC*HC>99232*99*67.66**1~DTM*472*20211228~CAS*CO*45*28.52~CAS*PR*2*2.82~REF*6R*MEDF0003334024-1~AMT*B6*70.48~LQ*HE*N59~CLP*5003485180*1*188*128.15*5.34*13*220114E112420000*21*1~NM1*QC*1*SHIVELY*WAYNE*F***MI*MEBD4L4V~NM1*82*2*MEDF PHYSICIANS CORPORATION*****XX*1558308957~REF*G1*3039448~REF*1L*455716-061~REF*CE*STRS PPO PLAN NET 03418~DTM*232*20211227~DTM*233*20211227~DTM*050*20220114~PER*CX**TE*8006240756~AMT*AU*188~SVC*HC>99222*188*128.15**1~DTM*472*20211227~CAS*CO*45*54.51~CAS*PR*2*5.34~REF*6R*MEDF0003334025-1~AMT*B6*133.49~LQ*HE*N59~SE*54*1268~ST*835*1269~BPR*H*0*C*NON************20220117~TRN*1*FC9220190005295*1066033492~REF*EV*XXXXXXXXXXXXXXXXXXXXXXXXXXXXXX~DTM*405*20220119~N1*PR*AETNA~N3*151 FARMINGTON AVENUE~N4*HARTFORD*CT*06156~REF*2U*60054~PER*BL*Provider Service~N1*PE*MEDF PHYSICIANS CORP.*XX*1417992710~N3*830 WEST MAIN STREET~N4*COLDWATER*OH*45828~REF*PQ*784683550~REF*TJ*341957399~LX*1~TS3*1093749913*11*20221231*2*0~CLP*5003456750*22*-234*-163.35**13*220103E221070002~NM1*QC*1*FORWERCK*PAUL*A***MI*MEBVTT7T~NM1*82*2*MEDF PHYSICIANS CORP.*****XX*1093749913~REF*1L*467098-026~REF*CE*VALUE PPO NET 00061~DTM*232*20211228~DTM*233*20211228~DTM*050*20220103~PER*CX**TE*8006240756~SVC*HC>G0438*-234*-163.35**1~DTM*472*20211228~CAS*CO*45*-70.65~LQ*HE*N59~LQ*HE*N694~CLP*5003481870*1*234*163.35**13*220113E137920000*11*7~NM1*QC*1*FORWERCK*PAUL*A***MI*MEBVTT7T~NM1*82*2*MEDF PHYSICIANS CORP.*****XX*1093749913~REF*1L*467098-026~REF*CE*VALUE PPO NET 03418~DTM*232*20211228~DTM*233*20211228~DTM*050*20220113~PER*CX**TE*8006240756~AMT*AU*234~SVC*HC>G0438*234*163.35**1~DTM*472*20211228~CAS*CO*45*70.65~REF*6R*MEDF0003332342-1~AMT*B6*163.35~LQ*HE*N59~SE*48*1269~GE*3*1~IEA*1*100358959~