ISA*00*          *00*          *ZZ*133052274      *ZZ*XXXXXXXXXXXXXXX*220119*0250*^*00501*100358959*0*P*>~
GS*HP*133052274*XX*20220119*0250*1*X*005010X221A1~
ST*835*1502~
BPR*I*64.49*C*ACH*CCP*01*031100209*DA*0038865237*1066033492**01*065000090*DA*5501512056*20220121~
TRN*1*160118220238614*1066033492~
REF*EV*XXXXXXXXXXXXXXXXXXXXXXXXXXXXXX~
DTM*405*20220119~
N1*PR*AETNA~
N3*151 FARMINGTON AVENUE~
N4*HARTFORD*CT*06156~
REF*2U*60054~
PER*BL*Provider Service~
N1*PE*MOREHOUSE GENERAL HOSPITAL*XX*1003898313~
N3*P.O. BOX 293~
N4*BASTROP*LA*71221~
REF*PQ*402183670~
REF*TJ*726011528~
LX*1~
TS3*1003898313*13*20221231*1*315~
CLP*475775301*1*315*64.49*7.17*13*220114E084350000*13*1~
NM1*QC*1*TOWNES*MAXINE*A***MI*MEBNWTRP~
NM1*74*1*TOWNES-BROWN~
NM1*82*2*MOREHOUSE GENERAL HOSPITAL*****XX*1003898313~
REF*1L*441298-138~
REF*CE*MEDICARE (S02) ESA PPO PLAN NET 04300~
DTM*232*20211229~
DTM*233*20211229~
DTM*050*20220114~
PER*CX**TE*8006240756~
AMT*AU*315~
SVC*HC>73030>LT*315*64.49*0320*1~
DTM*472*20211229~
CAS*CO*45*243.34~
CAS*PR*2*7.17~
REF*6R*12XP0001544254-1~
AMT*B6*71.66~
LQ*HE*N59~
SE*36*1502~
ST*835*2032~
BPR*H*0*C*NON************20220118~
TRN*1*FC9220190009248*1066033492~
REF*EV*XXXXXXXXXXXXXXXXXXXXXXXXXXXXXX~
DTM*405*20220119~
N1*PR*AETNA~
N3*151 FARMINGTON AVENUE~
N4*HARTFORD*CT*06156~
REF*2U*60054~
PER*BL*Provider Service~
N1*PE*MOREHOUSE GENERAL HOSPITAL*XX*1003898313~
N3*P.O. BOX 293~
N4*BASTROP*LA*71221~
REF*PQ*402183670~
REF*TJ*726011528~
LX*1~
TS3*1003898313*13*20221231*1*489~
CLP*473987101*1*489*0**13*220115E107470000*13*1~
NM1*QC*1*FENCEROY*EDDIE*L***MI*MEBVCPCY000~
NM1*74*1******C*MEBVCPCY~
NM1*82*2*MOREHOUSE GENERAL HOSPITAL*****XX*1003898313~
REF*1L*466549-069~
REF*CE*FREEDOM PPO NET 04300~
DTM*232*20210715~
DTM*233*20210715~
DTM*050*20220115~
PER*CX**TE*8006240756~
SVC*HC>82248*20*0*0301*0**1~
DTM*472*20210715~
CAS*CO*29*20*1~
REF*6R*12XP0001537744-2~
SVC*HC>80061*67*0*0301*0**1~
DTM*472*20210715~
CAS*CO*96*67*1~
REF*6R*12XP0001537744-3~
LQ*HE*N115~
SVC*HC>84443*94*0*0301*0**1~
DTM*472*20210715~
CAS*CO*96*94*1~
REF*6R*12XP0001537744-4~
LQ*HE*N115~
SVC*HC>80053*151*0*0301*0**1~
DTM*472*20210715~
CAS*CO*29*151*1~
REF*6R*12XP0001537744-5~
SVC*HC>85025*108*0*0305*0**1~
DTM*472*20210715~
CAS*CO*29*108*1~
REF*6R*12XP0001537744-6~
SVC*HC>81001*24*0*0307*0**1~
DTM*472*20210715~
CAS*CO*29*24*1~
REF*6R*12XP0001537744-7~
SVC*HC>36415*25*0*0300*0**1~
DTM*472*20210715~
CAS*CO*29*25*1~
REF*6R*12XP0001537744-1~
SE*58*2032~
GE*2*1~
IEA*1*100358959~
