ISA*00*          *00*          *ZZ*133052274      *ZZ*XXXXXXXXXXXXXXX*220119*0250*^*00501*100358959*0*P*>~
GS*HP*133052274*XX*20220119*0250*1*X*005010X221A1~
ST*835*0341~
BPR*H*0*C*NON************20220119~
TRN*1*922019000265596*1066033492~
REF*EV*XXXXXXXXXXXXXXXXXXXXXXXXXXXXXX~
DTM*405*20220119~
N1*PR*AETNA~
N3*151 FARMINGTON AVENUE~
N4*HARTFORD*CT*06156~
REF*2U*60054~
PER*BL*Provider Service~
N1*PE*NEW MANNA CLG LLC*XX*1841789427~
N3*PO BOX 74769~
N4*CLEVELAND*OH*441940852~
REF*PQ*922799670~
REF*TJ*371848577~
LX*1~
TS3*1841789427*22*20221231*1*3111.57~
CLP*S277834400101*1*3111.57*0**13*E1JMT1XLG0000*13*1~
NM1*QC*1*SALOMON*ELAINE*S***MI*W187833281~
NM1*82*2*LAKE HEALTH BEACHWOOD MEDICAL CENTER*****XX*1841789427~
REF*1L*0475010-010-00206- A~
REF*CE*Aetna Choice  POS II NET 00242~
DTM*232*20211130~
DTM*233*20211130~
DTM*050*20211209~
PER*CX**TE*8886323862~
AMT*AU*3111.57~
SVC*NU>0250*5.9*0**0**1~
DTM*472*20211130~
CAS*CO*55*5.9*1~
REF*6R*1~
AMT*B6*5.9~
LQ*HE*N623~
SVC*NU>0251*4.83*0**0**1~
DTM*472*20211130~
CAS*CO*55*4.83*1~
REF*6R*2~
AMT*B6*4.83~
LQ*HE*N623~
SVC*HC>73560>RT*541*0*0320*0**1~
DTM*472*20211130~
CAS*CO*55*541*1~
REF*6R*3~
AMT*B6*541~
LQ*HE*N623~
SVC*HC>64454>RT*1117*0*0361*0**1~
DTM*472*20211130~
CAS*CO*56*1117*1~
REF*6R*4~
AMT*B6*1117~
LQ*HE*N563~
SVC*NU>0370*231*0**0**1~
DTM*472*20211130~
CAS*CO*55*231*1~
REF*6R*5~
AMT*B6*231~
LQ*HE*N623~
SVC*HC>J2704*1.05*0*0636*0**20~
DTM*472*20211130~
CAS*CO*55*1.05*20~
REF*6R*6~
AMT*B6*1.05~
LQ*HE*N623~
SVC*HC>J3010*1.35*0*0636*0**1~
DTM*472*20211130~
CAS*CO*55*1.35*1~
REF*6R*7~
AMT*B6*1.35~
LQ*HE*N623~
SVC*HC>J3301*43.44*0*0636*0**8~
DTM*472*20211130~
CAS*CO*55*43.44*8~
REF*6R*8~
AMT*B6*43.44~
LQ*HE*N623~
SVC*HC>J7120*6*0*0636*0**1~
DTM*472*20211130~
CAS*CO*55*6*1~
REF*6R*9~
AMT*B6*6~
LQ*HE*N623~
SVC*NU>0710*1160*0**0**2~
DTM*472*20211130~
CAS*CO*55*1160*2~
REF*6R*10~
AMT*B6*1160~
LQ*HE*N623~
SE*88*0341~
GE*1*1~
IEA*1*100358959~
