ISA*00*          *00*          *ZZ*133052274      *ZZ*XXXXXXXXXXXXXXX*220119*0250*^*00501*100358959*0*P*>~
GS*HP*133052274*XX*20220119*0250*1*X*005010X221A1~
ST*835*1386~
BPR*I*169.77*C*ACH*CCP*01*031100209*DA*0038865237*1066033492**01*084201294*DA*8011942549*20220121~
TRN*1*160118220237934*1066033492~
REF*EV*XXXXXXXXXXXXXXXXXXXXXXXXXXXXXX~
DTM*405*20220119~
N1*PR*AETNA~
N3*151 FARMINGTON AVENUE~
N4*HARTFORD*CT*06156~
REF*2U*60054~
PER*BL*Provider Service~
N1*PE*EFFINGHAM COUNTY HOSPITAL*XX*1811962756~
N3*P.O. BOX 386~
N4*SPRINGFIELD*GA*31329~
REF*PQ*756013650~
REF*TJ*474393589~
LX*1~
TS3*1811962756*85*20221231*1*606.33~
CLP*1579320X001RBF*1*606.33*169.77**13*211228E200820000*85*1~
NM1*QC*1*WHITTLE*DIANE*W***MI*MEBVH4NP~
NM1*82*2*EFFINGHAM COUNTY HOSPITAL*****XX*1811962756~
REF*1L*467603-449~
REF*CE*GROUP MEDICARE STANDARD PLAN NET 04236~
DTM*232*20211221~
DTM*233*20211221~
DTM*050*20211228~
PER*CX**TE*8006240756~
AMT*AU*606.32~
SVC*HC>77063>TC*.01*0*0403*0**1~
DTM*472*20211221~
CAS*CO*97*.01*1~
REF*6R*2EXP0001383995-1~
LQ*HE*N130~
SVC*HC>77067>TC*606.32*169.77*0403*1~
DTM*472*20211221~
CAS*CO*45*436.55~
REF*6R*2EXP0001383995-2~
AMT*B6*169.77~
LQ*HE*N59~
SE*39*1386~
ST*835*1387~
BPR*I*127.19*C*ACH*CCP*01*031100209*DA*0038865237*1066033492**01*084201294*DA*8011942549*20220121~
TRN*1*160118220249636*1066033492~
REF*EV*XXXXXXXXXXXXXXXXXXXXXXXXXXXXXX~
DTM*405*20220119~
N1*PR*AETNA~
N3*151 FARMINGTON AVENUE~
N4*HARTFORD*CT*06156~
REF*2U*60054~
PER*BL*Provider Service~
N1*PE*EFFINGHAM COUNTY HOSPITAL*XX*1811962756~
N3*P.O. BOX 818~
N4*SPRINGFIELD*GA*313290818~
REF*PQ*756013650~
REF*TJ*474393589~
LX*1~
TS3*1528379070*11*20221231*1*204~
CLP*358345*1*204*127.19**13*220113E478510000*11*1~
NM1*QC*1*GREENE*CURTIS****MI*MEBTRT0L~
NM1*82*2*EFFINGHAM COUNTY HOSPITAL*****XX*1528379070~
REF*1L*467237-076~
REF*CE*MEDICARE (C04) ESA PPO PLAN NET 04236~
DTM*232*20211207~
DTM*233*20211207~
DTM*050*20220113~
PER*CX**TE*8006240756~
AMT*AU*204~
SVC*HC>99214*204*127.19**1~
DTM*472*20211207~
CAS*CO*45*76.81~
REF*6R*00000000001~
AMT*B6*127.19~
LQ*HE*N59~
SE*34*1387~
ST*835*1966~
BPR*I*8008.37*C*ACH*CCP*01*031100209*DA*0038865237*1066033492**01*084201294*DA*8011942549*20220121~
TRN*1*160118220262998*1066033492~
REF*EV*XXXXXXXXXXXXXXXXXXXXXXXXXXXXXX~
DTM*405*20220119~
N1*PR*AETNA~
N3*151 FARMINGTON AVENUE~
N4*HARTFORD*CT*06156~
REF*2U*60054~
PER*BL*Provider Service~
N1*PE*EFFINGHAM COUNTY HOSPITAL*XX*1811962756~
N3*P.O. BOX 386~
N4*SPRINGFIELD*GA*31329~
REF*PQ*756013650~
REF*TJ*474393589~
LX*1~
TS3*1811962756*85*20221231*1*29313.74~
CLP*1578288X001RBF*1*29313.74*8008.37**13*220117E312670000*85*1~
NM1*QC*1*JUSTICE*SUSAN*F***MI*MEBNSVCD~
NM1*82*2*EFFINGHAM COUNTY HOSPITAL*****XX*1811962756~
REF*G1*2902529~
REF*1L*441297-029~
REF*CE*MEDICARE (S02) PPO PLAN NET 04236~
DTM*232*20211215~
DTM*233*20211215~
DTM*050*20220117~
PER*CX**TE*8006240756~
AMT*AU*28601.34~
SVC*HC>J7050*165.85*0*0258*0**1~
DTM*472*20211215~
CAS*CO*97*165.85*1~
REF*6R*2EXP0001380495-1~
LQ*HE*N19~
SVC*HC>J7050*497.55*0*0258*0**3~
DTM*472*20211215~
CAS*CO*97*497.55*3~
REF*6R*2EXP0001380495-2~
LQ*HE*N19~
SVC*HC>96413*1131.94*316.94*0260*1~
DTM*472*20211215~
CAS*CO*45*815~
REF*6R*2EXP0001380495-3~
AMT*B6*316.94~
LQ*HE*N59~
SVC*HC>96415*765.78*214.42*0260*3~
DTM*472*20211215~
CAS*CO*45*551.36~
REF*6R*2EXP0001380495-4~
AMT*B6*214.42~
LQ*HE*N59~
SVC*HC>96367*252*70.56*0260*2~
DTM*472*20211215~
CAS*CO*45*181.44~
REF*6R*2EXP0001380495-5~
AMT*B6*70.56~
LQ*HE*N59~
SVC*HC>96375*142.58*39.92*0260*1~
DTM*472*20211215~
CAS*CO*45*102.66~
REF*6R*2EXP0001380495-6~
AMT*B6*39.92~
LQ*HE*N59~
SVC*HC>J1100*9.54*2.67*0636*2~
DTM*472*20211215~
CAS*CO*45*6.87~
REF*6R*2EXP0001380495-7~
AMT*B6*2.67~
LQ*HE*N59~
SVC*HC>J1200*76.5*21.42*0636*1~
DTM*472*20211215~
CAS*CO*45*55.08~
REF*6R*2EXP0001380495-8~
AMT*B6*21.42~
LQ*HE*N59~
SVC*HC>J9301*26204*7337.12*0636*1~
DTM*472*20211215~
CAS*CO*45*18866.88~
REF*6R*2EXP0001380495-9~
AMT*B6*7337.12~
LQ*HE*N59~
SVC*HC>J1642*49*0*0636*0**1~
DTM*472*20211215~
CAS*CO*97*49*1~
REF*6R*2EXP0001380495-10~
LQ*HE*N19~
SVC*NU>0637*19*5.32**3~
DTM*472*20211215~
CAS*CO*45*13.68~
REF*6R*2EXP0001380495-11~
AMT*B6*5.32~
LQ*HE*N59~
SE*92*1966~
GE*3*1~
IEA*1*100358959~
