ISA*00*          *00*          *ZZ*133052274      *ZZ*XXXXXXXXXXXXXXX*220119*0250*^*00501*100358959*0*P*>~
GS*HP*133052274*XX*20220119*0250*1*X*005010X221A1~
ST*835*0536~
BPR*I*393.75*C*ACH*CCP*01*031100209*DA*0000009133*1066033492**01*091101455*DA*0289699159*20220124~
TRN*1*822019000295726*1066033492~
REF*EV*XXXXXXXXXXXXXXXXXXXXXXXXXXXXXX~
DTM*405*20220119~
N1*PR*AETNA~
N3*151 FARMINGTON AVENUE~
N4*HARTFORD*CT*06156~
REF*2U*60054~
PER*BL*Provider Service~
N1*PE*ACQUISITION BELL HOSPITAL LLC*XX*1699101345~
N3*901 LAKESHORE DR~
N4*ISHPEMING*MI*498491367~
REF*PQ*745741400~
REF*TJ*800935981~
LX*1~
TS3*1699101345*11*20221231*4*3518.82~
CLP*ACDE2911*1*141.68*0**13*EFY1V7LH60000*85*1~
NM1*QC*1*JARVI*MARIA*E***MI*W239350467~
NM1*82*2*UP HEALTH SYSTEM BELL*****XX*1699101345~
REF*1L*0285631-015-00001-AA~
REF*CE*Aetna HealthFund  Aetna Choice  POS II NET 04636~
DTM*232*20211116~
DTM*233*20211116~
DTM*050*20211130~
PER*CX**TE*8006388432~
AMT*AU*141.68~
SVC*HC>84443*141.68*0*0301*0**1~
DTM*472*20211116~
CAS*CO*227*141.68*1~
REF*6R*8BXP0001465176-1~
AMT*B6*141.68~
LQ*HE*MA04~
LQ*HE*N179~
CLP*ACDE7192*2*3153.59*283.25**13*EJY1WZ9BK0000*13*1~
CAS*OA*23*998.93~
NM1*QC*1*RICE*STEVEN*J~
NM1*IL*1*RICE*STEVEN****MI*W241489522~
NM1*82*2*UP HEALTH SYSTEM BELL*****XX*1699101345~
MOA***MA15~
REF*1L*0285631-014-00001-AB~
REF*CE*Aetna HealthFund  Aetna Choice  POS II NET 04636~
DTM*232*20211210~
DTM*233*20211210~
DTM*050*20220111~
PER*CX**TE*8006388432~
AMT*AU*750.56~
SVC*HC>99285>25*750.56*1282.18*0450*1~
DTM*472*20211210~
CAS*OA*23*1871.41**94*-2403.03~
REF*6R*00000000017~
AMT*B6*1282.18~
SVC*NU>0258*20*0**1~
DTM*472*20211210~
CAS*CO*97*20~
REF*6R*00000000001~
LQ*HE*N20~
SVC*HC>99284*310.07*0*0981*1~
DTM*472*20211210~
CAS*CO*97*310.07~
REF*6R*00000000019~
LQ*HE*N20~
SVC*NU>0270*65.97*0**1~
DTM*472*20211210~
CAS*CO*97*65.97~
REF*6R*00000000003~
LQ*HE*N20~
SVC*HC>96360*191.43*0*0260*1~
DTM*472*20211210~
CAS*CO*97*191.43~
REF*6R*00000000002~
LQ*HE*N20~
SVC*HC>36415*14.61*0*0300*1~
DTM*472*20211210~
CAS*CO*97*14.61~
REF*6R*00000000004~
LQ*HE*N20~
SVC*HC>93005*101.34*0*0730*1~
DTM*472*20211210~
CAS*CO*97*101.34~
REF*6R*00000000018~
LQ*HE*N20~
SVC*HC>71046*164.93*0*0320*1~
DTM*472*20211210~
CAS*CO*97*164.93~
REF*6R*00000000016~
LQ*HE*N20~
SVC*HC>80053*121.4*0*0301*1~
DTM*472*20211210~
CAS*CO*97*121.4~
REF*6R*00000000005~
LQ*HE*N20~
SVC*HC>82550*61.65*0*0301*1~
DTM*472*20211210~
CAS*CO*97*61.65~
REF*6R*00000000006~
LQ*HE*N20~
SVC*HC>82553*109.5*0*0301*1~
DTM*472*20211210~
CAS*CO*97*109.5~
REF*6R*00000000007~
LQ*HE*N20~
SVC*HC>83615*54.62*0*0301*1~
DTM*472*20211210~
CAS*CO*97*54.62~
REF*6R*00000000008~
LQ*HE*N20~
SVC*HC>83735*44.89*0*0301*1~
DTM*472*20211210~
CAS*CO*97*44.89~
REF*6R*00000000009~
LQ*HE*N20~
SVC*HC>83880*237.39*0*0301*1~
DTM*472*20211210~
CAS*CO*97*237.39~
REF*6R*00000000010~
LQ*HE*N20~
SVC*HC>83883*591.05*0*0301*1~
DTM*472*20211210~
CAS*CO*97*591.05~
REF*6R*00000000011~
LQ*HE*N20~
SVC*HC>84484*114.91*0*0301*1~
DTM*472*20211210~
CAS*CO*97*114.91~
REF*6R*00000000012~
LQ*HE*N20~
SVC*HC>86334*127.34*0*0302*1~
DTM*472*20211210~
CAS*CO*97*127.34~
REF*6R*00000000013~
LQ*HE*N20~
SVC*HC>85025*71.93*0*0305*1~
DTM*472*20211210~
CAS*CO*97*71.93~
REF*6R*00000000014~
LQ*HE*N20~
CLP*ACDE7192*1*93.77*0**13*EJY1WZ9BK0001*13*1~
NM1*QC*1*RICE*STEVEN*J~
NM1*IL*1*RICE*STEVEN****MI*W241489522~
NM1*82*2*UP HEALTH SYSTEM BELL*****XX*1699101345~
MOA***MA15~
REF*1L*0285631-014-00001-AB~
REF*CE*Aetna HealthFund  Aetna Choice  POS II NET 04636~
DTM*232*20211210~
DTM*233*20211210~
DTM*050*20220111~
PER*CX**TE*8006388432~
AMT*AU*93.77~
SVC*HC>85379*93.77*0*0305*0**1~
DTM*472*20211210~
CAS*OA*23*93.77*1~
REF*6R*00000000015~
AMT*B6*93.77~
CLP*ACDE2886*2*129.78*110.5**13*ETACVPG1G0000*13*1~
NM1*QC*1*JOHNSON*DEBBIE*R~
NM1*IL*1*JOHNSON*DEBBIE****MI*W239350592~
NM1*82*2*UP HEALTH SYSTEM BELL*****XX*1699101345~
REF*1L*0285631-014-00003-AI~
REF*CE*Aetna HealthFund  Aetna Choice  POS II NET 04636~
DTM*232*20211115~
DTM*233*20211115~
DTM*050*20220111~
PER*CX**TE*8006388432~
AMT*AU*129.78~
SVC*HC>73562>RT*129.78*110.5*0320*1~
DTM*472*20211115~
CAS*OA*23*19.28~
REF*6R*00000000001~
AMT*B6*110.5~
SE*171*0536~
GE*1*1~
IEA*1*100358959~
