ISA*00*          *00*          *ZZ*133052274      *ZZ*XXXXXXXXXXXXXXX*220119*0250*^*00501*100358959*0*P*>~
GS*HP*133052274*XX*20220119*0250*1*X*005010X221A1~
ST*835*1998~
BPR*I*1367.28*C*ACH*CCP*01*031100209*DA*0038865237*1066033492**01*053902197*DA*4262084307*20220121~
TRN*1*160118220271453*1066033492~
REF*EV*XXXXXXXXXXXXXXXXXXXXXXXXXXXXXX~
DTM*405*20220119~
N1*PR*AETNA~
N3*151 FARMINGTON AVENUE~
N4*HARTFORD*CT*06156~
REF*2U*60054~
PER*BL*Provider Service~
N1*PE*TIDELANDS HEALTH GEORGETOWN MEM*XX*1982604021~
N3*PO BOX 421718~
N4*GEORGETOWN*SC*294424203~
REF*PQ*440353660~
REF*TJ*570341194~
LX*1~
TS3*1376856039*21*20221231*1*3498~
CLP*GKC4542445*1*3498*1367.28**13*220117E143970000*21*1~
NM1*QC*1*STEGALL*EARL*C***MI*MEBT6YZZ~
NM1*82*2*TIDELANDS HEALTH GEORGETOWN MEM*****XX*1376856039~
REF*G1*2720325~
REF*1L*466870-053~
REF*CE*VALUE PPO NET 04267~
DTM*232*20211125~
DTM*233*20211222~
DTM*050*20220117~
PER*CX**TE*8006240756~
AMT*AU*3498~
SVC*HC>99232*176*68.89**1~
DTM*472*20211125~
CAS*CO*45*107.11~
REF*6R*TIDE0008742466-1~
AMT*B6*68.89~
SVC*HC>99233*254*99.02**1~
DTM*472*20211126~
CAS*CO*45*154.98~
REF*6R*TIDE0008742466-2~
AMT*B6*99.02~
SVC*HC>99232*176*68.89**1~
DTM*472*20211127~
CAS*CO*45*107.11~
REF*6R*TIDE0008742466-3~
AMT*B6*68.89~
SVC*HC>99233*254*99.02**1~
DTM*472*20211128~
CAS*CO*45*154.98~
REF*6R*TIDE0008742466-4~
AMT*B6*99.02~
SVC*HC>99232*176*68.89**1~
DTM*472*20211129~
CAS*CO*45*107.11~
REF*6R*TIDE0008742466-5~
AMT*B6*68.89~
SVC*HC>99232*176*68.89**1~
DTM*472*20211130~
CAS*CO*45*107.11~
REF*6R*TIDE0008742466-6~
AMT*B6*68.89~
SVC*HC>99232*176*68.89**1~
DTM*472*20211201~
CAS*CO*45*107.11~
REF*6R*TIDE0008742466-7~
AMT*B6*68.89~
SVC*HC>99233*254*99.02**1~
DTM*472*20211202~
CAS*CO*45*154.98~
REF*6R*TIDE0008742466-8~
AMT*B6*99.02~
SVC*HC>99232*176*68.89**1~
DTM*472*20211203~
CAS*CO*45*107.11~
REF*6R*TIDE0008742466-9~
AMT*B6*68.89~
SVC*HC>99232*176*68.89**1~
DTM*472*20211213~
CAS*CO*45*107.11~
REF*6R*TIDE0008742466-10~
AMT*B6*68.89~
SVC*HC>99232*176*68.89**1~
DTM*472*20211214~
CAS*CO*45*107.11~
REF*6R*TIDE0008742466-11~
AMT*B6*68.89~
SVC*HC>99232*176*68.89**1~
DTM*472*20211215~
CAS*CO*45*107.11~
REF*6R*TIDE0008742466-12~
AMT*B6*68.89~
SVC*HC>99232*176*68.89**1~
DTM*472*20211216~
CAS*CO*45*107.11~
REF*6R*TIDE0008742466-13~
AMT*B6*68.89~
SVC*HC>99232*176*68.89**1~
DTM*472*20211217~
CAS*CO*45*107.11~
REF*6R*TIDE0008742466-14~
AMT*B6*68.89~
SVC*HC>99232*176*68.89**1~
DTM*472*20211218~
CAS*CO*45*107.11~
REF*6R*TIDE0008742466-15~
AMT*B6*68.89~
SVC*HC>99232*176*68.89**1~
DTM*472*20211219~
CAS*CO*45*107.11~
REF*6R*TIDE0008742466-16~
AMT*B6*68.89~
SVC*HC>99232*176*68.89**1~
DTM*472*20211220~
CAS*CO*45*107.11~
REF*6R*TIDE0008742466-17~
AMT*B6*68.89~
SVC*HC>99232*176*68.89**1~
DTM*472*20211221~
CAS*CO*45*107.11~
REF*6R*TIDE0008742466-18~
AMT*B6*68.89~
SVC*HC>99231*96*36.87**1~
DTM*472*20211222~
CAS*CO*45*59.13~
REF*6R*TIDE0008742466-19~
AMT*B6*36.87~
SE*124*1998~
GE*1*1~
IEA*1*100358959~
