ISA*00*          *00*          *ZZ*133052274      *ZZ*XXXXXXXXXXXXXXX*220119*0250*^*00501*100358959*0*P*>~
GS*HP*133052274*XX*20220119*0250*1*X*005010X221A1~
ST*835*1303~
BPR*H*0*C*NON************20220117~
TRN*1*FC9220190004997*1066033492~
REF*EV*XXXXXXXXXXXXXXXXXXXXXXXXXXXXXX~
DTM*405*20220119~
N1*PR*AETNA~
N3*151 FARMINGTON AVENUE~
N4*HARTFORD*CT*06156~
REF*2U*60054~
PER*BL*Provider Service~
N1*PE*METHODIST HOSPITAL INC*XX*1467504555~
N3*27383 NETWORK PLACE~
N4*CHICAGO*IL*60673~
REF*PQ*476140900~
REF*TJ*350868133~
LX*1~
TS3*1467504555*11*20221231*1*650025.27~
CLP*120396611500*1*650025.27*0**13*2201110978580000*11*1**003*19.1055~
NM1*QC*1*AGUILAR*FRANCISCO~
NM1*82*2*METHODIST HOSPITAL INC*****XX*1467504555~
REF*G1*2334124~
REF*1L*467112-111~
REF*CE*MEDICARE (C02) ESA PPO PLAN NET 04149~
DTM*232*20211001~
DTM*233*20211130~
DTM*050*20220111~
PER*CX**TE*8006240756~
SVC*NU>0200*120085*0**0**47~
DTM*150*20211001~
DTM*151*20211117~
CAS*OA*18*120085*47~
REF*6R*00000000001~
LQ*HE*N522~
SVC*NU>0206*16289*0**0**13~
DTM*150*20211117~
DTM*151*20211130~
CAS*OA*18*16289*13~
REF*6R*00000000002~
LQ*HE*N522~
SVC*HC>31600*32233*0*0360*0**1~
DTM*150*20211001~
DTM*151*20211130~
CAS*OA*18*32233*1~
REF*6R*00000000023~
LQ*HE*N522~
SVC*HC>31600*662*0*0480*0**1~
DTM*150*20211001~
DTM*151*20211130~
CAS*OA*18*662*1~
REF*6R*00000000032~
LQ*HE*N522~
SVC*NU>0270*94*0**0**2~
DTM*150*20211001~
DTM*151*20211130~
CAS*OA*18*94*2~
REF*6R*00000000007~
LQ*HE*N522~
SVC*NU>0271*473*0**0**1~
DTM*150*20211001~
DTM*151*20211130~
CAS*OA*18*473*1~
REF*6R*00000000008~
LQ*HE*N522~
SVC*NU>0272*3308*0**0**16~
DTM*150*20211001~
DTM*151*20211130~
CAS*OA*18*3308*16~
REF*6R*00000000009~
LQ*HE*N522~
SVC*NU>0390*5454*0**0**6~
DTM*150*20211001~
DTM*151*20211130~
CAS*OA*18*5454*6~
REF*6R*00000000025~
LQ*HE*N522~
SVC*NU>0410*141448*0**0**264~
DTM*150*20211001~
DTM*151*20211130~
CAS*OA*18*141448*264~
REF*6R*00000000027~
LQ*HE*N522~
SVC*NU>0450*1043*0**0**1~
DTM*150*20211001~
DTM*151*20211130~
CAS*OA*18*1043*1~
REF*6R*00000000030~
LQ*HE*N522~
SVC*NU>0710*2233*0**0**1~
DTM*150*20211001~
DTM*151*20211130~
CAS*OA*18*2233*1~
REF*6R*00000000036~
LQ*HE*N522~
SVC*NU>0761*11096*0**0**4~
DTM*150*20211001~
DTM*151*20211130~
CAS*OA*18*11096*4~
REF*6R*00000000039~
LQ*HE*N522~
SVC*NU>0801*4256*0**0**2~
DTM*150*20211001~
DTM*151*20211130~
CAS*OA*18*4256*2~
REF*6R*00000000040~
LQ*HE*N522~
SVC*NU>0278*1151*0**0**1~
DTM*150*20211001~
DTM*151*20211130~
CAS*OA*18*1151*1~
REF*6R*00000000010~
LQ*HE*N522~
SVC*NU>0250*141550.25*0**0**8159~
DTM*150*20211001~
DTM*151*20211130~
CAS*OA*18*141550.25*999~
REF*6R*00000000003~
LQ*HE*N522~
SVC*NU>0255*23.25*0**0**6~
DTM*150*20211001~
DTM*151*20211130~
CAS*OA*18*23.25*6~
REF*6R*00000000004~
LQ*HE*N522~
SVC*NU>0255*582.75*0**0**100~
DTM*150*20211001~
DTM*151*20211130~
CAS*OA*18*582.75*100~
REF*6R*00000000005~
LQ*HE*N522~
SVC*NU>0255*799*0**0**20~
DTM*150*20211001~
DTM*151*20211130~
CAS*OA*18*799*20~
REF*6R*00000000006~
LQ*HE*N522~
SVC*NU>0300*17619*0**0**131~
DTM*150*20211001~
DTM*151*20211130~
CAS*OA*18*17619*131~
REF*6R*00000000011~
LQ*HE*N522~
SVC*NU>0301*47910*0**0**178~
DTM*150*20211001~
DTM*151*20211130~
CAS*OA*18*47910*178~
REF*6R*00000000012~
LQ*HE*N522~
SVC*NU>0302*2376*0**0**9~
DTM*150*20211001~
DTM*151*20211130~
CAS*OA*18*2376*9~
REF*6R*00000000013~
LQ*HE*N522~
SVC*NU>0305*17661*0**0**110~
DTM*150*20211001~
DTM*151*20211130~
CAS*OA*18*17661*110~
REF*6R*00000000014~
LQ*HE*N522~
SVC*NU>0306*7446*0**0**48~
DTM*150*20211001~
DTM*151*20211130~
CAS*OA*18*7446*48~
REF*6R*00000000015~
LQ*HE*N522~
SVC*NU>0307*270*0**0**2~
DTM*150*20211001~
DTM*151*20211130~
CAS*OA*18*270*2~
REF*6R*00000000016~
LQ*HE*N522~
SVC*NU>0311*664*0**0**2~
DTM*150*20211001~
DTM*151*20211130~
CAS*OA*18*664*2~
REF*6R*00000000017~
LQ*HE*N522~
SVC*NU>0312*3174*0**0**10~
DTM*150*20211001~
DTM*151*20211130~
CAS*OA*18*3174*10~
REF*6R*00000000018~
LQ*HE*N522~
SVC*NU>0320*1157*0**0**2~
DTM*150*20211001~
DTM*151*20211130~
CAS*OA*18*1157*2~
REF*6R*00000000019~
LQ*HE*N522~
SVC*NU>0324*8640*0**0**24~
DTM*150*20211001~
DTM*151*20211130~
CAS*OA*18*8640*24~
REF*6R*00000000020~
LQ*HE*N522~
SVC*NU>0350*9333*0**0**1~
DTM*150*20211001~
DTM*151*20211130~
CAS*OA*18*9333*1~
REF*6R*00000000021~
LQ*HE*N522~
SVC*NU>0352*2679.01*0**0**2~
DTM*150*20211001~
DTM*151*20211130~
CAS*OA*18*2679.01*2~
REF*6R*00000000022~
LQ*HE*N522~
SVC*NU>0370*18078*0**0**1~
DTM*150*20211001~
DTM*151*20211130~
CAS*OA*18*18078*1~
REF*6R*00000000024~
LQ*HE*N522~
SVC*NU>0402*1801*0**0**2~
DTM*150*20211001~
DTM*151*20211130~
CAS*OA*18*1801*2~
REF*6R*00000000026~
LQ*HE*N522~
SVC*NU>0430*307*0**0**3~
DTM*150*20211001~
DTM*151*20211130~
CAS*OA*18*307*3~
REF*6R*00000000028~
LQ*HE*N522~
SVC*NU>0434*235*0**0**1~
DTM*150*20211001~
DTM*151*20211130~
CAS*OA*18*235*1~
REF*6R*00000000029~
LQ*HE*N522~
SVC*NU>0460*4851*0**0**11~
DTM*150*20211001~
DTM*151*20211130~
CAS*OA*18*4851*11~
REF*6R*00000000031~
LQ*HE*N522~
SVC*NU>0483*2776*0**0**2~
DTM*150*20211001~
DTM*151*20211130~
CAS*OA*18*2776*2~
REF*6R*00000000033~
LQ*HE*N522~
SVC*NU>0611*6737.01*0**0**2~
DTM*150*20211001~
DTM*151*20211130~
CAS*OA*18*6737.01*2~
REF*6R*00000000034~
LQ*HE*N522~
SVC*NU>0612*7365*0**0**1~
DTM*150*20211001~
DTM*151*20211130~
CAS*OA*18*7365*1~
REF*6R*00000000035~
LQ*HE*N522~
SVC*NU>0730*855*0**0**3~
DTM*150*20211001~
DTM*151*20211130~
CAS*OA*18*855*3~
REF*6R*00000000037~
LQ*HE*N522~
SVC*NU>0750*3097*0**0**1~
DTM*150*20211001~
DTM*151*20211130~
CAS*OA*18*3097*1~
REF*6R*00000000038~
LQ*HE*N522~
SVC*NU>0921*2214*0**0**3~
DTM*150*20211001~
DTM*151*20211130~
CAS*OA*18*2214*3~
REF*6R*00000000041~
LQ*HE*N522~
SE*274*1303~
GE*1*1~
IEA*1*100358959~
