ISA*00*          *00*          *ZZ*133052274      *ZZ*XXXXXXXXXXXXXXX*220119*0250*^*00501*100358959*0*P*>~
GS*HP*133052274*XX*20220119*0250*1*X*005010X221A1~
ST*835*1166~
BPR*I*5282.87*C*ACH*CCP*01*031100209*DA*0038865237*1066033492**01*042200910*DA*0860190752*20220121~
TRN*1*160118220238115*1066033492~
REF*EV*XXXXXXXXXXXXXXXXXXXXXXXXXXXXXX~
DTM*405*20220119~
N1*PR*AETNA~
N3*151 FARMINGTON AVENUE~
N4*HARTFORD*CT*06156~
REF*2U*60054~
PER*BL*Provider Service~
N1*PE*JOINT TWP DIST MEMORIAL*XX*1639133002~
N3*P.O. BOX 490~
N4*MIDDLETOWN*OH*45885~
REF*PQ*955381480~
REF*TJ*341623770~
LX*1~
TS3*1639133002*11*20221231*16*31497.82~
CLP*4458209-004*22*-21228.43*-8208.68**13*211018E289490000*11*1**683*.8793~
NM1*QC*1*GRIMES*ROBERT*W***MI*MEBFS4PK~
NM1*82*2*JOINT TWP DIST MEMORIAL*****XX*1639133002~
REF*G1*2375557~
REF*1L*466235-001~
REF*CE*SERS PPO PLAN NET 03418~
DTM*232*20211005~
DTM*233*20211010~
DTM*050*20211018~
PER*CX**TE*8006240756~
SVC*NU>0120*-3665*-8208.68**5~
DTM*150*20211005~
DTM*151*20211010~
CAS*CO*45*5293.68~
CAS*PR*3*-750~
REF*6R*JEXP0004335749-1~
LQ*HE*N59~
SVC*NU>0230*-3566*0**0**6~
DTM*150*20211005~
DTM*151*20211010~
CAS*CO*97*-3566*6~
REF*6R*JEXP0004335749-2~
LQ*HE*M2~
SVC*NU>0270*-600*0**0**6~
DTM*150*20211005~
DTM*151*20211010~
CAS*CO*97*-600*6~
REF*6R*JEXP0004335749-5~
LQ*HE*M2~
SVC*NU>0450*-2913*0**0**2~
DTM*150*20211005~
DTM*151*20211010~
CAS*CO*97*-2913*2~
REF*6R*JEXP0004335749-12~
LQ*HE*M2~
SVC*NU>0250*-781.83*0**0**264~
DTM*150*20211005~
DTM*151*20211010~
CAS*CO*97*-781.83*264~
REF*6R*JEXP0004335749-3~
LQ*HE*M2~
SVC*NU>0258*-629.6*0**0**10~
DTM*150*20211005~
DTM*151*20211010~
CAS*CO*97*-629.6*10~
REF*6R*JEXP0004335749-4~
LQ*HE*M2~
SVC*NU>0300*-240*0**0**10~
DTM*150*20211005~
DTM*151*20211010~
CAS*CO*97*-240*10~
REF*6R*JEXP0004335749-6~
LQ*HE*M2~
SVC*NU>0301*-2875*0**0**37~
DTM*150*20211005~
DTM*151*20211010~
CAS*CO*97*-2875*37~
REF*6R*JEXP0004335749-7~
LQ*HE*M2~
SVC*NU>0302*-131*0**0**1~
DTM*150*20211005~
DTM*151*20211010~
CAS*CO*97*-131*1~
REF*6R*JEXP0004335749-8~
LQ*HE*M2~
SVC*NU>0305*-321*0**0**4~
DTM*150*20211005~
DTM*151*20211010~
CAS*CO*97*-321*4~
REF*6R*JEXP0004335749-9~
LQ*HE*M2~
SVC*NU>0307*-110*0**0**3~
DTM*150*20211005~
DTM*151*20211010~
CAS*CO*97*-110*3~
REF*6R*JEXP0004335749-10~
LQ*HE*M2~
SVC*NU>0402*-1686*0**0**2~
DTM*150*20211005~
DTM*151*20211010~
CAS*CO*97*-1686*2~
REF*6R*JEXP0004335749-11~
LQ*HE*M2~
SVC*NU>0460*-1496*0**0**6~
DTM*150*20211005~
DTM*151*20211010~
CAS*CO*97*-1496*6~
REF*6R*JEXP0004335749-13~
LQ*HE*M2~
SVC*NU>0483*-2009*0**0**1~
DTM*150*20211005~
DTM*151*20211010~
CAS*CO*97*-2009*1~
REF*6R*JEXP0004335749-14~
LQ*HE*M2~
SVC*NU>0730*-205*0**0**1~
DTM*150*20211005~
DTM*151*20211010~
CAS*CO*97*-205*1~
REF*6R*JEXP0004335749-15~
LQ*HE*M2~
CLP*4458209-004*1*21228.43*6898.44*750*13*211018E289490001*11*1**683*.8793~
NM1*QC*1*GRIMES*ROBERT*W***MI*MEBFS4PK~
NM1*82*2*JOINT TWP DIST MEMORIAL*****XX*1639133002~
REF*G1*2375557~
REF*1L*466235-001~
REF*CE*SERS PPO PLAN NET 03418~
REF*F8*211018E289490000~
DTM*232*20211005~
DTM*233*20211010~
DTM*050*20211018~
PER*CX**TE*8006240756~
AMT*AU*3665~
SVC*NU>0120*3665*6898.44**5~
DTM*150*20211005~
DTM*151*20211010~
CAS*CO*45*-3983.44~
CAS*PR*3*750~
REF*6R*JEXP0004335749-1~
AMT*B6*7648.44~
LQ*HE*N59~
LQ*HE*N6~
SVC*NU>0230*3566*0**0**6~
DTM*150*20211005~
DTM*151*20211010~
CAS*CO*97*3566*6~
REF*6R*JEXP0004335749-2~
LQ*HE*M2~
SVC*NU>0270*600*0**0**6~
DTM*150*20211005~
DTM*151*20211010~
CAS*CO*97*600*6~
REF*6R*JEXP0004335749-5~
LQ*HE*M2~
SVC*NU>0450*2913*0**0**2~
DTM*150*20211005~
DTM*151*20211010~
CAS*CO*97*2913*2~
REF*6R*JEXP0004335749-12~
LQ*HE*M2~
SVC*NU>0250*781.83*0**0**264~
DTM*150*20211005~
DTM*151*20211010~
CAS*CO*97*781.83*264~
REF*6R*JEXP0004335749-3~
LQ*HE*M2~
SVC*NU>0258*629.6*0**0**10~
DTM*150*20211005~
DTM*151*20211010~
CAS*CO*97*629.6*10~
REF*6R*JEXP0004335749-4~
LQ*HE*M2~
SVC*NU>0300*240*0**0**10~
DTM*150*20211005~
DTM*151*20211010~
CAS*CO*97*240*10~
REF*6R*JEXP0004335749-6~
LQ*HE*M2~
SVC*NU>0301*2875*0**0**37~
DTM*150*20211005~
DTM*151*20211010~
CAS*CO*97*2875*37~
REF*6R*JEXP0004335749-7~
LQ*HE*M2~
SVC*NU>0302*131*0**0**1~
DTM*150*20211005~
DTM*151*20211010~
CAS*CO*97*131*1~
REF*6R*JEXP0004335749-8~
LQ*HE*M2~
SVC*NU>0305*321*0**0**4~
DTM*150*20211005~
DTM*151*20211010~
CAS*CO*97*321*4~
REF*6R*JEXP0004335749-9~
LQ*HE*M2~
SVC*NU>0307*110*0**0**3~
DTM*150*20211005~
DTM*151*20211010~
CAS*CO*97*110*3~
REF*6R*JEXP0004335749-10~
LQ*HE*M2~
SVC*NU>0402*1686*0**0**2~
DTM*150*20211005~
DTM*151*20211010~
CAS*CO*97*1686*2~
REF*6R*JEXP0004335749-11~
LQ*HE*M2~
SVC*NU>0460*1496*0**0**6~
DTM*150*20211005~
DTM*151*20211010~
CAS*CO*97*1496*6~
REF*6R*JEXP0004335749-13~
LQ*HE*M2~
SVC*NU>0483*2009*0**0**1~
DTM*150*20211005~
DTM*151*20211010~
CAS*CO*97*2009*1~
REF*6R*JEXP0004335749-14~
LQ*HE*M2~
SVC*NU>0730*205*0**0**1~
DTM*150*20211005~
DTM*151*20211010~
CAS*CO*97*205*1~
REF*6R*JEXP0004335749-15~
LQ*HE*M2~
CLP*4604830-002*22*-33499.74*-11922.23**13*211213E627410004~
NM1*QC*1*LAUER*THOMAS*H***MI*MEBPYVCX~
NM1*82*2*JOINT TWP DIST MEMORIAL*****XX*1639133002~
REF*1L*455716-056~
REF*CE*STRS PPO PLAN NET 02101~
DTM*232*20211201~
DTM*233*20211202~
DTM*050*20211213~
PER*CX**TE*8006240756~
SVC*NU>0250*-959.66*0**0**1~
DTM*472*20211201~
CAS*CO*97*-959.66*496~
LQ*HE*N130~
LQ*HE*N694~
SVC*NU>0250*-91.5*0**0**1~
DTM*472*20211202~
CAS*CO*97*-91.5*5~
LQ*HE*N130~
LQ*HE*N694~
SVC*NU>0258*-157.3*0**0**1~
DTM*472*20211201~
CAS*CO*97*-157.3*2~
LQ*HE*N130~
LQ*HE*N694~
SVC*HC>96361>XE*-236*0*0260*0**1~
DTM*472*20211201~
CAS*CO*97*-236*2~
LQ*HE*N130~
LQ*HE*N694~
SVC*HC>96361>XE*-236*0*0260*0**1~
DTM*472*20211202~
CAS*CO*97*-236*2~
LQ*HE*N130~
LQ*HE*N694~
SVC*HC>96365>XE*-335*0*0260*0**1~
DTM*472*20211201~
CAS*CO*97*-335*1~
LQ*HE*N130~
LQ*HE*N694~
SVC*HC>96366>XE*-118*0*0260*0**1~
DTM*472*20211201~
CAS*CO*97*-118*1~
LQ*HE*N130~
LQ*HE*N694~
SVC*HC>96366>XE*-118*0*0260*0**1~
DTM*472*20211202~
CAS*CO*97*-118*1~
LQ*HE*N130~
LQ*HE*N694~
SVC*NU>0270*-926*0**0**1~
DTM*472*20211201~
CAS*CO*97*-926*8~
LQ*HE*N130~
LQ*HE*N694~
SVC*HC>C1713*-469*0*0278*0**1~
DTM*472*20211201~
CAS*CO*97*-469*1~
LQ*HE*N130~
LQ*HE*N694~
SVC*HC>C1776*-12950*0*0278*0**1~
DTM*472*20211201~
CAS*CO*97*-12950*1~
LQ*HE*N130~
LQ*HE*N694~
SVC*HC>36415*-24*0*0300*0**1~
DTM*472*20211202~
CAS*CO*97*-24*1~
LQ*HE*N19~
LQ*HE*N694~
SVC*HC>80048*-171*0*0301*0**1~
DTM*472*20211202~
CAS*CO*97*-171*1~
LQ*HE*N130~
LQ*HE*N694~
SVC*HC>82948*-38*0*0301*0**1~
DTM*472*20211201~
CAS*CO*97*-38*1~
LQ*HE*N130~
LQ*HE*N694~
SVC*HC>85014*-30*0*0305*0**1~
DTM*472*20211202~
CAS*CO*97*-30*1~
LQ*HE*N130~
LQ*HE*N694~
SVC*HC>85018*-30*0*0305*0**1~
DTM*472*20211202~
CAS*CO*97*-30*1~
LQ*HE*N130~
LQ*HE*N694~
SVC*HC>81001*-70*0*0307*0**1~
DTM*472*20211202~
CAS*CO*97*-70*1~
LQ*HE*N130~
LQ*HE*N694~
SVC*HC>73502*-678*0*0320*0**1~
DTM*472*20211201~
CAS*CO*97*-678*2~
LQ*HE*N130~
LQ*HE*N694~
SVC*HC>27130>RT*-4891.5*-11747.43*0360*1~
DTM*472*20211201~
CAS*CO*45*7345.41~
CAS*PR*3*-489.48~
LQ*HE*N59~
LQ*HE*N694~
SVC*HC>64450>RT>XP*-4891.5*0*0360*0**1~
DTM*472*20211201~
CAS*CO*97*-4891.5*1~
LQ*HE*N130~
LQ*HE*N694~
SVC*HC>01214>XE*-1281*0*0370*0**1~
DTM*472*20211201~
CAS*CO*97*-1281*1~
LQ*HE*N130~
LQ*HE*N694~
SVC*HC>97110>GP*-82*0*0420*0**1~
DTM*472*20211202~
CAS*CO*97*-82*1~
LQ*HE*N130~
LQ*HE*N694~
SVC*HC>97116>GP*-61*0*0420*0**1~
DTM*472*20211202~
CAS*CO*97*-61*1~
LQ*HE*N130~
LQ*HE*N694~
SVC*HC>97161>GP*-162*-98.8*0424*1~
DTM*472*20211202~
CAS*CO*45*-59.08~
CAS*PR*3*-4.12~
LQ*HE*N59~
LQ*HE*N694~
SVC*HC>97535>GO*-72*0*0430*0**1~
DTM*472*20211202~
CAS*CO*97*-72*1~
LQ*HE*N130~
LQ*HE*N694~
SVC*HC>97166>GO*-162*-76*0434*1~
DTM*472*20211202~
CAS*CO*45*-82.83~
CAS*PR*3*-3.17~
LQ*HE*N59~
LQ*HE*N694~
SVC*HC>94762*-270*0*0460*0**1~
DTM*472*20211201~
CAS*CO*97*-270*1~
LQ*HE*N130~
LQ*HE*N694~
SVC*HC>94762*-270*0*0460*0**1~
DTM*472*20211202~
CAS*CO*97*-270*1~
LQ*HE*N130~
LQ*HE*N694~
SVC*HC>A6251*-36*0*0623*0**1~
DTM*472*20211201~
CAS*CO*97*-36*1~
LQ*HE*N19~
LQ*HE*N694~
SVC*HC>J0690*-68.98*0*0636*0**1~
DTM*472*20211201~
CAS*CO*97*-68.98*2~
LQ*HE*N130~
LQ*HE*N694~
SVC*HC>J2405*-56.3*0*0636*0**1~
DTM*472*20211201~
CAS*CO*97*-56.3*4~
LQ*HE*N130~
LQ*HE*N694~
SVC*NU>0710*-1571*0**0**1~
DTM*472*20211201~
CAS*CO*97*-1571*2~
LQ*HE*N130~
LQ*HE*N694~
SVC*HC>G0378*-1869*0*0762*0**1~
DTM*472*20211201~
CAS*CO*97*-1869*27~
LQ*HE*N130~
LQ*HE*N694~
SVC*HC>96375>XE*-118*0*0940*0**1~
DTM*472*20211201~
CAS*CO*97*-118*1~
LQ*HE*N130~
LQ*HE*N694~
CLP*4604830-005*1*34644.74*11929.52*489.48*13*220106E040340000*13*7~
NM1*QC*1*LAUER*THOMAS*H***MI*MEBPYVCX~
NM1*82*2*JOINT TWP DIST MEMORIAL*****XX*1639133002~
REF*1L*455716-056~
REF*CE*STRS PPO PLAN NET 03418~
DTM*232*20211201~
DTM*233*20211202~
DTM*050*20220106~
PER*CX**TE*8006240756~
AMT*AU*5215.5~
SVC*NU>0250*959.66*0**0**496~
DTM*472*20211201~
CAS*CO*97*959.66*496~
REF*6R*JEXP0004487150-1~
LQ*HE*MA67~
LQ*HE*N130~
SVC*NU>0250*91.5*0**0**5~
DTM*472*20211202~
CAS*CO*97*91.5*5~
REF*6R*JEXP0004487150-2~
LQ*HE*MA67~
LQ*HE*N130~
SVC*NU>0258*157.3*0**0**2~
DTM*472*20211201~
CAS*CO*97*157.3*2~
REF*6R*JEXP0004487150-3~
LQ*HE*MA67~
LQ*HE*N130~
SVC*HC>96361>XE*236*0*0260*0**2~
DTM*472*20211201~
CAS*CO*97*236*2~
REF*6R*JEXP0004487150-4~
LQ*HE*MA67~
LQ*HE*N130~
SVC*HC>96361>XE*236*0*0260*0**2~
DTM*472*20211202~
CAS*CO*97*236*2~
REF*6R*JEXP0004487150-5~
LQ*HE*MA67~
LQ*HE*N130~
SVC*HC>96365>XE*335*0*0260*0**1~
DTM*472*20211201~
CAS*CO*97*335*1~
REF*6R*JEXP0004487150-6~
LQ*HE*MA67~
LQ*HE*N130~
SVC*HC>96366>XE*118*0*0260*0**1~
DTM*472*20211201~
CAS*CO*97*118*1~
REF*6R*JEXP0004487150-7~
LQ*HE*MA67~
LQ*HE*N130~
SVC*HC>96366>XE*118*0*0260*0**1~
DTM*472*20211202~
CAS*CO*97*118*1~
REF*6R*JEXP0004487150-8~
LQ*HE*MA67~
LQ*HE*N130~
SVC*NU>0270*926*0**0**8~
DTM*472*20211201~
CAS*CO*97*926*8~
REF*6R*JEXP0004487150-9~
LQ*HE*MA67~
LQ*HE*N130~
SVC*HC>C1713*469*0*0278*0**1~
DTM*472*20211201~
CAS*CO*97*469*1~
REF*6R*JEXP0004487150-10~
LQ*HE*MA67~
LQ*HE*N130~
SVC*HC>C1776*12950*0*0278*0**1~
DTM*472*20211201~
CAS*CO*97*12950*1~
REF*6R*JEXP0004487150-11~
LQ*HE*MA67~
LQ*HE*N130~
SVC*HC>36415*24*0*0300*0**1~
DTM*472*20211202~
CAS*CO*97*24*1~
REF*6R*JEXP0004487150-12~
LQ*HE*MA67~
LQ*HE*N19~
SVC*HC>80048*171*0*0301*0**1~
DTM*472*20211202~
CAS*CO*97*171*1~
REF*6R*JEXP0004487150-13~
LQ*HE*MA67~
LQ*HE*N130~
SVC*HC>82948*38*0*0301*0**1~
DTM*472*20211201~
CAS*CO*97*38*1~
REF*6R*JEXP0004487150-14~
LQ*HE*MA67~
LQ*HE*N130~
SVC*HC>85014*30*0*0305*0**1~
DTM*472*20211202~
CAS*CO*97*30*1~
REF*6R*JEXP0004487150-15~
LQ*HE*MA67~
LQ*HE*N130~
SVC*HC>85018*30*0*0305*0**1~
DTM*472*20211202~
CAS*CO*97*30*1~
REF*6R*JEXP0004487150-16~
LQ*HE*MA67~
LQ*HE*N130~
SVC*HC>81001*70*0*0307*0**1~
DTM*472*20211202~
CAS*CO*97*70*1~
REF*6R*JEXP0004487150-17~
LQ*HE*MA67~
LQ*HE*N130~
SVC*HC>73502*678*0*0320*0**2~
DTM*472*20211201~
CAS*CO*97*678*2~
REF*6R*JEXP0004487150-18~
LQ*HE*MA67~
LQ*HE*N130~
SVC*HC>76000>XE*607*0*0320*0**1~
DTM*472*20211201~
CAS*CO*97*607*1~
REF*6R*JEXP0004487150-19~
LQ*HE*MA67~
LQ*HE*N130~
SVC*HC>27130>RT*4891.5*11747.43*0360*1~
DTM*472*20211201~
CAS*CO*45*-7345.41~
CAS*PR*2*489.48~
REF*6R*JEXP0004487150-20~
AMT*B6*12236.91~
LQ*HE*N59~
SVC*HC>64450>RT>XP*4891.5*0*0360*0**1~
DTM*472*20211201~
CAS*CO*97*4891.5*1~
REF*6R*JEXP0004487150-21~
LQ*HE*MA67~
LQ*HE*N130~
SVC*HC>01214>XE*1281*0*0370*0**1~
DTM*472*20211201~
CAS*CO*97*1281*1~
REF*6R*JEXP0004487150-22~
LQ*HE*MA67~
LQ*HE*N130~
SVC*HC>76942*538*0*0402*0**1~
DTM*472*20211201~
CAS*CO*97*538*1~
REF*6R*JEXP0004487150-23~
LQ*HE*MA67~
LQ*HE*N130~
SVC*HC>97110>GP*82*0*0420*0**1~
DTM*472*20211202~
CAS*CO*97*82*1~
REF*6R*JEXP0004487150-24~
LQ*HE*MA67~
LQ*HE*N130~
SVC*HC>97116>GP*61*0*0420*0**1~
DTM*472*20211202~
CAS*CO*97*61*1~
REF*6R*JEXP0004487150-25~
LQ*HE*MA67~
LQ*HE*N130~
SVC*HC>97161>GP*162*102.92*0424*1~
DTM*472*20211202~
CAS*CO*45*59.08~
REF*6R*JEXP0004487150-26~
AMT*B6*102.92~
LQ*HE*N59~
SVC*HC>97535>GO*72*0*0430*0**1~
DTM*472*20211202~
CAS*CO*97*72*1~
REF*6R*JEXP0004487150-27~
LQ*HE*MA67~
LQ*HE*N130~
SVC*HC>97166>GO*162*79.17*0434*1~
DTM*472*20211202~
CAS*CO*45*82.83~
REF*6R*JEXP0004487150-28~
AMT*B6*79.17~
LQ*HE*N59~
SVC*HC>94762*270*0*0460*0**1~
DTM*472*20211201~
CAS*CO*97*270*1~
REF*6R*JEXP0004487150-29~
LQ*HE*MA67~
LQ*HE*N130~
SVC*HC>94762*270*0*0460*0**1~
DTM*472*20211202~
CAS*CO*97*270*1~
REF*6R*JEXP0004487150-30~
LQ*HE*MA67~
LQ*HE*N130~
SVC*HC>A6251*36*0*0623*0**1~
DTM*472*20211201~
CAS*CO*97*36*1~
REF*6R*JEXP0004487150-31~
LQ*HE*MA67~
LQ*HE*N19~
SVC*HC>J0690*68.98*0*0636*0**2~
DTM*472*20211201~
CAS*CO*97*68.98*2~
REF*6R*JEXP0004487150-32~
LQ*HE*MA67~
LQ*HE*N130~
SVC*HC>J2405*56.3*0*0636*0**4~
DTM*472*20211201~
CAS*CO*97*56.3*4~
REF*6R*JEXP0004487150-33~
LQ*HE*MA67~
LQ*HE*N130~
SVC*NU>0710*1571*0**0**2~
DTM*472*20211201~
CAS*CO*97*1571*2~
REF*6R*JEXP0004487150-34~
LQ*HE*MA67~
LQ*HE*N130~
SVC*HC>G0378*1869*0*0762*0**27~
DTM*472*20211201~
CAS*CO*97*1869*27~
REF*6R*JEXP0004487150-35~
LQ*HE*MA67~
LQ*HE*N130~
SVC*HC>96375>XE*118*0*0940*0**1~
DTM*472*20211201~
CAS*CO*97*118*1~
REF*6R*JEXP0004487150-36~
LQ*HE*MA67~
LQ*HE*N130~
CLP*4557734-001*1*455*30.88**13*220111E060550000*13*1~
NM1*QC*1*SMALLEY*RONALD*W***MI*MEBTKWML~
NM1*82*2*JOINT TWP DIST MEMORIAL*****XX*1639133002~
REF*1L*467478-044~
REF*CE*WEST ADV PLAN 125 NET 03418~
DTM*232*20211111~
DTM*233*20211111~
DTM*050*20220111~
PER*CX**TE*8006240756~
AMT*AU*455~
SVC*HC>80048*171*8.88*0301*1~
DTM*472*20211111~
CAS*CO*45*162.12~
REF*6R*JEXP0004532429-2~
AMT*B6*8.88~
LQ*HE*N59~
SVC*HC>85025*83*8.16*0305*1~
DTM*472*20211111~
CAS*CO*45*74.84~
REF*6R*JEXP0004532429-3~
AMT*B6*8.16~
LQ*HE*N59~
SVC*HC>85379*177*10.69*0305*1~
DTM*472*20211111~
CAS*CO*45*166.31~
REF*6R*JEXP0004532429-4~
AMT*B6*10.69~
LQ*HE*N59~
SVC*HC>36415*24*3.15*0300*1~
DTM*472*20211111~
CAS*CO*45*20.85~
REF*6R*JEXP0004532429-1~
AMT*B6*3.15~
LQ*HE*N59~
CLP*4157686-007*1*1275*374.33*15.62*13*220112E175660000*13*3~
NM1*QC*1*CLARK*RANDALL*H***MI*MEBM819M~
NM1*82*2*JOINT TWP DIST MEMORIAL*****XX*1639133002~
REF*1L*455716-056~
REF*CE*STRS PPO PLAN NET 03418~
DTM*232*20211201~
DTM*233*20211229~
DTM*050*20220112~
PER*CX**TE*8006240756~
AMT*AU*1275~
SVC*HC>97032>GP>KX*85*11.9*0420*1~
DTM*472*20211201~
CAS*CO*45*72.6~
CAS*PR*2*.5~
REF*6R*JEXP0004526317-1~
AMT*B6*12.4~
LQ*HE*N59~
SVC*HC>97110>GP>KX*82*29.43*0420*1~
DTM*472*20211201~
CAS*CO*45*51.34~
CAS*PR*2*1.23~
REF*6R*JEXP0004526317-3~
AMT*B6*30.66~
LQ*HE*N59~
SVC*HC>97140>GP>KX*79*21.51*0420*1~
DTM*472*20211201~
CAS*CO*45*56.59~
CAS*PR*2*.9~
REF*6R*JEXP0004526317-8~
AMT*B6*22.41~
LQ*HE*N59~
SVC*HC>97110>GP>KX*82*29.43*0420*1~
DTM*472*20211208~
CAS*CO*45*51.34~
CAS*PR*2*1.23~
REF*6R*JEXP0004526317-4~
AMT*B6*30.66~
LQ*HE*N59~
SVC*HC>97140>GP>KX*158*43.01*0420*2~
DTM*472*20211208~
CAS*CO*45*113.2~
CAS*PR*2*1.79~
REF*6R*JEXP0004526317-9~
AMT*B6*44.8~
LQ*HE*N59~
SVC*HC>97110>GP>KX*82*29.43*0420*1~
DTM*472*20211214~
CAS*CO*45*51.34~
CAS*PR*2*1.23~
REF*6R*JEXP0004526317-5~
AMT*B6*30.66~
LQ*HE*N59~
SVC*HC>97140>GP>KX*158*43.01*0420*2~
DTM*472*20211214~
CAS*CO*45*113.2~
CAS*PR*2*1.79~
REF*6R*JEXP0004526317-10~
AMT*B6*44.8~
LQ*HE*N59~
SVC*HC>97110>GP>KX*82*23.01*0420*1~
DTM*472*20211222~
CAS*CO*45*58.03~
CAS*PR*2*.96~
REF*6R*JEXP0004526317-6~
AMT*B6*23.97~
LQ*HE*N59~
SVC*HC>97140>GP>KX*79*21.51*0420*1~
DTM*472*20211222~
CAS*CO*45*56.59~
CAS*PR*2*.9~
REF*6R*JEXP0004526317-11~
AMT*B6*22.41~
LQ*HE*N59~
SVC*HC>97530>GP>KX*63*37.75*0420*1~
DTM*472*20211222~
CAS*CO*45*23.68~
CAS*PR*2*1.57~
REF*6R*JEXP0004526317-13~
AMT*B6*39.32~
LQ*HE*N59~
SVC*HC>97032>GP>KX*85*11.9*0420*1~
DTM*472*20211229~
CAS*CO*45*72.6~
CAS*PR*2*.5~
REF*6R*JEXP0004526317-2~
AMT*B6*12.4~
LQ*HE*N59~
SVC*HC>97110>GP>KX*82*29.43*0420*1~
DTM*472*20211229~
CAS*CO*45*51.34~
CAS*PR*2*1.23~
REF*6R*JEXP0004526317-7~
AMT*B6*30.66~
LQ*HE*N59~
SVC*HC>97140>GP>KX*158*43.01*0420*2~
DTM*472*20211229~
CAS*CO*45*113.2~
CAS*PR*2*1.79~
REF*6R*JEXP0004526317-12~
AMT*B6*44.8~
LQ*HE*N59~
CLP*4647708-001*1*909*136.55*80.39*13*220113E008020000*13*1~
NM1*QC*1*MARTIN*PHYLLIS*A***MI*MEBRLXYV~
NM1*82*2*JOINT TWP DIST MEMORIAL*****XX*1639133002~
REF*1L*467094-012~
REF*CE*VALUE PPO NET 03418~
DTM*232*20211215~
DTM*233*20211215~
DTM*050*20220113~
PER*CX**TE*8006240756~
AMT*AU*909~
SVC*HC>77066*342*112.13*0401*1~
DTM*472*20211215~
CAS*CO*45*229.87~
REF*6R*JEXP0004539266-1~
AMT*B6*112.13~
LQ*HE*N59~
SVC*HC>G0279*62*24.42*0401*1~
DTM*472*20211215~
CAS*CO*45*37.58~
REF*6R*JEXP0004539266-2~
AMT*B6*24.42~
LQ*HE*N59~
SVC*HC>76642*505*0*0402*1~
DTM*472*20211215~
CAS*CO*45*424.61~
CAS*PR*3*80.39~
REF*6R*JEXP0004539266-3~
AMT*B6*80.39~
CLP*4623392-002*1*255*117.99**13*220113E049720000*13*1~
NM1*QC*1*WARD*JOYCE*E***MI*MEBF13RT~
NM1*82*2*JOINT TWP DIST MEMORIAL*****XX*1639133002~
REF*1L*455716-056~
REF*CE*STRS PPO PLAN NET 03418~
DTM*232*20211208~
DTM*233*20211208~
DTM*050*20220113~
PER*CX**TE*8006240756~
AMT*AU*255~
SVC*HC>G0463*255*117.99*0510*1~
DTM*472*20211208~
CAS*CO*45*137.01~
REF*6R*JEXP0004539252-1~
AMT*B6*117.99~
LQ*HE*N59~
CLP*4680930-001*1*891.77*194.12*8.09*13*220113E049740000*13*1~
NM1*QC*1*HECKLER*MARSHA*J***MI*MEBS3CPZ~
NM1*82*2*JOINT TWP DIST MEMORIAL*****XX*1639133002~
REF*1L*455716-056~
REF*CE*STRS PPO PLAN NET 03418~
DTM*232*20211230~
DTM*233*20211230~
DTM*050*20220113~
PER*CX**TE*8006240756~
AMT*AU*335~
SVC*HC>J3489*433.25*0*0636*0**5~
DTM*472*20211230~
CAS*CO*97*433.25*5~
REF*6R*JEXP0004539286-2~
LQ*HE*N130~
SVC*HC>96374*335*194.12*0940*1~
DTM*472*20211230~
CAS*CO*45*132.79~
CAS*PR*2*8.09~
REF*6R*JEXP0004539286-3~
AMT*B6*202.21~
LQ*HE*N59~
SVC*NU>0258*123.52*0**0**3~
DTM*472*20211230~
CAS*CO*97*123.52*3~
REF*6R*JEXP0004539286-1~
LQ*HE*N130~
CLP*4631221-002*1*3304*379.72*90*13*220113E091810000*13*1~
NM1*QC*1*DUES*JOHN*M***MI*MEBTLS0B~
NM1*82*2*JOINT TWP DIST MEMORIAL*****XX*1639133002~
REF*1L*467098-026~
REF*CE*VALUE PPO NET 03418~
DTM*232*20211211~
DTM*233*20211211~
DTM*050*20220113~
PER*CX**TE*8006240756~
AMT*AU*2916~
SVC*HC>36415*24*0*0300*0**1~
DTM*472*20211211~
CAS*CO*97*24*1~
REF*6R*JEXP0004539255-1~
LQ*HE*N130~
SVC*HC>80053*236*0*0301*0**1~
DTM*472*20211211~
CAS*CO*97*236*1~
REF*6R*JEXP0004539255-2~
LQ*HE*N130~
SVC*HC>85025*83*0*0305*0**1~
DTM*472*20211211~
CAS*CO*97*83*1~
REF*6R*JEXP0004539255-3~
LQ*HE*N130~
SVC*HC>85610*45*0*0305*0**1~
DTM*472*20211211~
CAS*CO*97*45*1~
REF*6R*JEXP0004539255-4~
LQ*HE*N130~
SVC*HC>71250*2087*108.28*0350*1~
DTM*472*20211211~
CAS*CO*45*1978.72~
REF*6R*JEXP0004539255-5~
AMT*B6*108.28~
LQ*HE*N59~
SVC*HC>99284>25*829*271.44*0450*1~
DTM*472*20211211~
CAS*CO*45*467.56~
CAS*PR*3*90~
REF*6R*JEXP0004539255-6~
AMT*B6*361.44~
LQ*HE*N59~
CLP*4564631-002*1*616.22*0*259.52*13*220114E033080000*13*1~
NM1*QC*1*BEAN*HARRY*W***MI*MEBTDR1M~
NM1*82*2*JOINT TWP DIST MEMORIAL*****XX*1639133002~
REF*1L*467098-026~
REF*CE*VALUE PPO NET 03418~
DTM*232*20211115~
DTM*233*20211115~
DTM*050*20220114~
PER*CX**TE*8006240756~
AMT*AU*486~
SVC*NU>0250*59.88*0**0**30~
DTM*472*20211115~
CAS*CO*97*59.88*30~
REF*6R*JEXP0004539332-1~
LQ*HE*N130~
SVC*HC>20553*486*0*0361*1~
DTM*472*20211115~
CAS*CO*45*226.48~
CAS*PR*3*259.52~
REF*6R*JEXP0004539332-2~
AMT*B6*259.52~
SVC*HC>J3301*70.34*0*0636*0**4~
DTM*472*20211115~
CAS*CO*97*70.34*4~
REF*6R*JEXP0004539332-3~
LQ*HE*N130~
CLP*4635455-003*1*3169.01*369.72*100*13*220114E033090000*13*1~
NM1*QC*1*HECK*JAMES*A***MI*MEBFCGXZ~
NM1*82*2*JOINT TWP DIST MEMORIAL*****XX*1639133002~
REF*1L*466235-003~
REF*CE*SERS PPO PLAN NET 03418~
DTM*232*20211213~
DTM*233*20211213~
DTM*050*20220114~
PER*CX**TE*8006240756~
AMT*AU*2358~
SVC*HC>36415*24*0*0300*0**1~
DTM*472*20211213~
CAS*CO*97*24*1~
REF*6R*JEXP0004541444-1~
LQ*HE*N130~
SVC*HC>80053*236*0*0301*0**1~
DTM*472*20211213~
CAS*CO*97*236*1~
REF*6R*JEXP0004541444-2~
LQ*HE*N130~
SVC*HC>82948*38*0*0301*0**1~
DTM*472*20211213~
CAS*CO*97*38*1~
REF*6R*JEXP0004541444-3~
LQ*HE*N130~
SVC*HC>84484*140*0*0301*0**1~
DTM*472*20211213~
CAS*CO*97*140*1~
REF*6R*JEXP0004541444-4~
LQ*HE*N130~
SVC*HC>85025*83*0*0305*0**1~
DTM*472*20211213~
CAS*CO*97*83*1~
REF*6R*JEXP0004541444-5~
LQ*HE*N130~
SVC*HC>85610*45*0*0305*0**1~
DTM*472*20211213~
CAS*CO*97*45*1~
REF*6R*JEXP0004541444-6~
LQ*HE*N130~
SVC*HC>81003*40*0*0307*0**1~
DTM*472*20211213~
CAS*CO*97*40*1~
REF*6R*JEXP0004541444-7~
LQ*HE*N130~
SVC*HC>70450>MG*1529*108.28*0351*1~
DTM*472*20211213~
CAS*CO*45*1420.72~
REF*6R*JEXP0004541444-8~
AMT*B6*108.28~
LQ*HE*N59~
SVC*HC>G1004*.01*0*0351*0**1~
DTM*472*20211213~
CAS*CO*97*.01*1~
REF*6R*JEXP0004541444-9~
LQ*HE*N19~
SVC*HC>99284>25*829*261.44*0450*1~
DTM*472*20211213~
CAS*CO*45*467.56~
CAS*PR*3*100~
REF*6R*JEXP0004541444-10~
AMT*B6*361.44~
LQ*HE*N59~
SVC*HC>93005*205*0*0730*0**1~
DTM*472*20211213~
CAS*CO*97*205*1~
REF*6R*JEXP0004541444-11~
LQ*HE*N130~
CLP*4682682-002*1*8209.2*2518.57*325*13*220114E058500000*13*1~
NM1*QC*1*ANKERMAN*KENNETH*C***MI*MEBTLZ2N~
NM1*82*2*JOINT TWP DIST MEMORIAL*****XX*1639133002~
REF*1L*467094-012~
REF*CE*VALUE PPO NET 03418~
DTM*232*20211231~
DTM*233*20211231~
DTM*050*20220114~
PER*CX**TE*8006240756~
AMT*AU*4490~
SVC*NU>0250*338.55*0**0**333~
DTM*472*20211231~
CAS*CO*97*338.55*333~
REF*6R*JEXP0004539287-1~
LQ*HE*N130~
SVC*NU>0258*78.65*0**0**1~
DTM*472*20211231~
CAS*CO*97*78.65*1~
REF*6R*JEXP0004539287-2~
LQ*HE*N130~
SVC*NU>0270*96*0**0**3~
DTM*472*20211231~
CAS*CO*97*96*3~
REF*6R*JEXP0004539287-3~
LQ*HE*N130~
SVC*HC>C1788*1013*0*0278*0**1~
DTM*472*20211231~
CAS*CO*B15*1013*1~
REF*6R*JEXP0004539287-4~
LQ*HE*M51~
LQ*HE*N130~
SVC*HC>82948*38*0*0301*0**1~
DTM*472*20211231~
CAS*CO*97*38*1~
REF*6R*JEXP0004539287-5~
LQ*HE*N130~
SVC*HC>77001*357*0*0320*0**1~
DTM*472*20211231~
CAS*CO*97*357*1~
REF*6R*JEXP0004539287-6~
LQ*HE*N130~
SVC*HC>71045>XE*324*0*0324*0**1~
DTM*472*20211231~
CAS*CO*97*324*1~
REF*6R*JEXP0004539287-7~
LQ*HE*N130~
SVC*HC>36561*4490*2518.57*0360*1~
DTM*472*20211231~
CAS*CO*45*1646.43~
CAS*PR*3*325~
REF*6R*JEXP0004539287-8~
AMT*B6*2843.57~
LQ*HE*N59~
SVC*HC>00532*490*0*0370*0**1~
DTM*472*20211231~
CAS*CO*97*490*1~
REF*6R*JEXP0004539287-9~
LQ*HE*N130~
SVC*HC>76937*543*0*0402*0**1~
DTM*472*20211231~
CAS*CO*97*543*1~
REF*6R*JEXP0004539287-10~
LQ*HE*N130~
SVC*NU>0710*441*0**0**7~
DTM*472*20211231~
CAS*CO*97*441*7~
REF*6R*JEXP0004539287-11~
LQ*HE*N130~
CLP*4636332-003*1*1953*220.53*90*13*220114E083710000*13*1~
NM1*QC*1*DARDIO*BARBARA*A***MI*MEBTTNCX~
NM1*82*2*JOINT TWP DIST MEMORIAL*****XX*1639133002~
REF*1L*467094-012~
REF*CE*VALUE PPO NET 03418~
DTM*232*20211213~
DTM*233*20211213~
DTM*050*20220114~
PER*CX**TE*8006240756~
AMT*AU*1153~
SVC*HC>36415*24*0*0300*0**1~
DTM*472*20211213~
CAS*CO*97*24*1~
REF*6R*JEXP0004541448-1~
LQ*HE*N19~
SVC*HC>80048*171*0*0301*0**1~
DTM*472*20211213~
CAS*CO*97*171*1~
REF*6R*JEXP0004541448-2~
LQ*HE*N130~
SVC*HC>84484*140*0*0301*0**1~
DTM*472*20211213~
CAS*CO*97*140*1~
REF*6R*JEXP0004541448-3~
LQ*HE*N130~
SVC*HC>85025*83*0*0305*0**1~
DTM*472*20211213~
CAS*CO*97*83*1~
REF*6R*JEXP0004541448-4~
LQ*HE*N130~
SVC*HC>85379*177*0*0305*0**1~
DTM*472*20211213~
CAS*CO*97*177*1~
REF*6R*JEXP0004541448-5~
LQ*HE*N130~
SVC*HC>71045*324*80.39*0324*1~
DTM*472*20211213~
CAS*CO*45*243.61~
REF*6R*JEXP0004541448-6~
AMT*B6*80.39~
LQ*HE*N59~
SVC*HC>93005*205*0*0730*0**1~
DTM*472*20211213~
CAS*CO*97*205*1~
REF*6R*JEXP0004541448-8~
LQ*HE*N130~
SVC*HC>99283>25*829*140.14*0450*1*HC>99284>25~
DTM*472*20211213~
CAS*CO*45*598.86~
CAS*PR*3*90~
REF*6R*JEXP0004541448-7~
AMT*B6*230.14~
LQ*HE*N59~
CLP*4604628-001*1*6408.62*1743.29**13*220114E108790000*13*1~
NM1*QC*1*DUES*HELEN****MI*MEBGJ95T~
NM1*82*2*JOINT TWP DIST MEMORIAL*****XX*1639133002~
REF*1L*444267-165~
REF*CE*MEDICARE (S02) ESA PPO NET 03418~
DTM*232*20211201~
DTM*233*20211201~
DTM*050*20220114~
PER*CX**TE*8006240756~
AMT*AU*6141~
SVC*NU>0250*151.24*0**0**30~
DTM*472*20211201~
CAS*CO*97*151.24*30~
REF*6R*JEXP0004432812-1~
LQ*HE*N130~
SVC*HC>64635*6141*1743.29*0361*1~
DTM*472*20211201~
CAS*CO*45*4397.71~
REF*6R*JEXP0004432812-2~
AMT*B6*1743.29~
LQ*HE*N59~
SVC*HC>J1040*116.38*0*0636*0**1~
DTM*472*20211201~
CAS*CO*97*116.38*1~
REF*6R*JEXP0004432812-3~
LQ*HE*N130~
CLP*4636405-002*1*2907*500.12*90*13*220114E108800000*13*1~
NM1*QC*1*HILEMAN*PAULA****MI*MEBS090N~
NM1*82*2*JOINT TWP DIST MEMORIAL*****XX*1639133002~
REF*1L*467098-026~
REF*CE*VALUE PPO NET 03418~
DTM*232*20211213~
DTM*233*20211213~
DTM*050*20220114~
PER*CX**TE*8006240756~
AMT*AU*2180~
SVC*HC>36415*24*0*0300*0**1~
DTM*472*20211213~
CAS*CO*97*24*1~
REF*6R*JEXP0004541449-1~
LQ*HE*N130~
SVC*HC>80048*171*0*0301*0**1~
DTM*472*20211213~
CAS*CO*97*171*1~
REF*6R*JEXP0004541449-2~
LQ*HE*N130~
SVC*HC>83880*272*0*0301*0**1~
DTM*472*20211213~
CAS*CO*97*272*1~
REF*6R*JEXP0004541449-3~
LQ*HE*N130~
SVC*HC>85025*83*0*0305*0**1~
DTM*472*20211213~
CAS*CO*97*83*1~
REF*6R*JEXP0004541449-4~
LQ*HE*N130~
SVC*HC>85379*177*0*0305*0**1~
DTM*472*20211213~
CAS*CO*97*177*1~
REF*6R*JEXP0004541449-5~
LQ*HE*N130~
SVC*HC>99284>25*829*271.44*0450*1~
DTM*472*20211213~
CAS*CO*45*467.56~
CAS*PR*3*90~
REF*6R*JEXP0004541449-6~
AMT*B6*361.44~
LQ*HE*N59~
SVC*HC>93970*1351*228.68*0921*1~
DTM*472*20211213~
CAS*CO*45*1122.32~
REF*6R*JEXP0004541449-7~
AMT*B6*228.68~
LQ*HE*N59~
SE*1171*1166~
ST*835*1167~
BPR*I*257.99*C*ACH*CCP*01*031100209*DA*0038865237*1066033492**01*042200910*DA*0860190752*20220121~
TRN*1*160118220249318*1066033492~
REF*EV*XXXXXXXXXXXXXXXXXXXXXXXXXXXXXX~
DTM*405*20220119~
N1*PR*AETNA~
N3*151 FARMINGTON AVENUE~
N4*HARTFORD*CT*06156~
REF*2U*60054~
PER*BL*Provider Service~
N1*PE*JOINT TOWNSHIP DISTRICT MEMORIA*XX*1639133002~
N3*200 SAINT CLAIR AVE~
N4*SAINT MARYS*OH*458852400~
REF*PQ*955381480~
REF*TJ*341623770~
LX*1~
TS3*1588600167*23*20221231*3*1027~
CLP*4636332-002*1*225*53.31**13*220114E036490000*23*1~
NM1*QC*1*DARDIO*BARBARA*A***MI*MEBTTNCX~
NM1*82*2*JOINT TOWNSHIP DISTRICT MEMORIA*****XX*1588600167~
REF*1L*467094-012~
REF*CE*VALUE PPO NET 03418~
DTM*232*20211213~
DTM*233*20211213~
DTM*050*20220114~
PER*CX**TE*8006240756~
AMT*AU*225~
SVC*HC>99283*225*53.31**1~
DTM*472*20211213~
CAS*CO*45*171.69~
REF*6R*JEXP0004541000-1~
AMT*B6*53.31~
CLP*4635455-002*1*401*102.34**13*220114E087130000*23*1~
NM1*QC*1*HECK*JAMES*A***MI*MEBFCGXZ~
NM1*82*2*JOINT TOWNSHIP DISTRICT MEMORIA*****XX*1588600167~
REF*1L*466235-003~
REF*CE*SERS PPO PLAN NET 03418~
DTM*232*20211213~
DTM*233*20211213~
DTM*050*20220114~
PER*CX**TE*8006240756~
AMT*AU*401~
SVC*HC>99284*401*102.34**1~
DTM*472*20211213~
CAS*CO*45*298.66~
REF*6R*JEXP0004540989-1~
AMT*B6*102.34~
CLP*4636405-001*1*401*102.34**13*220114E112080000*23*1~
NM1*QC*1*HILEMAN*PAULA****MI*MEBS090N~
NM1*82*2*JOINT TOWNSHIP DISTRICT MEMORIA*****XX*1588600167~
REF*1L*467098-026~
REF*CE*VALUE PPO NET 03418~
DTM*232*20211213~
DTM*233*20211213~
DTM*050*20220114~
PER*CX**TE*8006240756~
AMT*AU*401~
SVC*HC>99284*401*102.34**1~
DTM*472*20211213~
CAS*CO*45*298.66~
REF*6R*JEXP0004541002-1~
AMT*B6*102.34~
SE*63*1167~
ST*835*1168~
BPR*I*16.68*C*ACH*CCP*01*031100209*DA*0038865237*1066033492**01*042200910*DA*0860190752*20220121~
TRN*1*160118220243857*1066033492~
REF*EV*XXXXXXXXXXXXXXXXXXXXXXXXXXXXXX~
DTM*405*20220119~
N1*PR*AETNA~
N3*151 FARMINGTON AVENUE~
N4*HARTFORD*CT*06156~
REF*2U*60054~
PER*BL*Provider Service~
N1*PE*JOINT TOWNSHIP DISTRICT MEMORIA*XX*1639133002~
N3*200 STREET CLAIR STREET~
N4*SAINT MARYS*OH*45885~
REF*PQ*955381480~
REF*TJ*341623770~
LX*1~
TS3*1841251006*23*20221231*2*50~
CLP*4636332-001*1*25*8.34**13*220114E011610000*23*1~
NM1*QC*1*DARDIO*BARBARA*A***MI*MEBTTNCX~
NM1*82*2*JOINT TOWNSHIP DISTRICT MEMORIA*****XX*1841251006~
REF*1L*467094-012~
REF*CE*VALUE PPO~
DTM*232*20211213~
DTM*233*20211213~
DTM*050*20220114~
PER*CX**TE*8006240756~
AMT*AU*25~
SVC*HC>93010*25*8.34**1~
DTM*472*20211213~
CAS*CO*45*16.66~
REF*6R*JEXP0004541090-1~
AMT*B6*8.34~
LQ*HE*N6~
LQ*HE*N807~
CLP*4635455-001*1*25*8.34**13*220114E036480000*23*1~
NM1*QC*1*HECK*JAMES*A***MI*MEBFCGXZ~
NM1*82*2*JOINT TOWNSHIP DISTRICT MEMORIA*****XX*1841251006~
REF*1L*466235-003~
REF*CE*SERS PPO PLAN~
DTM*232*20211213~
DTM*233*20211213~
DTM*050*20220114~
PER*CX**TE*8006240756~
AMT*AU*25~
SVC*HC>93010*25*8.34**1~
DTM*472*20211213~
CAS*CO*45*16.66~
REF*6R*JEXP0004541085-1~
AMT*B6*8.34~
LQ*HE*N6~
LQ*HE*N807~
SE*52*1168~
ST*835*1173~
BPR*I*62*C*ACH*CCP*01*031100209*DA*0038865237*1066033492**01*042200910*DA*800328179*20220121~
TRN*1*160118220249623*1066033492~
REF*EV*XXXXXXXXXXXXXXXXXXXXXXXXXXXXXX~
DTM*405*20220119~
N1*PR*AETNA~
N3*151 FARMINGTON AVENUE~
N4*HARTFORD*CT*06156~
REF*2U*60054~
PER*BL*Provider Service~
N1*PE*JTDM FAMILY PRACTICE, LLC*XX*1639133002~
N3*P.O. BOX 490~
N4*MIDDLETOWN*OH*450420862~
REF*PQ*296715450~
REF*TJ*341689161~
LX*1~
TS3*1699183897*22*20221231*1*62~
CLP*4581091-001*1*62*62**13*211220E163730002*22*1~
NM1*QC*1*SCHOEN*MARGUERITE*S***MI*MEBVM0SB~
NM1*82*2*JTDM FAMILY PRACTICE, LLC*****XX*1699183897~
REF*1L*467098-026~
REF*CE*VALUE PPO NET 03418~
DTM*232*20211121~
DTM*233*20211121~
DTM*050*20211220~
PER*CX**TE*8006240756~
AMT*AU*62~
SVC*HC>99213*62*62**1~
DTM*472*20211121~
REF*6R*JEXP0004492595-1~
AMT*B6*62~
SE*32*1173~
GE*4*1~
IEA*1*100358959~
