ISA*00*          *00*          *01*030240928      *ZZ*XXXXXXXXXXXXXXX*220118*1531*^*00501*262455724*0*P*>~
GS*HP*364559356*XX*20220118*1531*1*X*005010X221A1~
ST*835*1074~
BPR*I*7162.78*C*ACH*CCP*01* 121000248*DA*4649685948*3383253977**01*075000019*DA*253898183*20220117~
TRN*1*00000964602*1383253977~
DTM*405*20220115~
N1*PR*MERIDIAN HEALTH PLAN~
N3*777 WOODWARD AVE*SUITE 600~
N4*DETROIT*MI*48226~
REF*2U*52563~
PER*BL*EDI TEAM*EM*EDITEAM@MHPLAN.COM~
PER*IC**UR*WWW.MHPLAN.COM/MI~
N1*PE*EXACT SCIENCES LABORATORIES*XX*1629407069~
N3*27277 NETWORK PL~
N4*CHICAGO*IL*60673~
REF*TJ*463095174~
LX*1~
TS3*1629407069*81*20221231*17*11577~
CLP*P1054705360*1*681*421.34**HM*200313286*81~
NM1*QC*1*EVERT*JENNIFER*L***MI*0014249247~
REF*CE*MEDICAID~
DTM*050*20220113~
SVC*HC>81528*681*421.34**1~
DTM*472*20220103~
CAS*CO*45*259.66~
REF*6R*EXSC0010320136-1~
AMT*B6*421.34~
CLP*P1054612450*1*681*421.34**HM*200275753*81~
NM1*QC*1*GAJEWSKI*ANNETTE*M***MI*1178795680~
REF*CE*MEDICAID~
DTM*050*20220112~
SVC*HC>81528*681*421.34**1~
DTM*472*20220102~
CAS*CO*45*259.66~
REF*6R*EXSC0010294965-1~
AMT*B6*421.34~
CLP*P1054705260*1*681*421.34**HM*200313285*81~
NM1*QC*1*GARJIS*NADAA*H***MI*0099540114~
REF*CE*MEDICAID~
DTM*050*20220113~
SVC*HC>81528*681*421.34**1~
DTM*472*20211111~
CAS*CO*45*259.66~
REF*6R*EXSC0010320774-1~
AMT*B6*421.34~
CLP*P1054705340*1*681*421.34**HM*200313288*81~
NM1*QC*1*GEBERT*MOLLY****MI*1119214839~
REF*CE*MEDICAID~
DTM*050*20220113~
SVC*HC>81528*681*421.34**1~
DTM*472*20211229~
CAS*CO*45*259.66~
REF*6R*EXSC0010319133-1~
AMT*B6*421.34~
CLP*P1054610750*1*681*421.34**HM*200275755*81~
NM1*QC*1*GRUNDICH*RUDOLPH****MI*0042028645~
NM1*74*1*GRUDICH*RUDOLPH****C*0042028645~
REF*CE*MEDICAID~
DTM*050*20220112~
SVC*HC>81528*681*421.34**1~
DTM*472*20211027~
CAS*CO*45*259.66~
REF*6R*EXSC0010288957-1~
AMT*B6*421.34~
CLP*P1054610740*1*681*421.34**HM*200275754*81~
NM1*QC*1*HAIDAR*SAOUSAN****MI*1111510965~
NM1*74*1*HAIDER*SAOUSAN****C*1111510965~
REF*CE*MEDICAID~
DTM*050*20220112~
SVC*HC>81528*681*421.34**1~
DTM*472*20211025~
CAS*CO*45*259.66~
REF*6R*EXSC0010290496-1~
AMT*B6*421.34~
CLP*P1054705270*1*681*421.34**HM*200313293*81~
NM1*QC*1*HOLMAN*LISA****MI*0018119989~
REF*CE*MEDICAID~
DTM*050*20220113~
SVC*HC>81528*681*421.34**1~
DTM*472*20220104~
CAS*CO*45*259.66~
REF*6R*EXSC0010322955-1~
AMT*B6*421.34~
CLP*P1054705300*1*681*421.34**HM*200313281*81~
NM1*QC*1*LE*HANH****MI*1249493944~
REF*CE*MEDICAID~
DTM*050*20220113~
SVC*HC>81528*681*421.34**1~
DTM*472*20211129~
CAS*CO*45*259.66~
REF*6R*EXSC0010321400-1~
AMT*B6*421.34~
CLP*P1054705380*1*681*421.34**HM*200313295*81~
NM1*QC*1*LEWIS*GRIFFIN*M***MI*0001667002~
REF*CE*MEDICAID~
DTM*050*20220113~
SVC*HC>81528*681*421.34**1~
DTM*472*20220104~
CAS*CO*45*259.66~
REF*6R*EXSC0010322762-1~
AMT*B6*421.34~
CLP*P1054612380*1*681*421.34**HM*200275756*81~
NM1*QC*1*PURRY*DEWAYLA****MI*0071034241~
REF*CE*MEDICAID~
DTM*050*20220112~
SVC*HC>81528*681*421.34**1~
DTM*472*20211213~
CAS*CO*45*259.66~
REF*6R*EXSC0010287434-1~
AMT*B6*421.34~
CLP*P1054612440*1*681*421.34**HM*200275751*81~
NM1*QC*1*RANDOLPH*JOSEPH*A***MI*0001934016~
REF*CE*MEDICAID~
DTM*050*20220112~
SVC*HC>81528*681*421.34**1~
DTM*472*20211231~
CAS*CO*45*259.66~
REF*6R*EXSC0010287060-1~
AMT*B6*421.34~
CLP*P1054705330*1*681*421.34**HM*200313299*81~
NM1*QC*1*SKELLENGER*JERRY*F***MI*0045805509~
REF*CE*MEDICAID~
DTM*050*20220113~
SVC*HC>81528*681*421.34**1~
DTM*472*20220103~
CAS*CO*45*259.66~
REF*6R*EXSC0010321483-1~
AMT*B6*421.34~
CLP*P1054705310*1*681*421.34**HM*200313289*81~
NM1*QC*1*SMITH*TINA****MI*0008401427~
REF*CE*MEDICAID~
DTM*050*20220113~
SVC*HC>81528*681*421.34**1~
DTM*472*20220103~
CAS*CO*45*259.66~
REF*6R*EXSC0010316651-1~
AMT*B6*421.34~
CLP*P1054703360*1*681*421.34**HM*200313283*81~
NM1*QC*1*STANKOVICH*RENEE****MI*0031996418~
REF*CE*MEDICAID~
DTM*050*20220113~
SVC*HC>81528*681*421.34**1~
DTM*472*20211112~
CAS*CO*45*259.66~
REF*6R*EXSC0010324891-1~
AMT*B6*421.34~
CLP*P1054705350*1*681*421.34**HM*200313291*81~
NM1*QC*1*THAO*NENG****MI*0078043331~
REF*CE*MEDICAID~
DTM*050*20220113~
SVC*HC>81528*681*421.34**1~
DTM*472*20220104~
CAS*CO*45*259.66~
REF*6R*EXSC0010316108-1~
AMT*B6*421.34~
CLP*P1054612460*1*681*421.34**HM*200275752*81~
NM1*QC*1*WALKER*KEITH****MI*0029980415~
REF*CE*MEDICAID~
DTM*050*20220112~
SVC*HC>81528*681*421.34**1~
DTM*472*20220104~
CAS*CO*45*259.66~
REF*6R*EXSC0010291028-1~
AMT*B6*421.34~
CLP*P1054705320*1*681*421.34**HM*200313297*81~
NM1*QC*1*WILLIAMS*ANN*M***MI*1250703042~
REF*CE*MEDICAID~
DTM*050*20220113~
SVC*HC>81528*681*421.34**1~
DTM*472*20220104~
CAS*CO*45*259.66~
REF*6R*EXSC0010314988-1~
AMT*B6*421.34~
SE*172*1074~
GE*1*1~
IEA*1*262455724~
