ISA*00*          *00*          *ZZ*133052274      *ZZ*XXXXXXXXXXXXXXX*220119*0250*^*00501*100358959*0*P*>~
GS*HP*133052274*XX*20220119*0250*1*X*005010X221A1~
ST*835*0734~
BPR*I*731.64*C*ACH*CCP*01*011900445*DA*0000009046*1066033492**01*041200050*DA*72234965*20220124~
TRN*1*822019000331949*1066033492~
REF*EV*XXXXXXXXXXXXXXXXXXXXXXXXXXXXXX~
DTM*405*20220119~
N1*PR*AETNA~
N3*151 FARMINGTON AVENUE~
N4*HARTFORD*CT*06156~
REF*2U*60054~
PER*BL*Provider Service~
N1*PE*PROMEDICA FOSTORIA HOSPITAL*XX*1275533226~
N3*PO BOX 632982~
N4*CINCINNATI*OH*452632982~
REF*PQ*000508824~
REF*TJ*340898745~
LX*1~
TS3*1275533226*22*20221231*1*1092~
CLP*H315346483200*1*1092*731.64**13*E536TZ78F0000*13*1~
CAS*PR*187*-75~
NM1*QC*1*STATHAM*ALISA*A***MI*W250959532~
NM1*82*2*FOSTORIA COMMUNITY HOSPITAL*****XX*1275533226~
MOA***N520~
REF*1L*0109143-011-00001-EC~
REF*CE*Aetna Choice  POS II NET 00414~
DTM*232*20211201~
DTM*233*20211201~
DTM*050*20211207~
PER*CX**TE*8886323862~
AMT*AU*1092~
SVC*HC>93017*1092*656.64*0482*1~
DTM*472*20211201~
CAS*CO*45*360.36~
CAS*PR*3*75~
REF*6R*PXXP0100480639-1~
AMT*B6*731.64~
LQ*HE*N520~
SE*37*0734~
ST*835*1129~
BPR*I*2159.75*C*ACH*CCP*01*031100209*DA*0038865237*1066033492**01*041200050*DA*72234965*20220121~
TRN*1*160118220237970*1066033492~
REF*EV*XXXXXXXXXXXXXXXXXXXXXXXXXXXXXX~
DTM*405*20220119~
N1*PR*AETNA~
N3*151 FARMINGTON AVENUE~
N4*HARTFORD*CT*06156~
REF*2U*60054~
PER*BL*Provider Service~
N1*PE*FOSTORIA COMMUNITY HOSPITAL*XX*1912997818~
N3*P.O. BOX 632982~
N4*CINCINNATI*OH*452632982~
REF*PQ*000508824~
REF*TJ*340898745~
LX*1~
TS3*1912997818*72*20221231*1*8639~
CLP*H315343779300*1*8639*2159.75**13*220114E058370000*72*3~
NM1*QC*1*RADER*MARCIA*E***MI*MEBJH4QB~
NM1*82*2*FOSTORIA COMMUNITY HOSPITAL*****XX*1912997818~
REF*1L*466235-001~
REF*CE*SERS PPO PLAN NET 03418~
DTM*232*20211202~
DTM*233*20211230~
DTM*050*20220114~
PER*CX**TE*8006240756~
AMT*AU*8639~
SVC*HC>83010*139*34.75*0301*1~
DTM*472*20211202~
CAS*CO*45*104.25~
REF*6R*PXXP0101655881-1~
AMT*B6*34.75~
LQ*HE*N59~
SVC*HC>90999>G5>V5*655*163.75*0821*1~
DTM*472*20211202~
CAS*CO*45*491.25~
REF*6R*PXXP0101655881-4~
AMT*B6*163.75~
LQ*HE*N59~
SVC*HC>J0882>JA*975*243.75*0636*50~
DTM*472*20211204~
CAS*CO*45*731.25~
REF*6R*PXXP0101655881-2~
AMT*B6*243.75~
LQ*HE*N59~
SVC*HC>90999>G5>V5*655*163.75*0821*1~
DTM*472*20211204~
CAS*CO*45*491.25~
REF*6R*PXXP0101655881-5~
AMT*B6*163.75~
LQ*HE*N59~
SVC*HC>90999>V5>G5*655*163.75*0821*1~
DTM*472*20211207~
CAS*CO*45*491.25~
REF*6R*PXXP0101655881-12~
AMT*B6*163.75~
LQ*HE*N59~
SVC*HC>90999>V5>G5*655*163.75*0821*1~
DTM*472*20211209~
CAS*CO*45*491.25~
REF*6R*PXXP0101655881-13~
AMT*B6*163.75~
LQ*HE*N59~
SVC*HC>J0882>JA*975*243.75*0636*50~
DTM*472*20211214~
CAS*CO*45*731.25~
REF*6R*PXXP0101655881-3~
AMT*B6*243.75~
LQ*HE*N59~
SVC*HC>90999>G5>V5*655*163.75*0821*1~
DTM*472*20211214~
CAS*CO*45*491.25~
REF*6R*PXXP0101655881-6~
AMT*B6*163.75~
LQ*HE*N59~
SVC*HC>90999>G5>V5*655*163.75*0821*1~
DTM*472*20211215~
CAS*CO*45*491.25~
REF*6R*PXXP0101655881-7~
AMT*B6*163.75~
LQ*HE*N59~
SVC*HC>90999>G5>V5*655*163.75*0821*1~
DTM*472*20211221~
CAS*CO*45*491.25~
REF*6R*PXXP0101655881-8~
AMT*B6*163.75~
LQ*HE*N59~
SVC*HC>90999>G5>V5*655*163.75*0821*1~
DTM*472*20211223~
CAS*CO*45*491.25~
REF*6R*PXXP0101655881-9~
AMT*B6*163.75~
LQ*HE*N59~
SVC*HC>90999>G5>V5*655*163.75*0821*1~
DTM*472*20211228~
CAS*CO*45*491.25~
REF*6R*PXXP0101655881-10~
AMT*B6*163.75~
LQ*HE*N59~
SVC*HC>90999>G5>V5*655*163.75*0821*1~
DTM*472*20211230~
CAS*CO*45*491.25~
REF*6R*PXXP0101655881-11~
AMT*B6*163.75~
LQ*HE*N59~
SE*106*1129~
ST*835*1747~
BPR*I*160*C*ACH*CCP*01*031100209*DA*0038865237*1066033492**01*041200050*DA*72234965*20220121~
TRN*1*160118220263018*1066033492~
REF*EV*XXXXXXXXXXXXXXXXXXXXXXXXXXXXXX~
DTM*405*20220119~
N1*PR*AETNA~
N3*151 FARMINGTON AVENUE~
N4*HARTFORD*CT*06156~
REF*2U*60054~
PER*BL*Provider Service~
N1*PE*FOSTORIA COMMUNITY HOSPITAL*XX*1275533226~
N3*P.O. BOX 632982~
N4*CINCINNATI*OH*452632982~
REF*PQ*000508824~
REF*TJ*340898745~
LX*1~
TS3*1275533226*85*20221231*1*640~
CLP*H315430544000*1*640*160**13*220115E056880000*85*1~
NM1*QC*1*HERMAN*KATHLEEN****MI*MEBF827L~
NM1*82*2*FOSTORIA COMMUNITY HOSPITAL*****XX*1275533226~
REF*1L*455716-056~
REF*CE*STRS PPO PLAN NET 03418~
DTM*232*20211231~
DTM*233*20211231~
DTM*050*20220115~
PER*CX**TE*8006240756~
AMT*AU*640~
SVC*HC>C9803>CS*120*30*0300*1~
DTM*472*20211231~
CAS*CO*45*90~
REF*6R*PXXP0101689487-1~
AMT*B6*30~
LQ*HE*N59~
SVC*HC>U0003*420*105*0300*1~
DTM*472*20211231~
CAS*CO*45*315~
REF*6R*PXXP0101689487-2~
AMT*B6*105~
LQ*HE*N59~
SVC*HC>U0005*100*25*0300*1~
DTM*472*20211231~
CAS*CO*45*75~
REF*6R*PXXP0101689487-3~
AMT*B6*25~
LQ*HE*N59~
SE*46*1747~
GE*3*1~
IEA*1*100358959~
