ISA*00*          *00*          *ZZ*133052274      *ZZ*XXXXXXXXXXXXXXX*220119*0250*^*00501*100358959*0*P*>~
GS*HP*133052274*XX*20220119*0250*1*X*005010X221A1~
ST*835*0489~
BPR*I*454.27*C*ACH*CCP*01*011900445*DA*0000009046*1066033492**01*043300738*DA*6004718711*20220124~
TRN*1*822019000288493*1066033492~
REF*EV*XXXXXXXXXXXXXXXXXXXXXXXXXXXXXX~
DTM*405*20220119~
N1*PR*AETNA~
N3*151 FARMINGTON AVENUE~
N4*HARTFORD*CT*06156~
REF*2U*60054~
PER*BL*Provider Service~
N1*PE*MILLCREEK COMMUNITY HOSPITAL*XX*1548263973~
N3*5515 PEACH ST~
N4*ERIE*PA*165092603~
REF*PQ*108814650~
REF*TJ*251002937~
LX*1~
TS3*1548263973*23*20221231*1*1009.49~
CLP*HAM67957*1*1009.49*454.27**13*EV36VFJ6W0000*13*1~
NM1*QC*1*MANISON*SHELLY*A~
NM1*IL*1*MANISON*JOHN*R***MI*W223180233~
NM1*82*2*MILLCREEK COMMUNITY HOSPITAL*****XX*1548263973~
REF*1L*0479178-025-00001-BL~
REF*CE*Aetna Choice  POS II NET 02152~
DTM*232*20211220~
DTM*233*20211220~
DTM*050*20211230~
PER*CX**TE*8886323862~
AMT*AU*1009.49~
SVC*HC>73560>TC>LT*212.44*95.6*0320*1~
DTM*472*20211220~
CAS*CO*45*116.84~
REF*6R*6MXP0001904949-1~
AMT*B6*95.6~
SVC*HC>99283>25*541*243.45*0450*1*HC>99284>25~
DTM*472*20211220~
CAS*CO*45*297.55~
REF*6R*6MXP0001904949-2~
AMT*B6*243.45~
SVC*HC>93971*256.05*115.22*0921*1~
DTM*472*20211220~
CAS*CO*45*140.83~
REF*6R*6MXP0001904949-3~
AMT*B6*115.22~
SE*44*0489~
GE*1*1~
IEA*1*100358959~
