ISA*00*          *00*          *ZZ*133052274      *ZZ*XXXXXXXXXXXXXXX*220119*0250*^*00501*100358959*0*P*>~
GS*HP*133052274*XX*20220119*0250*1*X*005010X221A1~
ST*835*1894~
BPR*I*4030.06*C*ACH*CCP*01*031100209*DA*0038865237*1066033492**01*074000010*DA*641879929*20220121~
TRN*1*160118220263005*1066033492~
REF*EV*XXXXXXXXXXXXXXXXXXXXXXXXXXXXXX~
DTM*405*20220119~
N1*PR*AETNA~
N3*151 FARMINGTON AVENUE~
N4*HARTFORD*CT*06156~
REF*2U*60054~
PER*BL*Provider Service~
N1*PE*METHODIST HOSPITAL INC*XX*1467504555~
N3*27383 NETWORK PLACE~
N4*CHICAGO*IL*60673~
REF*PQ*476140900~
REF*TJ*350868133~
LX*1~
TS3*1467504555*11*20221231*14*70285~
CLP*110198195600*22*-3843.5*-655.14**13*211004E101870003~
NM1*QC*1*SLACK*RUTH*L***MI*MEBMZVCJ~
NM1*82*2*METHODIST HOSPITAL INC*****XX*1467504555~
REF*1L*466916-116~
REF*CE*USS MEDICARE ESA PPO PLAN NET 02101~
DTM*232*20210927~
DTM*233*20210927~
DTM*050*20211004~
PER*CX**TE*8006240756~
SVC*NU>0250*-30*0**0**5~
DTM*472*20210927~
CAS*CO*97*-30*5~
LQ*HE*N130~
LQ*HE*N694~
SVC*NU>0258*-32.75*0**0**1~
DTM*472*20210927~
CAS*CO*97*-32.75*1~
LQ*HE*N130~
LQ*HE*N694~
SVC*NU>0270*-47*0**0**1~
DTM*472*20210927~
CAS*CO*97*-47*1~
LQ*HE*N130~
LQ*HE*N694~
SVC*NU>0272*-587*0**0**2~
DTM*472*20210927~
CAS*CO*97*-587*2~
LQ*HE*N130~
LQ*HE*N694~
SVC*HC>J2704*-49.75*0*0636*0**20~
DTM*472*20210927~
CAS*CO*97*-49.75*20~
LQ*HE*N130~
LQ*HE*N694~
SVC*HC>43239*-3097*-655.14*0750*1~
DTM*472*20210927~
CAS*CO*45*-2278.07~
CAS*PR*3*-163.79~
LQ*HE*N59~
LQ*HE*N694~
CLP*110201945900*1*31913.25*2277.74*40*13*211228E817520000*13*1~
NM1*QC*1*CRAYTON*SHARON*V***MI*MEBVQTFJ~
NM1*82*2*METHODIST HOSPITAL INC*****XX*1467504555~
REF*1L*467112-019~
REF*CE*MEDICARE (C02) ESA PPO PLAN NET 04149~
DTM*232*20211203~
DTM*233*20211205~
DTM*050*20211228~
PER*CX**TE*8006240756~
AMT*AU*2174~
SVC*NU>0250*21.25*0**0**2~
DTM*472*20211203~
CAS*CO*97*21.25*2~
REF*6R*MTXP0010114422-1~
LQ*HE*N130~
SVC*NU>0250*531.5*0**0**3~
DTM*472*20211204~
CAS*CO*97*531.5*3~
REF*6R*MTXP0010114422-2~
LQ*HE*N130~
SVC*NU>0255*646.75*0**0**100~
DTM*472*20211203~
CAS*CO*97*646.75*100~
REF*6R*MTXP0010114422-3~
LQ*HE*N130~
SVC*NU>0258*21*0**0**1~
DTM*472*20211203~
CAS*CO*97*21*1~
REF*6R*MTXP0010114422-4~
LQ*HE*N130~
SVC*NU>0258*42.25*0**0**1~
DTM*472*20211203~
CAS*CO*97*42.25*1~
REF*6R*MTXP0010114422-5~
LQ*HE*N130~
SVC*NU>0258*42.25*0**0**1~
DTM*472*20211204~
CAS*CO*97*42.25*1~
REF*6R*MTXP0010114422-6~
LQ*HE*N130~
SVC*HC>96365>59*546*0*0260*0**1~
DTM*472*20211203~
CAS*CO*97*546*1~
REF*6R*MTXP0010114422-7~
LQ*HE*N130~
SVC*HC>96375>59*262*0*0260*0**1~
DTM*472*20211203~
CAS*CO*97*262*1~
REF*6R*MTXP0010114422-8~
LQ*HE*N130~
SVC*HC>96376>59*262*0*0260*0**1~
DTM*472*20211203~
CAS*CO*97*262*1~
REF*6R*MTXP0010114422-9~
LQ*HE*N130~
SVC*NU>0272*114*0**0**1~
DTM*472*20211203~
CAS*CO*97*114*1~
REF*6R*MTXP0010114422-10~
LQ*HE*N130~
SVC*HC>0202U>GY*1679*0*0300*0**1~
DTM*472*20211203~
CAS*CO*96*1679*1~
REF*6R*MTXP0010114422-11~
LQ*HE*N115~
SVC*HC>36415*30*0*0300*0**1~
DTM*472*20211203~
CAS*CO*97*30*1~
REF*6R*MTXP0010114422-12~
LQ*HE*N130~
SVC*HC>36415*15*0*0300*0**1~
DTM*472*20211204~
CAS*CO*97*15*1~
REF*6R*MTXP0010114422-13~
LQ*HE*N130~
SVC*HC>36415*15*0*0300*0**1~
DTM*472*20211205~
CAS*CO*97*15*1~
REF*6R*MTXP0010114422-14~
LQ*HE*N130~
SVC*HC>86900*317*0*0300*0**1~
DTM*472*20211203~
CAS*CO*97*317*1~
REF*6R*MTXP0010114422-15~
LQ*HE*N130~
SVC*HC>86901*41*0*0300*0**1~
DTM*472*20211203~
CAS*CO*97*41*1~
REF*6R*MTXP0010114422-16~
LQ*HE*N130~
SVC*HC>80053*474*0*0301*0**1~
DTM*472*20211203~
CAS*CO*97*474*1~
REF*6R*MTXP0010114422-17~
LQ*HE*N130~
SVC*HC>80053*474*0*0301*0**1~
DTM*472*20211205~
CAS*CO*97*474*1~
REF*6R*MTXP0010114422-18~
LQ*HE*N130~
SVC*HC>82310*33*0*0301*0**1~
DTM*472*20211204~
CAS*CO*97*33*1~
REF*6R*MTXP0010114422-19~
LQ*HE*N130~
SVC*HC>82465*167*0*0301*1~
DTM*472*20211204~
CAS*CO*45*162.65~
CAS*PR*3*4.35~
REF*6R*MTXP0010114422-20~
AMT*B6*4.35~
SVC*HC>82533*337*0*0301*0**1~
DTM*472*20211204~
CAS*CO*97*337*1~
REF*6R*MTXP0010114422-21~
LQ*HE*N130~
SVC*HC>82550*102*0*0301*0**1~
DTM*472*20211203~
CAS*CO*97*102*1~
REF*6R*MTXP0010114422-22~
LQ*HE*N130~
SVC*HC>82550*102*0*0301*0**1~
DTM*472*20211204~
CAS*CO*97*102*1~
REF*6R*MTXP0010114422-23~
LQ*HE*N130~
SVC*HC>82947*82*0*0301*1~
DTM*472*20211204~
CAS*CO*45*78.07~
CAS*PR*3*3.93~
REF*6R*MTXP0010114422-24~
AMT*B6*3.93~
SVC*HC>82962*44*0*0301*0**1~
DTM*472*20211203~
CAS*CO*97*44*1~
REF*6R*MTXP0010114422-25~
LQ*HE*N130~
SVC*HC>83735*113*0*0301*0**1~
DTM*472*20211204~
CAS*CO*97*113*1~
REF*6R*MTXP0010114422-26~
LQ*HE*N130~
SVC*HC>83880*107*0*0301*0**1~
DTM*472*20211203~
CAS*CO*97*107*1~
REF*6R*MTXP0010114422-27~
LQ*HE*N130~
SVC*HC>84439*332*0*0301*0**1~
DTM*472*20211204~
CAS*CO*97*332*1~
REF*6R*MTXP0010114422-28~
LQ*HE*N130~
SVC*HC>84443*365*0*0301*0**1~
DTM*472*20211204~
CAS*CO*97*365*1~
REF*6R*MTXP0010114422-29~
LQ*HE*N130~
SVC*HC>84484*192*0*0301*0**1~
DTM*472*20211203~
CAS*CO*97*192*1~
REF*6R*MTXP0010114422-30~
LQ*HE*N130~
SVC*HC>84484>91*192*0*0301*0**1~
DTM*472*20211203~
CAS*CO*97*192*1~
REF*6R*MTXP0010114422-31~
LQ*HE*N130~
SVC*HC>84520*83*0*0301*0**1~
DTM*472*20211204~
CAS*CO*97*83*1~
REF*6R*MTXP0010114422-32~
LQ*HE*N130~
SVC*HC>86850*272*0*0302*0**1~
DTM*472*20211203~
CAS*CO*97*272*1~
REF*6R*MTXP0010114422-33~
LQ*HE*N130~
SVC*HC>85025*221*0*0305*0**1~
DTM*472*20211203~
CAS*CO*97*221*1~
REF*6R*MTXP0010114422-34~
LQ*HE*N130~
SVC*HC>85025*221*0*0305*0**1~
DTM*472*20211204~
CAS*CO*97*221*1~
REF*6R*MTXP0010114422-35~
LQ*HE*N130~
SVC*HC>85610*50*0*0305*0**1~
DTM*472*20211203~
CAS*CO*96*50*1~
REF*6R*MTXP0010114422-36~
LQ*HE*N115~
SVC*HC>85730*76*0*0305*0**1~
DTM*472*20211203~
CAS*CO*97*76*1~
REF*6R*MTXP0010114422-37~
LQ*HE*N130~
SVC*HC>71045*360*0*0324*0**1~
DTM*472*20211203~
CAS*CO*97*360*1~
REF*6R*MTXP0010114422-38~
LQ*HE*N130~
SVC*HC>70498*4853*0*0350*0**1~
DTM*472*20211203~
CAS*CO*97*4853*1~
REF*6R*MTXP0010114422-39~
LQ*HE*N130~
SVC*HC>70450*2679*0*0351*0**1~
DTM*472*20211203~
CAS*CO*231*2679*1~
REF*6R*MTXP0010114422-40~
LQ*HE*M15~
SVC*HC>70486*3113*0*0351*0**1~
DTM*472*20211203~
CAS*CO*97*3113*1~
REF*6R*MTXP0010114422-41~
LQ*HE*N130~
SVC*HC>70496*4437*0*0351*0**1~
DTM*472*20211203~
CAS*CO*97*4437*1~
REF*6R*MTXP0010114422-42~
LQ*HE*N130~
SVC*HC>99285>25>CS*1925*2277.74*0450*1~
DTM*472*20211203~
CAS*CO*45*-384.46~
CAS*PR*3*31.72~
REF*6R*MTXP0010114422-43~
AMT*B6*2309.46~
LQ*HE*N59~
SVC*HC>93306*2164*0*0483*0**1~
DTM*472*20211204~
CAS*CO*97*2164*1~
REF*6R*MTXP0010114422-44~
LQ*HE*N130~
SVC*HC>J2405*11.5*0*0636*0**4~
DTM*472*20211203~
CAS*CO*97*11.5*4~
REF*6R*MTXP0010114422-45~
LQ*HE*N130~
SVC*HC>J2405*11.25*0*0636*0**4~
DTM*472*20211203~
CAS*CO*97*11.25*4~
REF*6R*MTXP0010114422-46~
LQ*HE*N130~
SVC*HC>J2765*12.75*0*0636*0**1~
DTM*472*20211203~
CAS*CO*97*12.75*1~
REF*6R*MTXP0010114422-47~
LQ*HE*N130~
SVC*HC>A9270>GY*82.75*0*0637*0**6~
DTM*472*20211203~
CAS*PI*16*82.75*6~
REF*6R*MTXP0010114422-48~
LQ*HE*M49~
SVC*HC>A9270>GY*139.75*0*0637*0**7~
DTM*472*20211204~
CAS*PI*16*139.75*7~
REF*6R*MTXP0010114422-49~
LQ*HE*M49~
SVC*HC>A9270>GY*57.25*0*0637*0**3~
DTM*472*20211205~
CAS*PI*16*57.25*3~
REF*6R*MTXP0010114422-50~
LQ*HE*M49~
SVC*HC>93005*285*0*0730*0**1~
DTM*472*20211203~
CAS*CO*97*285*1~
REF*6R*MTXP0010114422-51~
LQ*HE*N130~
SVC*HC>G0378>CS*3157*0*0762*0**41~
DTM*472*20211203~
CAS*CO*97*3157*41~
REF*6R*MTXP0010114422-52~
LQ*HE*N130~
CLP*120379582111*1*7465*0**13*211230E764090001*12*1~
NM1*QC*1*ROMISCHER*JOHN*H***MI*MEBMZXQD~
NM1*82*2*METHODIST HOSPITAL INC*****XX*1467504555~
REF*G1*1199351~
REF*1L*466916-116~
REF*CE*USS MEDICARE ESA PPO PLAN NET 04149~
DTM*232*20210520~
DTM*233*20210609~
DTM*050*20211230~
PER*CX**TE*8006240756~
SVC*NU>0420*117*0**0*HC>97110>GP>59*1~
DTM*150*20210520~
DTM*151*20210609~
CAS*CO*97*117*1~
REF*6R*MTXP0010120550-100~
LQ*HE*M2~
SVC*NU>0420*117*0**0*HC>97110>GP*1~
DTM*150*20210520~
DTM*151*20210609~
CAS*CO*97*117*1~
REF*6R*MTXP0010120550-101~
LQ*HE*M2~
SVC*NU>0420*117*0**0*HC>97110>GP*1~
DTM*150*20210520~
DTM*151*20210609~
CAS*CO*97*117*1~
REF*6R*MTXP0010120550-102~
LQ*HE*M2~
SVC*NU>0420*117*0**0*HC>97110>GP*1~
DTM*150*20210520~
DTM*151*20210609~
CAS*CO*97*117*1~
REF*6R*MTXP0010120550-103~
LQ*HE*M2~
SVC*NU>0420*117*0**0*HC>97110>GP*1~
DTM*150*20210520~
DTM*151*20210609~
CAS*CO*97*117*1~
REF*6R*MTXP0010120550-104~
LQ*HE*M2~
SVC*NU>0420*117*0**0*HC>97110>GP*1~
DTM*150*20210520~
DTM*151*20210609~
CAS*CO*97*117*1~
REF*6R*MTXP0010120550-105~
LQ*HE*M2~
SVC*NU>0420*117*0**0*HC>97110>GP>59*1~
DTM*150*20210520~
DTM*151*20210609~
CAS*CO*97*117*1~
REF*6R*MTXP0010120550-106~
LQ*HE*M2~
SVC*NU>0420*117*0**0*HC>97110>GP>59*1~
DTM*150*20210520~
DTM*151*20210609~
CAS*CO*97*117*1~
REF*6R*MTXP0010120550-107~
LQ*HE*M2~
SVC*NU>0420*97*0**0*HC>97112>GP*1~
DTM*150*20210520~
DTM*151*20210609~
CAS*CO*97*97*1~
REF*6R*MTXP0010120550-108~
LQ*HE*M2~
SVC*NU>0420*97*0**0*HC>97112>GP*1~
DTM*150*20210520~
DTM*151*20210609~
CAS*CO*97*97*1~
REF*6R*MTXP0010120550-109~
LQ*HE*M2~
SVC*NU>0420*97*0**0*HC>97112>GP*1~
DTM*150*20210520~
DTM*151*20210609~
CAS*CO*97*97*1~
REF*6R*MTXP0010120550-110~
LQ*HE*M2~
SVC*NU>0420*97*0**0*HC>97112>GP*1~
DTM*150*20210520~
DTM*151*20210609~
CAS*CO*97*97*1~
REF*6R*MTXP0010120550-111~
LQ*HE*M2~
SVC*NU>0420*97*0**0*HC>97112>GP*1~
DTM*150*20210520~
DTM*151*20210609~
CAS*CO*97*97*1~
REF*6R*MTXP0010120550-112~
LQ*HE*M2~
SVC*NU>0420*97*0**0*HC>97112>GP>59*1~
DTM*150*20210520~
DTM*151*20210609~
CAS*CO*97*97*1~
REF*6R*MTXP0010120550-113~
LQ*HE*M2~
SVC*NU>0420*204*0**0*HC>97116>GP*2~
DTM*150*20210520~
DTM*151*20210609~
CAS*CO*97*204*2~
REF*6R*MTXP0010120550-114~
LQ*HE*M2~
SVC*NU>0420*102*0**0*HC>97116>GP*1~
DTM*150*20210520~
DTM*151*20210609~
CAS*CO*97*102*1~
REF*6R*MTXP0010120550-115~
LQ*HE*M2~
SVC*NU>0420*102*0**0*HC>97116>GP*1~
DTM*150*20210520~
DTM*151*20210609~
CAS*CO*97*102*1~
REF*6R*MTXP0010120550-116~
LQ*HE*M2~
SVC*NU>0420*102*0**0*HC>97116>GP*1~
DTM*150*20210520~
DTM*151*20210609~
CAS*CO*97*102*1~
REF*6R*MTXP0010120550-117~
LQ*HE*M2~
SVC*NU>0420*102*0**0*HC>97116>GP*1~
DTM*150*20210520~
DTM*151*20210609~
CAS*CO*97*102*1~
REF*6R*MTXP0010120550-118~
LQ*HE*M2~
SVC*NU>0420*102*0**0*HC>97116>GP*1~
DTM*150*20210520~
DTM*151*20210609~
CAS*CO*97*102*1~
REF*6R*MTXP0010120550-119~
LQ*HE*M2~
SVC*NU>0424*484*0**0*HC>97163>GP*2~
DTM*150*20210520~
DTM*151*20210609~
CAS*CO*97*484*2~
REF*6R*MTXP0010120550-120~
LQ*HE*M2~
SVC*NU>0430*113*0**0*HC>97110>GO*1~
DTM*150*20210520~
DTM*151*20210609~
CAS*CO*97*113*1~
REF*6R*MTXP0010120550-121~
LQ*HE*M2~
SVC*NU>0430*113*0**0*HC>97110>GO*1~
DTM*150*20210520~
DTM*151*20210609~
CAS*CO*97*113*1~
REF*6R*MTXP0010120550-122~
LQ*HE*M2~
SVC*NU>0430*113*0**0*HC>97110>GO*1~
DTM*150*20210520~
DTM*151*20210609~
CAS*CO*97*113*1~
REF*6R*MTXP0010120550-123~
LQ*HE*M2~
SVC*NU>0430*113*0**0*HC>97110>GO*1~
DTM*150*20210520~
DTM*151*20210609~
CAS*CO*97*113*1~
REF*6R*MTXP0010120550-124~
LQ*HE*M2~
SVC*NU>0430*113*0**0*HC>97110>GO>59*1~
DTM*150*20210520~
DTM*151*20210609~
CAS*CO*97*113*1~
REF*6R*MTXP0010120550-125~
LQ*HE*M2~
SVC*NU>0430*148*0**0*HC>97530>GO*1~
DTM*150*20210520~
DTM*151*20210609~
CAS*CO*97*148*1~
REF*6R*MTXP0010120550-126~
LQ*HE*M2~
SVC*NU>0430*148*0**0*HC>97530>GO*1~
DTM*150*20210520~
DTM*151*20210609~
CAS*CO*97*148*1~
REF*6R*MTXP0010120550-127~
LQ*HE*M2~
SVC*NU>0430*81*0**0*HC>97535>GO*1~
DTM*150*20210520~
DTM*151*20210609~
CAS*CO*97*81*1~
REF*6R*MTXP0010120550-128~
LQ*HE*M2~
SVC*NU>0430*81*0**0*HC>97535>GO*1~
DTM*150*20210520~
DTM*151*20210609~
CAS*CO*97*81*1~
REF*6R*MTXP0010120550-129~
LQ*HE*M2~
SVC*NU>0430*81*0**0*HC>97535>GO*1~
DTM*150*20210520~
DTM*151*20210609~
CAS*CO*97*81*1~
REF*6R*MTXP0010120550-130~
LQ*HE*M2~
SVC*NU>0430*81*0**0*HC>97535>GO>59*1~
DTM*150*20210520~
DTM*151*20210609~
CAS*CO*97*81*1~
REF*6R*MTXP0010120550-131~
LQ*HE*M2~
SVC*NU>0430*81*0**0*HC>97535>GO>59*1~
DTM*150*20210520~
DTM*151*20210609~
CAS*CO*97*81*1~
REF*6R*MTXP0010120550-132~
LQ*HE*M2~
SVC*NU>0434*235*0**0*HC>97166>GO*1~
DTM*150*20210520~
DTM*151*20210609~
CAS*CO*97*235*1~
REF*6R*MTXP0010120550-133~
LQ*HE*M2~
SVC*NU>0440*241*0**0*HC>92526>GN*1~
DTM*150*20210520~
DTM*151*20210609~
CAS*CO*97*241*1~
REF*6R*MTXP0010120550-134~
LQ*HE*M2~
SVC*NU>0440*241*0**0*HC>92526>GN*1~
DTM*150*20210520~
DTM*151*20210609~
CAS*CO*97*241*1~
REF*6R*MTXP0010120550-135~
LQ*HE*M2~
SVC*NU>0440*241*0**0*HC>92526>GN*1~
DTM*150*20210520~
DTM*151*20210609~
CAS*CO*97*241*1~
REF*6R*MTXP0010120550-136~
LQ*HE*M2~
SVC*NU>0440*241*0**0*HC>92526>GN*1~
DTM*150*20210520~
DTM*151*20210609~
CAS*CO*97*241*1~
REF*6R*MTXP0010120550-137~
LQ*HE*M2~
SVC*NU>0444*502*0**0*HC>92610>GN*1~
DTM*150*20210520~
DTM*151*20210609~
CAS*CO*97*502*1~
REF*6R*MTXP0010120550-138~
LQ*HE*M2~
SVC*NU>0460*83*0**0*HC>94760*1~
DTM*150*20210520~
DTM*151*20210609~
CAS*CO*97*83*1~
REF*6R*MTXP0010120550-139~
LQ*HE*M2~
SVC*NU>0460*83*0**0*HC>94760*1~
DTM*150*20210520~
DTM*151*20210609~
CAS*CO*97*83*1~
REF*6R*MTXP0010120550-140~
LQ*HE*M2~
SVC*NU>0460*83*0**0*HC>94760*1~
DTM*150*20210520~
DTM*151*20210609~
CAS*CO*97*83*1~
REF*6R*MTXP0010120550-141~
LQ*HE*M2~
SVC*NU>0710*1248*0**0**1~
DTM*150*20210520~
DTM*151*20210609~
CAS*CO*97*1248*1~
REF*6R*MTXP0010120550-142~
LQ*HE*M2~
SVC*NU>0730*285*0**0*HC>93005>59*1~
DTM*150*20210520~
DTM*151*20210609~
CAS*CO*97*285*1~
REF*6R*MTXP0010120550-143~
LQ*HE*M2~
CLP*110203050700*1*529.5*0**13*211230E968620000*13*1~
NM1*QC*1*DAVIS*DELLA****MI*MEBM026H~
NM1*82*2*METHODIST HOSPITAL INC*****XX*1467504555~
REF*1L*466916-116~
REF*CE*USS MEDICARE ESA PPO PLAN NET 04149~
DTM*232*20211224~
DTM*233*20211224~
DTM*050*20211230~
PER*CX**TE*8006240756~
SVC*NU>0250*9.5*0**0**1~
DTM*472*20211224~
CAS*PI*252*9.5*1~
REF*6R*MTXP0010121035-1~
LQ*HE*N391~
SVC*HC>99282>25*520*0*0450*0**1~
DTM*472*20211224~
CAS*PI*252*520*1~
REF*6R*MTXP0010121035-2~
LQ*HE*N391~
CLP*110203347200*22*-579*0**13*220106E596750001~
NM1*QC*1*BREWER*LENETTA****MI*MEBTVF6H~
NM1*82*2*METHODIST HOSPITAL INC*****XX*1467504555~
REF*1L*466559-035~
REF*CE*VALUE PPO NET 02101~
DTM*232*20211230~
DTM*233*20211230~
DTM*050*20220106~
PER*CX**TE*8006240756~
SVC*HC>77063>GA*-134*0*0403*0**1~
DTM*472*20211230~
CAS*PI*55*-134*1~
LQ*HE*N623~
LQ*HE*N694~
SVC*HC>77067>GA*-445*0*0403*0**1~
DTM*472*20211230~
CAS*CO*96*-445*1~
LQ*HE*N115~
LQ*HE*N694~
CLP*110198195603*1*6339.5*655.14*163.79*13*220114E195140000*13*7~
NM1*QC*1*SLACK*RUTH*L***MI*MEBMZVCJ~
NM1*82*2*METHODIST HOSPITAL INC*****XX*1467504555~
REF*1L*466916-116~
REF*CE*USS MEDICARE ESA PPO PLAN NET 04149~
DTM*232*20210927~
DTM*233*20210927~
DTM*050*20220114~
PER*CX**TE*8006240756~
AMT*AU*3097~
SVC*NU>0250*30*0**0**5~
DTM*472*20210927~
CAS*CO*97*30*5~
REF*6R*MTXP0010166618-1~
LQ*HE*MA67~
LQ*HE*N130~
SVC*NU>0258*32.75*0**0**1~
DTM*472*20210927~
CAS*CO*97*32.75*1~
REF*6R*MTXP0010166618-2~
LQ*HE*MA67~
LQ*HE*N130~
SVC*NU>0270*47*0**0**1~
DTM*472*20210927~
CAS*CO*97*47*1~
REF*6R*MTXP0010166618-3~
LQ*HE*MA67~
LQ*HE*N130~
SVC*NU>0272*587*0**0**2~
DTM*472*20210927~
CAS*CO*97*587*2~
REF*6R*MTXP0010166618-4~
LQ*HE*MA67~
LQ*HE*N130~
SVC*HC>88305*1692*0*0312*0**3~
DTM*472*20210927~
CAS*CO*97*1692*3~
REF*6R*MTXP0010166618-5~
LQ*HE*MA67~
LQ*HE*N130~
SVC*HC>88342*804*0*0312*0**2~
DTM*472*20210927~
CAS*CO*97*804*2~
REF*6R*MTXP0010166618-6~
LQ*HE*MA67~
LQ*HE*N130~
SVC*HC>J2704*49.75*0*0636*0**20~
DTM*472*20210927~
CAS*CO*97*49.75*20~
REF*6R*MTXP0010166618-7~
LQ*HE*MA67~
LQ*HE*N130~
SVC*HC>43239*3097*655.14*0750*1~
DTM*472*20210927~
CAS*CO*45*2278.07~
CAS*PR*2*163.79~
REF*6R*MTXP0010166618-8~
AMT*B6*818.93~
LQ*HE*N59~
CLP*120404014000*1*2016*64.56*14.63*13*220117E222130000*14*2~
NM1*QC*1*STOLTZ*ROBERT*A***MI*MEBMZT3R~
NM1*82*2*METHODIST HOSPITAL INC*****XX*1467504555~
REF*1L*466916-116~
REF*CE*USS MEDICARE ESA PPO PLAN NET 04149~
DTM*232*20211202~
DTM*233*20211209~
DTM*050*20220117~
PER*CX**TE*8006240756~
AMT*AU*2016~
SVC*HC>80053*474*8.45*0301*1~
DTM*472*20211202~
CAS*CO*45*463.44~
CAS*PR*2*2.11~
REF*6R*MTXP0010174133-4~
AMT*B6*10.56~
LQ*HE*N59~
SVC*HC>84443*365*13.44*0301*1~
DTM*472*20211202~
CAS*CO*45*348.2~
CAS*PR*2*3.36~
REF*6R*MTXP0010174133-6~
AMT*B6*16.8~
LQ*HE*N59~
SVC*HC>85025*221*6.22*0305*1~
DTM*472*20211202~
CAS*CO*45*213.23~
CAS*PR*2*1.55~
REF*6R*MTXP0010174133-7~
AMT*B6*7.77~
LQ*HE*N59~
SVC*HC>36415*15*3*0300*1~
DTM*472*20211202~
CAS*CO*45*12~
REF*6R*MTXP0010174133-1~
AMT*B6*3~
LQ*HE*N59~
SVC*HC>80048*487*6.77*0301*1~
DTM*472*20211209~
CAS*CO*45*478.54~
CAS*PR*2*1.69~
REF*6R*MTXP0010174133-3~
AMT*B6*8.46~
LQ*HE*N59~
SVC*HC>82306*439*23.68*0301*1~
DTM*472*20211209~
CAS*CO*45*409.4~
CAS*PR*2*5.92~
REF*6R*MTXP0010174133-5~
AMT*B6*29.6~
LQ*HE*N59~
SVC*HC>36415*15*3*0300*1~
DTM*472*20211209~
CAS*CO*45*12~
REF*6R*MTXP0010174133-2~
AMT*B6*3~
LQ*HE*N59~
CLP*120407183400*1*1561*53.45*5.61*13*220117E222140000*14*3~
NM1*QC*1*SEBERGER*NANCY****MI*MEBN63TH~
NM1*82*2*METHODIST HOSPITAL INC*****XX*1467504555~
REF*1L*467112-019~
REF*CE*MEDICARE (C02) ESA PPO PLAN NET 04149~
DTM*232*20211226~
DTM*233*20211226~
DTM*050*20220117~
PER*CX**TE*8006240756~
AMT*AU*1454~
SVC*HC>80053*474*9.5*0301*1~
DTM*472*20211226~
CAS*CO*45*463.44~
CAS*PR*2*1.06~
REF*6R*MTXP0010173345-2~
AMT*B6*10.56~
LQ*HE*N59~
SVC*HC>82728*128*12.27*0301*1~
DTM*472*20211226~
CAS*CO*45*114.37~
CAS*PR*2*1.36~
REF*6R*MTXP0010173345-3~
AMT*B6*13.63~
LQ*HE*N59~
SVC*HC>83615*156*5.44*0301*1~
DTM*472*20211226~
CAS*CO*45*149.96~
CAS*PR*2*.6~
REF*6R*MTXP0010173345-4~
AMT*B6*6.04~
LQ*HE*N59~
SVC*HC>83880*107*0*0301*0**1~
DTM*472*20211226~
CAS*CO*96*107*1~
REF*6R*MTXP0010173345-5~
LQ*HE*N115~
SVC*HC>86140*72*4.66*0302*1~
DTM*472*20211226~
CAS*CO*45*66.82~
CAS*PR*2*.52~
REF*6R*MTXP0010173345-6~
AMT*B6*5.18~
LQ*HE*N59~
SVC*HC>85025*221*6.99*0305*1~
DTM*472*20211226~
CAS*CO*45*213.23~
CAS*PR*2*.78~
REF*6R*MTXP0010173345-7~
AMT*B6*7.77~
LQ*HE*N59~
SVC*HC>85379*176*9.16*0305*1~
DTM*472*20211226~
CAS*CO*45*165.82~
CAS*PR*2*1.02~
REF*6R*MTXP0010173345-8~
AMT*B6*10.18~
LQ*HE*N59~
SVC*HC>85652*212*2.43*0305*1~
DTM*472*20211226~
CAS*CO*45*209.3~
CAS*PR*2*.27~
REF*6R*MTXP0010173345-9~
AMT*B6*2.7~
LQ*HE*N59~
SVC*HC>36415*15*3*0300*1~
DTM*472*20211226~
CAS*CO*45*12~
REF*6R*MTXP0010173345-1~
AMT*B6*3~
LQ*HE*N59~
CLP*120405036703*1*838*0**13*220117E243700000*14*3~
NM1*QC*1*GULVAS*EVELYN*T***MI*MEBPJ9GM~
NM1*82*2*METHODIST HOSPITAL INC*****XX*1467504555~
REF*1L*466851-462~
REF*CE*PREMIER MEDICAL PLAN NET 04149~
DTM*232*20211223~
DTM*233*20211224~
DTM*050*20220117~
PER*CX**TE*8006240756~
SVC*HC>80048*487*0*0301*0**1~
DTM*472*20211223~
CAS*OA*18*487*1~
REF*6R*MTXP0010173186-2~
LQ*HE*N522~
SVC*HC>36415*15*0*0300*0**1~
DTM*472*20211223~
CAS*OA*18*15*1~
REF*6R*MTXP0010173186-1~
LQ*HE*N522~
SVC*HC>87086*201*0*0306*0**1~
DTM*472*20211224~
CAS*OA*18*201*1~
REF*6R*MTXP0010173186-3~
LQ*HE*N522~
SVC*HC>81001*135*0*0307*0**1~
DTM*472*20211224~
CAS*OA*18*135*1~
REF*6R*MTXP0010173186-4~
LQ*HE*N522~
CLP*120402724600*1*135*3.17**13*220117E266810000*14*2~
NM1*QC*1*POTCHEN*GAIL*E***MI*MEBPLXZH~
NM1*82*2*METHODIST HOSPITAL INC*****XX*1467504555~
REF*1L*467112-019~
REF*CE*MEDICARE (C02) ESA PPO PLAN NET 04149~
DTM*232*20211120~
DTM*233*20211120~
DTM*050*20220117~
PER*CX**TE*8006240756~
AMT*AU*135~
SVC*HC>81001*135*3.17*0307*1~
DTM*472*20211120~
CAS*CO*45*131.83~
REF*6R*MTXP0010173353-1~
AMT*B6*3.17~
LQ*HE*N59~
CLP*120405036704*1*2773*84.32**13*220117E266820000*14*3~
NM1*QC*1*GULVAS*EVELYN*T***MI*MEBPJ9GM~
NM1*82*2*METHODIST HOSPITAL INC*****XX*1467504555~
REF*1L*466851-462~
REF*CE*PREMIER MEDICAL PLAN NET 04149~
DTM*232*20211210~
DTM*233*20211216~
DTM*050*20220117~
PER*CX**TE*8006240756~
AMT*AU*2133~
SVC*HC>80053*474*10.56*0301*1~
DTM*472*20211210~
CAS*CO*45*463.44~
REF*6R*MTXP0010173187-4~
AMT*B6*10.56~
LQ*HE*N59~
SVC*HC>82306>GZ*439*0*0301*0**1~
DTM*472*20211210~
CAS*CO*96*439*1~
REF*6R*MTXP0010173187-5~
LQ*HE*N115~
SVC*HC>83615*156*6.04*0301*1~
DTM*472*20211210~
CAS*CO*45*149.96~
REF*6R*MTXP0010173187-6~
AMT*B6*6.04~
LQ*HE*N59~
SVC*HC>84145*201*0*0301*0**1~
DTM*472*20211210~
CAS*CO*55*201*1~
REF*6R*MTXP0010173187-8~
LQ*HE*N623~
SVC*HC>86141*193*12.95*0302*1~
DTM*472*20211210~
CAS*CO*45*180.05~
REF*6R*MTXP0010173187-9~
AMT*B6*12.95~
LQ*HE*N59~
SVC*HC>85025*221*7.77*0305*1~
DTM*472*20211210~
CAS*CO*45*213.23~
REF*6R*MTXP0010173187-10~
AMT*B6*7.77~
LQ*HE*N59~
SVC*HC>85379*176*10.18*0305*1~
DTM*472*20211210~
CAS*CO*45*165.82~
REF*6R*MTXP0010173187-12~
AMT*B6*10.18~
LQ*HE*N59~
SVC*HC>36415*15*3*0300*1~
DTM*472*20211210~
CAS*CO*45*12~
REF*6R*MTXP0010173187-1~
AMT*B6*3~
LQ*HE*N59~
SVC*HC>80048*487*8.46*0301*1~
DTM*472*20211216~
CAS*CO*45*478.54~
REF*6R*MTXP0010173187-3~
AMT*B6*8.46~
LQ*HE*N59~
SVC*HC>84134*175*14.59*0301*1~
DTM*472*20211216~
CAS*CO*45*160.41~
REF*6R*MTXP0010173187-7~
AMT*B6*14.59~
LQ*HE*N59~
SVC*HC>85025*221*7.77*0305*1~
DTM*472*20211216~
CAS*CO*45*213.23~
REF*6R*MTXP0010173187-11~
AMT*B6*7.77~
LQ*HE*N59~
SVC*HC>36415*15*3*0300*1~
DTM*472*20211216~
CAS*CO*45*12~
REF*6R*MTXP0010173187-2~
AMT*B6*3~
LQ*HE*N59~
CLP*110203347201*1*579*109.76**13*220117E289620000*13*7~
NM1*QC*1*BREWER*LENETTA****MI*MEBTVF6H~
NM1*82*2*METHODIST HOSPITAL INC*****XX*1467504555~
REF*1L*466559-035~
REF*CE*VALUE PPO NET 04149~
DTM*232*20211230~
DTM*233*20211230~
DTM*050*20220117~
PER*CX**TE*8006240756~
AMT*AU*579~
SVC*HC>77063>GA*134*22.92*0403*1~
DTM*472*20211230~
CAS*CO*45*111.08~
REF*6R*MTXP0010175005-1~
AMT*B6*22.92~
LQ*HE*N59~
SVC*HC>77067>GA*445*86.84*0403*1~
DTM*472*20211230~
CAS*CO*45*358.16~
REF*6R*MTXP0010175005-2~
AMT*B6*86.84~
LQ*HE*N59~
CLP*120404463200*1*2866*81.12**13*220117E289630000*13*3~
NM1*QC*1*ADAMS*FRANCES*C***MI*MEBMZ3FF~
NM1*82*2*METHODIST HOSPITAL INC*****XX*1467504555~
REF*1L*466916-116~
REF*CE*USS MEDICARE ESA PPO PLAN NET 04149~
DTM*232*20211206~
DTM*233*20211228~
DTM*050*20220117~
PER*CX**TE*8006240756~
AMT*AU*2866~
SVC*HC>80053*474*10.56*0301*1~
DTM*472*20211206~
CAS*CO*45*463.44~
REF*6R*MTXP0010173032-7~
AMT*B6*10.56~
LQ*HE*N59~
SVC*HC>85025*221*7.77*0305*1~
DTM*472*20211206~
CAS*CO*45*213.23~
REF*6R*MTXP0010173032-9~
AMT*B6*7.77~
LQ*HE*N59~
SVC*HC>36415*15*3*0300*1~
DTM*472*20211206~
CAS*CO*45*12~
REF*6R*MTXP0010173032-1~
AMT*B6*3~
LQ*HE*N59~
SVC*HC>80048*487*8.46*0301*1~
DTM*472*20211214~
CAS*CO*45*478.54~
REF*6R*MTXP0010173032-5~
AMT*B6*8.46~
LQ*HE*N59~
SVC*HC>85025*221*7.77*0305*1~
DTM*472*20211214~
CAS*CO*45*213.23~
REF*6R*MTXP0010173032-10~
AMT*B6*7.77~
LQ*HE*N59~
SVC*HC>36415*15*3*0300*1~
DTM*472*20211214~
CAS*CO*45*12~
REF*6R*MTXP0010173032-2~
AMT*B6*3~
LQ*HE*N59~
SVC*HC>80048*487*8.46*0301*1~
DTM*472*20211221~
CAS*CO*45*478.54~
REF*6R*MTXP0010173032-6~
AMT*B6*8.46~
LQ*HE*N59~
SVC*HC>85025*221*7.77*0305*1~
DTM*472*20211221~
CAS*CO*45*213.23~
REF*6R*MTXP0010173032-11~
AMT*B6*7.77~
LQ*HE*N59~
SVC*HC>36415*15*3*0300*1~
DTM*472*20211221~
CAS*CO*45*12~
REF*6R*MTXP0010173032-3~
AMT*B6*3~
LQ*HE*N59~
SVC*HC>80053*474*10.56*0301*1~
DTM*472*20211228~
CAS*CO*45*463.44~
REF*6R*MTXP0010173032-8~
AMT*B6*10.56~
LQ*HE*N59~
SVC*HC>85025*221*7.77*0305*1~
DTM*472*20211228~
CAS*CO*45*213.23~
REF*6R*MTXP0010173032-12~
AMT*B6*7.77~
LQ*HE*N59~
SVC*HC>36415*15*3*0300*1~
DTM*472*20211228~
CAS*CO*45*12~
REF*6R*MTXP0010173032-4~
AMT*B6*3~
LQ*HE*N59~
CLP*120407943301*1*17692.25*1355.94**13*220117E312560000*13*1~
NM1*QC*1*NAWROCKI*HELEN****MI*MEBPKZMW~
NM1*82*2*METHODIST HOSPITAL INC*****XX*1467504555~
REF*1L*467112-019~
REF*CE*MEDICARE (C02) ESA PPO PLAN NET 04149~
DTM*232*20211231~
DTM*233*20211231~
DTM*050*20220117~
PER*CX**TE*8006240756~
AMT*AU*10613~
SVC*NU>0250*21.25*0**0**2~
DTM*472*20211231~
CAS*CO*97*21.25*2~
REF*6R*MTXP0010174088-1~
LQ*HE*N130~
SVC*NU>0255*582.75*0**0**100~
DTM*472*20211231~
CAS*CO*97*582.75*100~
REF*6R*MTXP0010174088-2~
LQ*HE*N130~
SVC*HC>96374>59*262*205.84*0260*1~
DTM*472*20211231~
CAS*CO*45*56.16~
REF*6R*MTXP0010174088-3~
AMT*B6*205.84~
LQ*HE*N59~
SVC*HC>96372>59*242*0*0260*0**2~
DTM*472*20211231~
CAS*CO*97*242*2~
REF*6R*MTXP0010174088-4~
LQ*HE*N130~
SVC*NU>0272*228*0**0**2~
DTM*472*20211231~
CAS*CO*97*228*2~
REF*6R*MTXP0010174088-5~
LQ*HE*N130~
SVC*HC>36415*30*0*0300*0**1~
DTM*472*20211231~
CAS*CO*97*30*1~
REF*6R*MTXP0010174088-6~
LQ*HE*N130~
SVC*HC>C9803>CS*63*0*0300*0**1~
DTM*472*20211231~
CAS*CO*97*63*1~
REF*6R*MTXP0010174088-7~
LQ*HE*N130~
SVC*HC>U0003*212*75*0300*1~
DTM*472*20211231~
CAS*CO*45*137~
REF*6R*MTXP0010174088-8~
AMT*B6*75~
LQ*HE*N59~
SVC*HC>80048*487*0*0301*0**1~
DTM*472*20211231~
CAS*CO*97*487*1~
REF*6R*MTXP0010174088-9~
LQ*HE*N130~
SVC*HC>80076*390*0*0301*0**1~
DTM*472*20211231~
CAS*CO*97*390*1~
REF*6R*MTXP0010174088-10~
LQ*HE*N130~
SVC*HC>83690*204*0*0301*0**1~
DTM*472*20211231~
CAS*CO*97*204*1~
REF*6R*MTXP0010174088-11~
LQ*HE*N130~
SVC*HC>84484*192*0*0301*0**1~
DTM*472*20211231~
CAS*CO*97*192*1~
REF*6R*MTXP0010174088-12~
LQ*HE*N130~
SVC*HC>84484>91*192*0*0301*0**1~
DTM*472*20211231~
CAS*CO*97*192*1~
REF*6R*MTXP0010174088-13~
LQ*HE*N130~
SVC*HC>85025*221*0*0305*0**1~
DTM*472*20211231~
CAS*CO*97*221*1~
REF*6R*MTXP0010174088-14~
LQ*HE*N130~
SVC*HC>U0005*75*25*0306*1~
DTM*472*20211231~
CAS*CO*45*50~
REF*6R*MTXP0010174088-15~
AMT*B6*25~
LQ*HE*N59~
SVC*HC>71045*360*81.83*0324*1~
DTM*472*20211231~
CAS*CO*45*278.17~
REF*6R*MTXP0010174088-16~
AMT*B6*81.83~
LQ*HE*N59~
SVC*HC>74177*7779*440.14*0350*1~
DTM*472*20211231~
CAS*CO*45*7338.86~
REF*6R*MTXP0010174088-17~
AMT*B6*440.14~
LQ*HE*N59~
SVC*HC>71260*3366*0*0352*0**1~
DTM*472*20211231~
CAS*CO*97*3366*1~
REF*6R*MTXP0010174088-18~
LQ*HE*N130~
SVC*HC>99285>25>CS*1925*528.13*0450*1~
DTM*472*20211231~
CAS*CO*45*1396.87~
REF*6R*MTXP0010174088-19~
AMT*B6*528.13~
LQ*HE*N59~
SVC*HC>J2405*8*0*0636*0**4~
DTM*472*20211231~
CAS*CO*97*8*4~
REF*6R*MTXP0010174088-20~
LQ*HE*N130~
SVC*HC>J2930*78*0*0636*0**1~
DTM*472*20211231~
CAS*CO*97*78*1~
REF*6R*MTXP0010174088-21~
LQ*HE*N130~
SVC*HC>J3010*20.5*0*0636*0**1~
DTM*472*20211231~
CAS*CO*97*20.5*1~
REF*6R*MTXP0010174088-22~
LQ*HE*N130~
SVC*HC>A9270>GY*6.75*0*0637*0**1~
DTM*472*20211231~
CAS*PI*16*6.75*1~
REF*6R*MTXP0010174088-23~
LQ*HE*M49~
SVC*HC>93005*285*0*0730*0**1~
DTM*472*20211231~
CAS*CO*97*285*1~
REF*6R*MTXP0010174088-24~
LQ*HE*N130~
SVC*HC>G0378>CS*462*0*0762*0**6~
DTM*472*20211231~
CAS*CO*97*462*6~
REF*6R*MTXP0010174088-25~
LQ*HE*N130~
SE*1200*1894~
GE*1*1~
IEA*1*100358959~
