ISA*00*          *00*          *ZZ*133052274      *ZZ*XXXXXXXXXXXXXXX*220119*0250*^*00501*100358959*0*P*>~GS*HP*133052274*XX*20220119*0250*1*X*005010X221A1~ST*835*0780~BPR*H*0*C*NON************20220119~TRN*1*922019000348092*1066033492~REF*EV*XXXXXXXXXXXXXXXXXXXXXXXXXXXXXX~DTM*405*20220119~N1*PR*AETNA~N3*151 FARMINGTON AVENUE~N4*HARTFORD*CT*06156~REF*2U*60054~PER*BL*Provider Service~N1*PE*UPPER VALLEY MEDICAL CENTER*XX*1639255755~N3*PO BOX 932711~N4*CLEVELAND*OH*441930015~REF*PQ*973647000~REF*TJ*310537095~LX*1~TS3*1184638942*21*20221231*1*5593.49~CLP*60210155400*1*5593.49*0**13*PFY1WNV6M0003~NM1*QC*1*KIDDER*DENNIS****MI*257143357~NM1*82*2*UPPER VALLEY MEDICAL CENTER*****XX*1184638942~REF*G1*059495567~REF*1L*0141889-011-00001-CC~REF*CE*Aetna Choice  POS II NET 01559~DTM*232*20210806~DTM*233*20210807~DTM*050*20211214~PER*CX**TE*8886323862~AMT*AU*5593.49~SVC*NU>0111*3444*0**0**1~DTM*472*20210806~CAS*CO*226*3444*1~AMT*B6*3444~LQ*HE*M127~SVC*NU>0300*42*0**0**2~DTM*150*20210806~DTM*151*20210807~CAS*CO*226*42*2~AMT*B6*42~LQ*HE*M127~SVC*NU>0301*132*0**0**2~DTM*150*20210806~DTM*151*20210807~CAS*CO*226*132*2~AMT*B6*132~LQ*HE*M127~SVC*NU>0305*86*0**0**1~DTM*150*20210806~DTM*151*20210807~CAS*CO*226*86*1~AMT*B6*86~LQ*HE*M127~SVC*NU>0410*635*0**0**3~DTM*150*20210806~DTM*151*20210807~CAS*CO*226*635*3~AMT*B6*635~LQ*HE*M127~SVC*NU>0636*136.46*0**0**16~DTM*150*20210806~DTM*151*20210807~CAS*CO*226*136.46*16~AMT*B6*136.46~LQ*HE*M127~SVC*NU>0637*1118.03*0**0**36~DTM*150*20210806~DTM*151*20210807~CAS*CO*226*1118.03*36~AMT*B6*1118.03~LQ*HE*M127~SE*70*0780~ST*835*0781~BPR*H*0*C*NON************20220119~TRN*1*922019000348090*1066033492~REF*EV*XXXXXXXXXXXXXXXXXXXXXXXXXXXXXX~DTM*405*20220119~N1*PR*AETNA~N3*151 FARMINGTON AVENUE~N4*HARTFORD*CT*06156~REF*2U*60054~PER*BL*Provider Service~N1*PE*UPPER VALLEY MEDICAL CENTER*XX*1639255755~N3*PO BOX 932711~N4*CLEVELAND*OH*441930015~REF*PQ*973647000~REF*TJ*310537095~LX*1~TS3*1184638942*22*20221231*1*39.2~CLP*321-817*1*39.2*0*16.97*13*PDPCSB2TG0000~NM1*QC*1*PELTIER*ALEX*G***MI*266865647~NM1*82*2*UPPER VALLEY MEDICAL CENTER*****XX*1184638942~REF*1L*0149829-010-00001- A~REF*CE*Aetna Open Access  Managed Choice NET 08622~DTM*232*20210927~DTM*233*20210927~DTM*050*20211217~PER*CX**TE*8886323862~AMT*AU*39.2~SVC*NU>0250*39.2*0**100~DTM*472*20210927~CAS*CO*45*22.23~CAS*PR*1*16.97~AMT*B6*16.97~SE*33*0781~ST*835*1071~BPR*I*17612.5*C*ACH*CCP*01*031100209*DA*0038865237*1066033492**01*041000124*DA*4007801378*20220121~TRN*1*160118220237880*1066033492~REF*EV*XXXXXXXXXXXXXXXXXXXXXXXXXXXXXX~DTM*405*20220119~N1*PR*AETNA~N3*151 FARMINGTON AVENUE~N4*HARTFORD*CT*06156~REF*2U*60054~PER*BL*Provider Service~N1*PE*UPPER VALLEY MEDICAL CENTER*XX*1184638942~N3*PO BOX 932711~N4*CLEVELAND*OH*44193~REF*PQ*973647000~REF*TJ*310537095~LX*1~TS3*1184638942*11*20221231*12*100438.26~CLP*60206701900*22*-13397.99*0**13*210528E769240003~NM1*QC*1*RHOADES*SHIRLEY*A***MI*MEBR5SZM~NM1*82*2*UPPER VALLEY MEDICAL CENTER*****XX*1184638942~REF*G1*1221077~REF*1L*467096-008~REF*CE*VALUE PPO NET 02101~DTM*232*20210523~DTM*233*20210524~DTM*050*20210528~PER*CX**TE*8006240756~SVC*NU>0480*-2629*0**0**1~DTM*150*20210523~DTM*151*20210524~CAS*CO*150*-2629*1~LQ*HE*N640~LQ*HE*N694~SVC*NU>0111*-3444*0**0**1~DTM*150*20210523~DTM*151*20210524~CAS*CO*150*-3444*1~LQ*HE*N640~LQ*HE*N694~SVC*NU>0450*-5298*0**0**2~DTM*150*20210523~DTM*151*20210524~CAS*CO*150*-5298*2~LQ*HE*N640~LQ*HE*N694~SVC*NU>0250*-50.99*0**0**13~DTM*150*20210523~DTM*151*20210524~CAS*CO*150*-50.99*13~LQ*HE*N640~LQ*HE*N694~SVC*NU>0258*-14*0**0**2~DTM*150*20210523~DTM*151*20210524~CAS*CO*150*-14*2~LQ*HE*N640~LQ*HE*N694~SVC*NU>0300*-42*0**0**2~DTM*150*20210523~DTM*151*20210524~CAS*CO*150*-42*2~LQ*HE*N640~LQ*HE*N694~SVC*NU>0301*-768*0**0**7~DTM*150*20210523~DTM*151*20210524~CAS*CO*150*-768*7~LQ*HE*N640~LQ*HE*N694~SVC*NU>0305*-158*0**0**2~DTM*150*20210523~DTM*151*20210524~CAS*CO*150*-158*2~LQ*HE*N640~LQ*HE*N694~SVC*NU>0324*-556*0**0**1~DTM*150*20210523~DTM*151*20210524~CAS*CO*150*-556*1~LQ*HE*N640~LQ*HE*N694~SVC*NU>0730*-438*0**0**1~DTM*150*20210523~DTM*151*20210524~CAS*CO*150*-438*1~LQ*HE*N640~LQ*HE*N694~CLP*60220484003*1*4318.75*869.32*30*13*220105E016010000*13*1~NM1*QC*1*BARNHART*SHIRLEY*A***MI*MEBFB55Y~NM1*82*2*UPPER VALLEY MEDICAL CENTER*****XX*1184638942~REF*1L*466235-005~REF*CE*SERS PPO PLAN NET 03418~DTM*232*20211222~DTM*233*20211222~DTM*050*20220105~PER*CX**TE*8006240756~AMT*AU*2434~SVC*HC>P9040*1822*521.1*0390*2~DTM*472*20211222~CAS*CO*45*1300.9~REF*6R*UWXP0034871864-3~AMT*B6*521.1~LQ*HE*N59~SVC*HC>86902*462*0*0300*0**1~DTM*472*20211222~CAS*CO*97*462*1~REF*6R*UWXP0034871864-1~LQ*HE*N130~SVC*HC>86902>91*1386*0*0300*0**3~DTM*472*20211222~CAS*CO*97*1386*3~REF*6R*UWXP0034871864-2~LQ*HE*N130~SVC*HC>36430*612*348.22*0391*1~DTM*472*20211222~CAS*CO*45*233.78~CAS*PR*3*30~REF*6R*UWXP0034871864-4~AMT*B6*378.22~LQ*HE*N59~SVC*HC>J1642*7*0*0636*0**50~DTM*472*20211222~CAS*CO*97*7*50~REF*6R*UWXP0034871864-5~LQ*HE*N130~SVC*HC>J7040*29.75*0*0636*0**1~DTM*472*20211222~CAS*CO*97*29.75*1~REF*6R*UWXP0034871864-6~LQ*HE*N130~CLP*60220484000*1*3975.75*608.77*30*13*220105E099230000*13*1~NM1*QC*1*BARNHART*SHIRLEY*A***MI*MEBFB55Y~NM1*82*2*UPPER VALLEY MEDICAL CENTER*****XX*1184638942~REF*1L*466235-005~REF*CE*SERS PPO PLAN NET 03418~DTM*232*20211201~DTM*233*20211201~DTM*050*20220105~PER*CX**TE*8006240756~AMT*AU*1523~SVC*HC>P9040*911*260.55*0390*1~DTM*472*20211201~CAS*CO*45*650.45~REF*6R*UWXP0034871861-7~AMT*B6*260.55~LQ*HE*N59~SVC*HC>86902*462*0*0300*0**1~DTM*472*20211201~CAS*CO*97*462*1~REF*6R*UWXP0034871861-1~LQ*HE*N130~SVC*HC>86902>91*462*0*0300*0**1~DTM*472*20211201~CAS*CO*97*462*1~REF*6R*UWXP0034871861-2~LQ*HE*N130~SVC*HC>86920*373*0*0300*0**1~DTM*472*20211201~CAS*CO*97*373*1~REF*6R*UWXP0034871861-3~LQ*HE*N130~SVC*HC>86920>91*373*0*0300*0**1~DTM*472*20211201~CAS*CO*97*373*1~REF*6R*UWXP0034871861-4~LQ*HE*N130~SVC*HC>86922*373*0*0300*0**1~DTM*472*20211201~CAS*CO*97*373*1~REF*6R*UWXP0034871861-5~LQ*HE*N130~SVC*HC>86922>91*373*0*0300*0**1~DTM*472*20211201~CAS*CO*97*373*1~REF*6R*UWXP0034871861-6~LQ*HE*N130~SVC*HC>36430*612*348.22*0391*1~DTM*472*20211201~CAS*CO*45*233.78~CAS*PR*3*30~REF*6R*UWXP0034871861-8~AMT*B6*378.22~LQ*HE*N59~SVC*HC>J1642*7*0*0636*0**50~DTM*472*20211201~CAS*CO*97*7*50~REF*6R*UWXP0034871861-9~LQ*HE*N130~SVC*HC>J7040*29.75*0*0636*0**1~DTM*472*20211201~CAS*CO*97*29.75*1~REF*6R*UWXP0034871861-10~LQ*HE*N130~CLP*60220484001*1*2483.75*608.77*30*13*220105E266470000*13*1~NM1*QC*1*BARNHART*SHIRLEY*A***MI*MEBFB55Y~NM1*82*2*UPPER VALLEY MEDICAL CENTER*****XX*1184638942~REF*1L*466235-005~REF*CE*SERS PPO PLAN NET 03418~DTM*232*20211202~DTM*233*20211202~DTM*050*20220105~PER*CX**TE*8006240756~AMT*AU*1523~SVC*HC>P9040*911*260.55*0390*1~DTM*472*20211202~CAS*CO*45*650.45~REF*6R*UWXP0034871862-3~AMT*B6*260.55~LQ*HE*N59~SVC*HC>86902*462*0*0300*0**1~DTM*472*20211202~CAS*CO*97*462*1~REF*6R*UWXP0034871862-1~LQ*HE*N130~SVC*HC>86902>91*462*0*0300*0**1~DTM*472*20211202~CAS*CO*97*462*1~REF*6R*UWXP0034871862-2~LQ*HE*N130~SVC*HC>36430*612*348.22*0391*1~DTM*472*20211202~CAS*CO*45*233.78~CAS*PR*3*30~REF*6R*UWXP0034871862-4~AMT*B6*378.22~LQ*HE*N59~SVC*HC>J1642*7*0*0636*0**50~DTM*472*20211202~CAS*CO*97*7*50~REF*6R*UWXP0034871862-5~LQ*HE*N130~SVC*HC>J7040*29.75*0*0636*0**1~DTM*472*20211202~CAS*CO*97*29.75*1~REF*6R*UWXP0034871862-6~LQ*HE*N130~CLP*60211520607*1*11257*1243.96**13*220111E195360000*13*7~NM1*QC*1*THOMA*JOSEPH*A**III*MI*MEBLB6FX~NM1*82*2*UPPER VALLEY MEDICAL CENTER*****XX*1184638942~REF*1L*455716-132~REF*CE*STRS PPO PLAN NET 03418~DTM*232*20210809~DTM*233*20210809~DTM*050*20220111~PER*CX**TE*8006240756~AMT*AU*6749~SVC*NU>0272*7*0**0**1~DTM*472*20210809~CAS*CO*97*7*1~REF*6R*UWXP0034910811-1~LQ*HE*MA67~LQ*HE*N130~SVC*HC>78804*6749*1243.96*0341*1~DTM*472*20210809~CAS*CO*45*5505.04~REF*6R*UWXP0034910811-2~AMT*B6*1243.96~LQ*HE*N59~SVC*HC>A9572*4501*0*0343*0**1~DTM*472*20210809~CAS*CO*97*4501*1~REF*6R*UWXP0034910811-3~LQ*HE*MA67~LQ*HE*N130~CLP*60221448500*1*34854.32*7141.59**13*220113E132890000*11*1**372*1.0293~NM1*QC*1*WOODS*SAMUEL*S***MI*MEBJ8CSY~NM1*82*2*UPPER VALLEY MEDICAL CENTER*****XX*1184638942~REF*G1*2932508~REF*1L*466235-005~REF*CE*SERS PPO PLAN NET 03418~DTM*232*20211211~DTM*233*20211217~DTM*050*20220113~PER*CX**TE*8006240756~AMT*AU*20664~SVC*NU>0111*20664*7141.59**6~DTM*150*20211211~DTM*151*20211217~CAS*CO*45*13522.41~REF*6R*UWXP0034931413-1~AMT*B6*7141.59~SVC*NU>0272*70*0**0**10~DTM*150*20211211~DTM*151*20211217~CAS*CO*97*70*10~REF*6R*UWXP0034931413-4~LQ*HE*M2~SVC*NU>0450*5145*0**0**1~DTM*150*20211211~DTM*151*20211217~CAS*CO*97*5145*1~REF*6R*UWXP0034931413-13~LQ*HE*M2~SVC*NU>0250*324.52*0**0**67~DTM*150*20211211~DTM*151*20211217~CAS*CO*97*324.52*67~REF*6R*UWXP0034931413-2~LQ*HE*M2~SVC*NU>0258*29.75*0**0**1~DTM*150*20211211~DTM*151*20211217~CAS*CO*97*29.75*1~REF*6R*UWXP0034931413-3~LQ*HE*M2~SVC*NU>0300*208*0**0**8~DTM*150*20211211~DTM*151*20211217~CAS*CO*97*208*8~REF*6R*UWXP0034931413-5~LQ*HE*M2~SVC*NU>0301*903*0**0**13~DTM*150*20211211~DTM*151*20211217~CAS*CO*97*903*13~REF*6R*UWXP0034931413-6~LQ*HE*M2~SVC*NU>0305*629*0**0**9~DTM*150*20211211~DTM*151*20211217~CAS*CO*97*629*9~REF*6R*UWXP0034931413-7~LQ*HE*M2~SVC*NU>0306*443*0**0**7~DTM*150*20211211~DTM*151*20211217~CAS*CO*97*443*7~REF*6R*UWXP0034931413-8~LQ*HE*M2~SVC*NU>0307*28*0**0**1~DTM*150*20211211~DTM*151*20211217~CAS*CO*97*28*1~REF*6R*UWXP0034931413-9~LQ*HE*M2~SVC*NU>0310*329*0**0**1~DTM*150*20211211~DTM*151*20211217~CAS*CO*97*329*1~REF*6R*UWXP0034931413-10~LQ*HE*M2~SVC*NU>0324*556*0**0**1~DTM*150*20211211~DTM*151*20211217~CAS*CO*97*556*1~REF*6R*UWXP0034931413-11~LQ*HE*M2~SVC*NU>0352*1487*0**0**1~DTM*150*20211211~DTM*151*20211217~CAS*CO*97*1487*1~REF*6R*UWXP0034931413-12~LQ*HE*M2~SVC*NU>0730*438*0**0**1~DTM*150*20211211~DTM*151*20211217~CAS*CO*97*438*1~REF*6R*UWXP0034931413-14~LQ*HE*M2~SVC*NU>0750*3600.05*0**0**1~DTM*150*20211211~DTM*151*20211217~CAS*CO*97*3600.05*1~REF*6R*UWXP0034931413-15~LQ*HE*M2~CLP*60206701904*1*13173.99*2084.8*90*13*220113E132900000*13*7~NM1*QC*1*RHOADES*SHIRLEY*A***MI*MEBR5SZM~NM1*82*2*UPPER VALLEY MEDICAL CENTER*****XX*1184638942~REF*1L*467096-008~REF*CE*VALUE PPO NET 03418~DTM*232*20210523~DTM*233*20210524~DTM*050*20220113~PER*CX**TE*8006240756~AMT*AU*5145~SVC*NU>0250*1.15*0**0**1~DTM*150*20210523~DTM*151*20210524~CAS*CO*97*1.15*1~REF*6R*UWXP0034919784-1~LQ*HE*MA67~LQ*HE*N130~SVC*NU>0258*7*0**0**1~DTM*472*20210523~CAS*CO*97*7*1~REF*6R*UWXP0034919784-2~LQ*HE*MA67~LQ*HE*N130~SVC*NU>0258*7*0**0**1~DTM*472*20210524~CAS*CO*97*7*1~REF*6R*UWXP0034919784-3~LQ*HE*MA67~LQ*HE*N130~SVC*HC>36415*42*0*0300*0**1~DTM*472*20210523~CAS*CO*97*42*1~REF*6R*UWXP0034919784-4~LQ*HE*MA67~LQ*HE*N130~SVC*HC>80048*66*0*0301*0**1~DTM*472*20210523~CAS*CO*97*66*1~REF*6R*UWXP0034919784-5~LQ*HE*MA67~LQ*HE*N130~SVC*HC>80053*95*0*0301*0**1~DTM*472*20210524~CAS*CO*97*95*1~REF*6R*UWXP0034919784-6~LQ*HE*MA67~LQ*HE*N130~SVC*HC>83735*50*0*0301*0**1~DTM*472*20210524~CAS*CO*97*50*1~REF*6R*UWXP0034919784-7~LQ*HE*MA67~LQ*HE*N130~SVC*HC>83880*299*0*0301*0**1~DTM*472*20210523~CAS*CO*97*299*1~REF*6R*UWXP0034919784-8~LQ*HE*MA67~LQ*HE*N130~SVC*HC>84484>XU*258*0*0301*0**3~DTM*472*20210523~CAS*CO*97*258*3~REF*6R*UWXP0034919784-9~LQ*HE*MA67~LQ*HE*N130~SVC*HC>85025*86*0*0305*0**1~DTM*472*20210523~CAS*CO*97*86*1~REF*6R*UWXP0034919784-10~LQ*HE*MA67~LQ*HE*N130~SVC*HC>85027*72*0*0305*0**1~DTM*472*20210524~CAS*CO*97*72*1~REF*6R*UWXP0034919784-11~LQ*HE*MA67~LQ*HE*N130~SVC*HC>71045*556*0*0324*0**1~DTM*472*20210523~CAS*CO*97*556*1~REF*6R*UWXP0034919784-12~LQ*HE*MA67~LQ*HE*N130~SVC*HC>96374*153*0*0450*0**1~DTM*472*20210523~CAS*CO*97*153*1~REF*6R*UWXP0034919784-13~LQ*HE*MA67~LQ*HE*N130~SVC*HC>99285*5145*2084.8*0450*1~DTM*472*20210523~CAS*CO*45*2970.2~CAS*PR*3*90~REF*6R*UWXP0034919784-14~AMT*B6*2174.8~LQ*HE*N59~SVC*HC>93306*2629*0*0480*0**1~DTM*472*20210524~CAS*CO*97*2629*1~REF*6R*UWXP0034919784-15~LQ*HE*MA67~LQ*HE*N130~SVC*HC>J1650*17.92*0*0636*0**4~DTM*472*20210523~CAS*CO*97*17.92*4~REF*6R*UWXP0034919784-16~LQ*HE*MA67~LQ*HE*N130~SVC*HC>J1650*17.92*0*0636*0**4~DTM*472*20210524~CAS*CO*97*17.92*4~REF*6R*UWXP0034919784-17~LQ*HE*MA67~LQ*HE*N130~SVC*HC>J1940*7*0*0636*0**2~DTM*472*20210523~CAS*CO*97*7*2~REF*6R*UWXP0034919784-18~LQ*HE*MA67~LQ*HE*N130~SVC*HC>J1940*7*0*0636*0**2~DTM*472*20210524~CAS*CO*97*7*2~REF*6R*UWXP0034919784-19~LQ*HE*MA67~LQ*HE*N130~SVC*HC>93005*438*0*0730*0**1~DTM*472*20210523~CAS*CO*97*438*1~REF*6R*UWXP0034919784-20~LQ*HE*MA67~LQ*HE*N130~SVC*HC>G0378*3220*0*0762*0**22~DTM*472*20210523~CAS*CO*97*3220*22~REF*6R*UWXP0034919784-21~LQ*HE*MA67~LQ*HE*N130~CLP*60222107000*1*16246*2172.81*100*13*220113E174980000*13*1~NM1*QC*1*EVERETT*MARY*L***MI*MEBFJD3B~NM1*82*2*UPPER VALLEY MEDICAL CENTER*****XX*1184638942~REF*1L*466235-005~REF*CE*SERS PPO PLAN NET 03418~DTM*232*20211218~DTM*233*20211220~DTM*050*20220113~PER*CX**TE*8006240756~AMT*AU*2663~SVC*HC>96361*360*0*0260*0**4~DTM*472*20211218~CAS*CO*B15*360*4~REF*6R*UWXP0034927250-1~LQ*HE*N674~SVC*HC>96361*2160*0*0260*0**23~DTM*472*20211219~CAS*CO*97*2160*23~REF*6R*UWXP0034927250-2~LQ*HE*N130~SVC*HC>96361*810*0*0260*0**9~DTM*472*20211220~CAS*CO*97*810*9~REF*6R*UWXP0034927250-3~LQ*HE*N130~SVC*NU>0272*7*0**0**1~DTM*472*20211219~CAS*CO*97*7*1~REF*6R*UWXP0034927250-4~LQ*HE*N130~SVC*HC>0241U*870*0*0300*0**1~DTM*472*20211218~CAS*CO*97*870*1~REF*6R*UWXP0034927250-5~LQ*HE*N130~SVC*HC>36415*63*0*0300*0**1~DTM*472*20211218~CAS*CO*97*63*1~REF*6R*UWXP0034927250-6~LQ*HE*N19~SVC*HC>80048*66*0*0301*0**1~DTM*472*20211219~CAS*CO*97*66*1~REF*6R*UWXP0034927250-7~LQ*HE*N130~SVC*HC>80048*66*0*0301*0**1~DTM*472*20211220~CAS*CO*97*66*1~REF*6R*UWXP0034927250-8~LQ*HE*N130~SVC*HC>80053*95*0*0301*0**1~DTM*472*20211218~CAS*CO*97*95*1~REF*6R*UWXP0034927250-9~LQ*HE*N130~SVC*HC>82248*36*0*0301*0**1~DTM*472*20211218~CAS*CO*97*36*1~REF*6R*UWXP0034927250-10~LQ*HE*N130~SVC*HC>83970*363*0*0301*0**1~DTM*472*20211220~CAS*CO*97*363*1~REF*6R*UWXP0034927250-11~LQ*HE*N130~SVC*HC>84100*41*0*0301*0**1~DTM*472*20211220~CAS*CO*97*41*1~REF*6R*UWXP0034927250-12~LQ*HE*N130~SVC*HC>85025*86*0*0305*0**1~DTM*472*20211218~CAS*CO*97*86*1~REF*6R*UWXP0034927250-13~LQ*HE*N130~SVC*HC>85025*86*0*0305*0**1~DTM*472*20211219~CAS*CO*97*86*1~REF*6R*UWXP0034927250-14~LQ*HE*N130~SVC*HC>85025*86*0*0305*0**1~DTM*472*20211220~CAS*CO*97*86*1~REF*6R*UWXP0034927250-15~LQ*HE*N130~SVC*HC>85610*44*0*0305*0**1~DTM*472*20211218~CAS*CO*97*44*1~REF*6R*UWXP0034927250-16~LQ*HE*N130~SVC*HC>85610*44*0*0305*0**1~DTM*472*20211219~CAS*CO*97*44*1~REF*6R*UWXP0034927250-17~LQ*HE*N130~SVC*HC>85610*44*0*0305*0**1~DTM*472*20211220~CAS*CO*97*44*1~REF*6R*UWXP0034927250-18~LQ*HE*N130~SVC*HC>85730*67*0*0305*0**1~DTM*472*20211218~CAS*CO*97*67*1~REF*6R*UWXP0034927250-19~LQ*HE*N130~SVC*HC>81003*20*0*0307*0**1~DTM*472*20211218~CAS*CO*97*20*1~REF*6R*UWXP0034927250-20~LQ*HE*N130~SVC*HC>71045*556*0*0324*0**1~DTM*472*20211218~CAS*CO*97*556*1~REF*6R*UWXP0034927250-21~LQ*HE*N130~SVC*HC>70450*1109*0*0351*0**1~DTM*472*20211218~CAS*CO*97*1109*1~REF*6R*UWXP0034927250-22~LQ*HE*N130~SVC*HC>70486*1109*0*0351*0**1~DTM*472*20211218~CAS*CO*97*1109*1~REF*6R*UWXP0034927250-23~LQ*HE*N130~SVC*HC>97162>GP*301*98.01*0424*1~DTM*472*20211219~CAS*CO*45*202.99~REF*6R*UWXP0034927250-24~AMT*B6*98.01~LQ*HE*N59~SVC*HC>99284>25*2362*2074.8*0450*1~DTM*472*20211218~CAS*CO*45*187.2~CAS*PR*3*100~REF*6R*UWXP0034927250-25~AMT*B6*2174.8~LQ*HE*N59~SVC*HC>J2405*7*0*0636*0**4~DTM*472*20211219~CAS*CO*97*7*4~REF*6R*UWXP0034927250-26~LQ*HE*N130~SVC*HC>J3490*7*0*0636*0**2~DTM*472*20211219~CAS*CO*97*7*2~REF*6R*UWXP0034927250-27~LQ*HE*N130~SVC*HC>G0378*4996*0*0762*0**38~DTM*472*20211218~CAS*CO*97*4996*38~REF*6R*UWXP0034927250-28~LQ*HE*N130~SVC*HC>96374*255*0*0940*0**1~DTM*472*20211219~CAS*CO*97*255*1~REF*6R*UWXP0034927250-29~LQ*HE*N130~SVC*HC>96375*130*0*0940*0**1~DTM*472*20211219~CAS*CO*97*130*1~REF*6R*UWXP0034927250-30~LQ*HE*N130~CLP*60220951700*1*557*63.5*2.64*13*220114E058020000*13*2~NM1*QC*1*HEADAPOHL*MARETA*E***MI*MEBD4H0S~NM1*82*2*UPPER VALLEY MEDICAL CENTER*****XX*1184638942~REF*1L*455716-132~REF*CE*STRS PPO PLAN NET 03418~DTM*232*20211220~DTM*233*20211220~DTM*050*20220114~PER*CX**TE*8006240756~AMT*AU*256~SVC*HC>97162>GP*301*0*0424*0**1~DTM*472*20211220~CAS*CO*119*301*1~REF*6R*UWXP0034938618-3~LQ*HE*N640~SVC*HC>95992>GP*106*41.58*0420*1~DTM*472*20211220~CAS*CO*45*62.69~CAS*PR*2*1.73~REF*6R*UWXP0034938618-1~AMT*B6*43.31~LQ*HE*N59~SVC*HC>97110>GP>XU*150*21.92*0420*1~DTM*472*20211220~CAS*CO*45*127.17~CAS*PR*2*.91~REF*6R*UWXP0034938618-2~AMT*B6*22.83~LQ*HE*N59~CLP*60222823000*1*7120*612.39**13*220114E083280000*13*1~NM1*QC*1*LAUGHMAN*BIRDIE****MI*MEBTVDTK~NM1*82*2*UPPER VALLEY MEDICAL CENTER*****XX*1184638942~REF*1L*467514-287~REF*CE*US REPRESENTED RETIREES PLAN NET 03418~DTM*232*20211228~DTM*233*20211228~DTM*050*20220114~PER*CX**TE*8006240756~AMT*AU*1575~SVC*HC>G0463>25*427*113.1*0510*1~DTM*472*20211228~CAS*CO*45*313.9~REF*6R*UWXP0034933558-1~AMT*B6*113.1~LQ*HE*N59~SVC*HC>11043*1148*499.29*0761*1~DTM*472*20211228~CAS*CO*45*648.71~REF*6R*UWXP0034933558-2~AMT*B6*499.29~LQ*HE*N59~SVC*HC>11046*4436*0*0761*0**4~DTM*472*20211228~CAS*CO*97*4436*4~REF*6R*UWXP0034933558-3~LQ*HE*N130~SVC*HC>11046>59*1109*0*0761*0**1~DTM*472*20211228~CAS*CO*97*1109*1~REF*6R*UWXP0034933558-4~LQ*HE*N130~LQ*HE*N640~CLP*60222662700*1*19465.69*2099.8*75*13*220114E083300000*13*1~NM1*QC*1*OLDIGES*KAREN*A***MI*101256941900~NM1*74*1******C*MEBGHZ6Z~NM1*82*2*UPPER VALLEY MEDICAL CENTER*****XX*1184638942~REF*1L*455717-054~REF*CE*STRS PPO PLAN NET 03418~DTM*232*20211225~DTM*233*20211226~DTM*050*20220114~PER*CX**TE*8006240756~AMT*AU*5145~SVC*NU>0250*24.7*0**0**25~DTM*472*20211225~CAS*CO*97*24.7*25~REF*6R*UWXP0034933693-1~LQ*HE*N130~SVC*NU>0250*24.7*0**0**25~DTM*472*20211225~CAS*CO*97*24.7*25~REF*6R*UWXP0034933693-2~LQ*HE*N130~SVC*NU>0250*7.34*0**0**3~DTM*472*20211225~CAS*CO*97*7.34*3~REF*6R*UWXP0034933693-3~LQ*HE*N130~SVC*HC>96365>XU*500*0*0260*0**1~DTM*472*20211225~CAS*CO*97*500*1~REF*6R*UWXP0034933693-4~LQ*HE*N130~SVC*HC>96366*700*0*0260*0**7~DTM*472*20211225~CAS*CO*97*700*7~REF*6R*UWXP0034933693-5~LQ*HE*N130~SVC*HC>96366*1100*0*0260*0**11~DTM*472*20211226~CAS*CO*97*1100*11~REF*6R*UWXP0034933693-6~LQ*HE*N130~SVC*NU>0270*59*0**0**1~DTM*472*20211225~CAS*CO*97*59*1~REF*6R*UWXP0034933693-7~LQ*HE*N130~SVC*NU>0272*7*0**0**1~DTM*472*20211226~CAS*CO*97*7*1~REF*6R*UWXP0034933693-8~LQ*HE*N130~SVC*HC>36415*42*0*0300*0**1~DTM*472*20211225~CAS*CO*97*42*1~REF*6R*UWXP0034933693-9~LQ*HE*N19~SVC*HC>80048*66*0*0301*0**1~DTM*472*20211225~CAS*CO*97*66*1~REF*6R*UWXP0034933693-10~LQ*HE*N130~SVC*HC>80048*66*0*0301*0**1~DTM*472*20211226~CAS*CO*97*66*1~REF*6R*UWXP0034933693-11~LQ*HE*N130~SVC*HC>84484*86*0*0301*0**1~DTM*472*20211225~CAS*CO*97*86*1~REF*6R*UWXP0034933693-12~LQ*HE*N130~SVC*HC>84484>91*86*0*0301*0**1~DTM*472*20211225~CAS*CO*97*86*1~REF*6R*UWXP0034933693-13~LQ*HE*N130~SVC*HC>85025*86*0*0305*0**1~DTM*472*20211225~CAS*CO*97*86*1~REF*6R*UWXP0034933693-14~LQ*HE*N130~SVC*HC>85027*72*0*0305*0**1~DTM*472*20211226~CAS*CO*97*72*1~REF*6R*UWXP0034933693-15~LQ*HE*N130~SVC*HC>71270*2695*0*0352*0**1~DTM*472*20211225~CAS*CO*97*2695*1~REF*6R*UWXP0034933693-16~LQ*HE*N130~SVC*HC>74178*2695*0*0352*0**1~DTM*472*20211225~CAS*CO*97*2695*1~REF*6R*UWXP0034933693-17~LQ*HE*N130~SVC*HC>96372>XU*140*0*0450*0**1~DTM*472*20211225~CAS*CO*97*140*1~REF*6R*UWXP0034933693-18~LQ*HE*N130~SVC*HC>96375>XU*130*0*0450*0**1~DTM*472*20211225~CAS*CO*97*130*1~REF*6R*UWXP0034933693-19~LQ*HE*N130~SVC*HC>99285>25*5145*2099.8*0450*1~DTM*472*20211225~CAS*CO*45*2970.2~CAS*PR*3*75~REF*6R*UWXP0034933693-20~AMT*B6*2174.8~LQ*HE*N59~SVC*HC>J0153*14*0*0636*0**12~DTM*472*20211225~CAS*CO*97*14*12~REF*6R*UWXP0034933693-21~LQ*HE*N130~SVC*HC>J1650*35.75*0*0636*0**8~DTM*472*20211225~CAS*CO*97*35.75*8~REF*6R*UWXP0034933693-22~LQ*HE*N130~SVC*HC>Q9967*39.2*0*0636*0**100~DTM*472*20211225~CAS*CO*97*39.2*100~REF*6R*UWXP0034933693-23~LQ*HE*N130~SVC*HC>93005*438*0*0730*0**1~DTM*472*20211225~CAS*CO*119*438*1~REF*6R*UWXP0034933693-24~LQ*HE*N640~SVC*HC>93005>76*1314*0*0730*0**3~DTM*472*20211225~CAS*CO*97*1314*3~REF*6R*UWXP0034933693-25~LQ*HE*N130~SVC*HC>93005>77*876*0*0730*0**2~DTM*472*20211225~CAS*CO*97*876*2~REF*6R*UWXP0034933693-26~LQ*HE*N130~SVC*HC>G0378*2887*0*0762*0**19~DTM*472*20211225~CAS*CO*97*2887*19~REF*6R*UWXP0034933693-27~LQ*HE*N130~SVC*HC>96375>XU*130*0*0940*0**1~DTM*472*20211225~CAS*CO*97*130*1~REF*6R*UWXP0034933693-28~LQ*HE*N130~CLP*60222342300*1*384*106.79**13*220114E108350000*13*1~NM1*QC*1*JONES*JANET*M***MI*MEBTB5TV~NM1*82*2*UPPER VALLEY MEDICAL CENTER*****XX*1184638942~REF*1L*467096-008~REF*CE*VALUE PPO NET 03418~DTM*232*20211227~DTM*233*20211227~DTM*050*20220114~PER*CX**TE*8006240756~AMT*AU*384~SVC*HC>G0279*44*23.26*0401*1~DTM*472*20211227~CAS*CO*45*20.74~REF*6R*UWXP0034938685-1~AMT*B6*23.26~LQ*HE*N59~SVC*HC>77065*340*83.53*0401*1~DTM*472*20211227~CAS*CO*45*256.47~REF*6R*UWXP0034938685-2~AMT*B6*83.53~LQ*HE*N59~SE*904*1071~ST*835*1691~BPR*I*450.63*C*ACH*CCP*01*031100209*DA*0038865237*1066033492**01*041000124*DA*4007801378*20220121~TRN*1*160118220262964*1066033492~REF*EV*XXXXXXXXXXXXXXXXXXXXXXXXXXXXXX~DTM*405*20220119~N1*PR*AETNA~N3*151 FARMINGTON AVENUE~N4*HARTFORD*CT*06156~REF*2U*60054~PER*BL*Provider Service~N1*PE*UPPER VALLEY MEDICAL CENTER*XX*1184638942~N3*PO BOX 932711~N4*CLEVELAND*OH*44193~REF*PQ*973647000~REF*TJ*310537095~LX*1~TS3*1184638942*13*20221231*5*5697~CLP*60223097202*1*546*0**13*220115E006240000*13*1~NM1*QC*1*REESE*PHYLLIS*M***MI*MEBTS4QQ~NM1*82*2*UPPER VALLEY MEDICAL CENTER*****XX*1184638942~REF*1L*467514-287~REF*CE*US REPRESENTED RETIREES PLAN NET 03418~DTM*232*20211230~DTM*233*20211230~DTM*050*20220115~PER*CX**TE*8006240756~SVC*HC>73030>RT*546*0*0320*0**1~DTM*472*20211230~CAS*OA*18*546*1~REF*6R*UWXP0034946902-1~LQ*HE*N522~CLP*60220362500*1*1201*225.63*31.35*13*220115E031130000*13*2~NM1*QC*1*KRAUS*THOMAS*B***MI*MEBG9SHW~NM1*82*2*UPPER VALLEY MEDICAL CENTER*****XX*1184638942~REF*1L*455716-132~REF*CE*STRS PPO PLAN NET 03418~DTM*232*20211206~DTM*233*20211222~DTM*050*20220115~PER*CX**TE*8006240756~AMT*AU*1201~SVC*HC>97162>GP*301*73.02*0424*1~DTM*472*20211206~CAS*CO*45*202.98~CAS*PR*3*25~REF*6R*UWXP0034941298-6~AMT*B6*98.02~LQ*HE*N59~SVC*HC>97110>GP*150*21.92*0420*1~DTM*472*20211206~CAS*CO*45*127.17~CAS*PR*2*.91~REF*6R*UWXP0034941298-1~AMT*B6*22.83~LQ*HE*N59~SVC*HC>97110>GP*150*21.92*0420*1~DTM*472*20211215~CAS*CO*45*127.17~CAS*PR*2*.91~REF*6R*UWXP0034941298-2~AMT*B6*22.83~LQ*HE*N59~SVC*HC>97112>GP*150*32.47*0420*1~DTM*472*20211215~CAS*CO*45*116.18~CAS*PR*2*1.35~REF*6R*UWXP0034941298-4~AMT*B6*33.82~LQ*HE*N59~SVC*HC>97110>GP*300*43.83*0420*2~DTM*472*20211222~CAS*CO*45*254.34~CAS*PR*2*1.83~REF*6R*UWXP0034941298-3~AMT*B6*45.66~LQ*HE*N59~SVC*HC>97112>GP*150*32.47*0420*1~DTM*472*20211222~CAS*CO*45*116.18~CAS*PR*2*1.35~REF*6R*UWXP0034941298-5~AMT*B6*33.82~LQ*HE*N59~CLP*60221612900*1*703*123.37*30*13*220115E056520000*13*2~NM1*QC*1*ANDERSON*MARJORIE*A***MI*MEBFBZDV~NM1*82*2*UPPER VALLEY MEDICAL CENTER*****XX*1184638942~REF*1L*466235-005~REF*CE*SERS PPO PLAN NET 03418~DTM*232*20211228~DTM*233*20211228~DTM*050*20220115~PER*CX**TE*8006240756~AMT*AU*703~SVC*HC>97162>GP*301*68.02*0424*1~DTM*472*20211228~CAS*CO*45*202.98~CAS*PR*3*30~REF*6R*UWXP0034946868-3~AMT*B6*98.02~LQ*HE*N59~SVC*HC>G0283>GP*102*9.69*0420*1~DTM*472*20211228~CAS*CO*45*92.31~REF*6R*UWXP0034946868-1~AMT*B6*9.69~LQ*HE*N59~SVC*HC>97110>GP*300*45.66*0420*2~DTM*472*20211228~CAS*CO*45*254.34~REF*6R*UWXP0034946868-2~AMT*B6*45.66~LQ*HE*N59~CLP*60222375900*1*2796*78.8*25*13*220115E081500000*13*1~NM1*QC*1*LARGE*JOAN*R***MI*MEBFDSQX~NM1*82*2*UPPER VALLEY MEDICAL CENTER*****XX*1184638942~REF*1L*466235-005~REF*CE*SERS PPO PLAN NET 03418~DTM*232*20211222~DTM*233*20211222~DTM*050*20220115~PER*CX**TE*8006240756~AMT*AU*1302~SVC*HC>93976*1302*78.8*0921*1~DTM*472*20211222~CAS*CO*45*1198.2~CAS*PR*3*25~REF*6R*UWXP0034941149-2~AMT*B6*103.8~LQ*HE*N59~SVC*HC>76775>XU*1494*0*0402*0**1~DTM*472*20211222~CAS*CO*97*1494*1~REF*6R*UWXP0034941149-1~LQ*HE*N130~CLP*60221864200*1*451*22.83**13*220115E081510000*13*2~NM1*QC*1*CRESS*JOHN*L***MI*MEBVRZYC~NM1*82*2*UPPER VALLEY MEDICAL CENTER*****XX*1184638942~REF*1L*466235-005~REF*CE*SERS PPO PLAN NET 03418~DTM*232*20211228~DTM*233*20211228~DTM*050*20220115~PER*CX**TE*8006240756~AMT*AU*150~SVC*HC>97162>GP*301*0*0424*0**1~DTM*472*20211228~CAS*CO*119*301*1~REF*6R*UWXP0034946915-2~LQ*HE*N640~SVC*HC>97110>GP*150*22.83*0420*1~DTM*472*20211228~CAS*CO*45*127.17~REF*6R*UWXP0034946915-1~AMT*B6*22.83~LQ*HE*N59~SE*156*1691~GE*4*1~IEA*1*100358959~