ISA*00*          *00*          *ZZ*133052274      *ZZ*XXXXXXXXXXXXXXX*220119*0250*^*00501*100358959*0*P*>~
GS*HP*133052274*XX*20220119*0250*1*X*005010X221A1~
ST*835*1542~
BPR*I*1289.81*C*ACH*CCP*01*031100209*DA*0038865237*1066033492**01*041215016*DA*01479765496*20220121~
TRN*1*160118220273504*1066033492~
REF*EV*XXXXXXXXXXXXXXXXXXXXXXXXXXXXXX~
DTM*405*20220119~
N1*PR*AETNA~
N3*151 FARMINGTON AVENUE~
N4*HARTFORD*CT*06156~
REF*2U*60054~
PER*BL*Provider Service~
N1*PE*FCHC MEDICAL CARE, LLC*XX*1598821175~
N3*735 S SHOOP AVE~
N4*WAUSEON*OH*435671735~
REF*PQ*599227570~
REF*TJ*010877201~
LX*1~
TS3*1669569091*22*20221231*1*2755~
CLP*AAA01605978*1*2755*1289.81**13*220114E381550000*22*1~
NM1*QC*1*KENT*THOMAS*L***MI*MEBNZMZP~
NM1*82*2*FCHC MEDICAL CARE, LLC*****XX*1669569091~
REF*G1*2760524~
REF*1L*441297-007~
REF*CE*MEDICARE (S02) PPO PLAN NET 03418~
DTM*232*20211213~
DTM*233*20211213~
DTM*050*20220114~
PER*CX**TE*8006240756~
AMT*AU*2755~
SVC*HC>27447>RT*2755*1289.81**1~
DTM*472*20211213~
CAS*CO*45*1465.19~
REF*6R*FCHC0003185245-1~
AMT*B6*1289.81~
LQ*HE*N59~
SE*35*1542~
GE*1*1~
IEA*1*100358959~
