ISA*00*          *00*          *ZZ*133052274      *ZZ*XXXXXXXXXXXXXXX*220119*0250*^*00501*100358959*0*P*>~
GS*HP*133052274*XX*20220119*0250*1*X*005010X221A1~
ST*835*0857~
BPR*H*0*C*NON************20220119~
TRN*1*922019000348982*1066033492~
REF*EV*XXXXXXXXXXXXXXXXXXXXXXXXXXXXXX~
DTM*405*20220119~
N1*PR*AETNA~
N3*151 FARMINGTON AVENUE~
N4*HARTFORD*CT*06156~
REF*2U*60054~
PER*BL*Provider Service~
N1*PE*THE METHODIST HOSPITALS, INC.*XX*1326614991~
N3*27350 NETWORK PL~
N4*CHICAGO*IL*606731273~
REF*PQ*476140900~
REF*TJ*350868133~
LX*1~
TS3*1700812823*22*20221231*1*985~
CLP*NWI100077080*1*985*0**13*E903TNW0V0000*22*1~
NM1*QC*1*EDGINGTON*WENDELL*T***MI*W178855282~
NM1*82*1*DALAL*HARSHAVARDHAN****XX*1326614991~
REF*1L*0724772-021-00401-CF~
REF*CE*Aetna Choice  POS II NET 00243~
DTM*232*20211119~
DTM*233*20211119~
DTM*050*20211130~
PER*CX**TE*8886323862~
AMT*AU*985~
SVC*HC>45378*985*0**0**1~
DTM*472*20211119~
CAS*CO*226*985*1~
REF*6R*MHPH0010029357-1~
AMT*B6*985~
LQ*HE*N517~
SE*34*0857~
GE*1*1~
IEA*1*100358959~
