ISA*00*          *00*          *ZZ*133052274      *ZZ*XXXXXXXXXXXXXXX*220119*0250*^*00501*100358959*0*P*>~
GS*HP*133052274*XX*20220119*0250*1*X*005010X221A1~
ST*835*1925~
BPR*H*0*C*NON************20220118~
TRN*1*FC9220190010196*1066033492~
REF*EV*XXXXXXXXXXXXXXXXXXXXXXXXXXXXXX~
DTM*405*20220119~
N1*PR*AETNA~
N3*151 FARMINGTON AVENUE~
N4*HARTFORD*CT*06156~
REF*2U*60054~
PER*BL*Provider Service~
N1*PE*ASPIRUS RIVERVIEW HOSPITAL   CL*XX*1295754844~
N3*1041 HILL STREET~
N4*WISCONSIN RAPIDS*WI*54494~
REF*PQ*623549700~
REF*TJ*390868982~
LX*1~
TS3*1295754844*13*20221231*1*46~
CLP*RC175918060*1*46*0**13*220115E057280000*13*1~
NM1*QC*1*LANDOWSKI*JEFFREY*A***MI*101334243900~
NM1*74*1******C*MEBR0LSG~
NM1*82*2*ASPIRUS RIVERVIEW HOSPITAL   CL*****XX*1295754844~
REF*1L*441302-309~
REF*CE*MEDICARE (S02) ESA PPO PLAN~
DTM*232*20210625~
DTM*233*20210625~
DTM*050*20220115~
PER*CX**TE*8006240756~
SVC*HC>85610>PO*46*0*0305*0**1~
DTM*472*20210625~
CAS*OA*18*46*1~
REF*6R*ASCL0090050138-1~
LQ*HE*N522~
SE*33*1925~
ST*835*1341~
BPR*I*16.18*C*ACH*CCP*01*031100209*DA*0038865237*1066033492**01*075000019*DA*837139450*20220121~
TRN*1*160118220244540*1066033492~
REF*EV*XXXXXXXXXXXXXXXXXXXXXXXXXXXXXX~
DTM*405*20220119~
N1*PR*AETNA~
N3*151 FARMINGTON AVENUE~
N4*HARTFORD*CT*06156~
REF*2U*60054~
PER*BL*Provider Service~
N1*PE*ASPIRUS MEDICAL GROUP INC*XX*1033411822~
N3*425 PINE RIDGE BLVD.*SUITE 103~
N4*WAUSAU*WI*544014122~
REF*PQ*656337840~
REF*TJ*391670223~
LX*1~
TS3*1316997943*23*20221231*2*192~
CLP*WC175831410*1*96*8.09**13*220114E062390000*23*1~
NM1*QC*1*GREGORICH*JILL****MI*MEBVVL1Y~
NM1*82*2*ASPIRUS MEDICAL GROUP INC*****XX*1316997943~
REF*1L*467458-014~
REF*CE*VALUE PPO~
DTM*232*20211229~
DTM*233*20211229~
DTM*050*20220114~
PER*CX**TE*8006240756~
AMT*AU*96~
SVC*HC>93010*96*8.09**1~
DTM*472*20211229~
CAS*CO*45*87.91~
REF*6R*ASCL0090022922-1~
AMT*B6*8.09~
LQ*HE*N6~
LQ*HE*N807~
CLP*WC175831420*1*96*8.09**13*220114E112680000*23*1~
NM1*QC*1*GREGORICH*JILL****MI*MEBVVL1Y~
NM1*82*2*ASPIRUS MEDICAL GROUP INC*****XX*1316997943~
REF*1L*467458-014~
REF*CE*VALUE PPO~
DTM*232*20211230~
DTM*233*20211230~
DTM*050*20220114~
PER*CX**TE*8006240756~
AMT*AU*96~
SVC*HC>93010*96*8.09**1~
DTM*472*20211230~
CAS*CO*45*87.91~
REF*6R*ASCL0090022923-1~
AMT*B6*8.09~
LQ*HE*N6~
LQ*HE*N807~
SE*52*1341~
ST*835*1928~
BPR*I*66.15*C*ACH*CCP*01*031100209*DA*0038865237*1066033492**01*075000019*DA*837139450*20220121~
TRN*1*160118220266496*1066033492~
REF*EV*XXXXXXXXXXXXXXXXXXXXXXXXXXXXXX~
DTM*405*20220119~
N1*PR*AETNA~
N3*151 FARMINGTON AVENUE~
N4*HARTFORD*CT*06156~
REF*2U*60054~
PER*BL*Provider Service~
N1*PE*ASPIRUS MEDICAL GROUP INC*XX*1033411822~
N3*425 PINE RIDGE BLVD.*SUITE 103~
N4*WAUSAU*WI*544014122~
REF*PQ*656337840~
REF*TJ*391670223~
LX*1~
TS3*1245474410*22*20221231*1*280~
CLP*WC175905710*1*280*29.56**13*220115E009920000*22*1~
NM1*QC*1*MALOTT*DONALD*H***MI*MEBP9Z3K~
NM1*82*2*ASPIRUS MEDICAL GROUP INC*****XX*1245474410~
REF*1L*466544-134~
REF*CE*MAPD ESA PPO PLAN~
DTM*232*20211020~
DTM*233*20211020~
DTM*050*20220115~
PER*CX**TE*8006240756~
AMT*AU*280~
SVC*HC>93294*280*29.56**1~
DTM*472*20211020~
CAS*CO*45*250.44~
REF*6R*ASCL0090044799-1~
AMT*B6*29.56~
LQ*HE*N6~
LQ*HE*N807~
LX*2~
TS3*1497734750*22*20221231*1*467~
CLP*WC175905650*1*467*36.59**13*220115E060630000*22*1~
NM1*QC*1*SCHMIDT*FRANK*E***MI*MEBNP8PG~
NM1*82*2*ASPIRUS MEDICAL GROUP INC*****XX*1497734750~
REF*1L*441298-318~
REF*CE*MEDICARE (S02) ESA PPO PLAN~
DTM*232*20211220~
DTM*233*20211220~
DTM*050*20220115~
PER*CX**TE*8006240756~
AMT*AU*467~
SVC*HC>93295*467*36.59**1~
DTM*472*20211220~
CAS*CO*45*430.41~
REF*6R*ASCL0090044938-1~
AMT*B6*36.59~
LQ*HE*N6~
LQ*HE*N807~
SE*54*1928~
ST*835*1929~
BPR*I*37.07*C*ACH*CCP*01*031100209*DA*0038865237*1066033492**01*075000019*DA*837139450*20220121~
TRN*1*160118220274332*1066033492~
REF*EV*XXXXXXXXXXXXXXXXXXXXXXXXXXXXXX~
DTM*405*20220119~
N1*PR*AETNA~
N3*151 FARMINGTON AVENUE~
N4*HARTFORD*CT*06156~
REF*2U*60054~
PER*BL*Provider Service~
N1*PE*ASPIRUS MEDICAL GROUP INC*XX*1033411822~
N3*PO BOX 8004~
N4*WAUSAU*WI*544028004~
REF*PQ*656337840~
REF*TJ*391670223~
LX*1~
TS3*1750547378*22*20221231*1*467~
CLP*WC175905680*1*467*37.07**13*220115E034980000*22*1~
NM1*QC*1*KRZECZKOWSKA*LUCYNA****MI*MEBNNRWK~
NM1*82*2*ASPIRUS MEDICAL GROUP INC*****XX*1750547378~
REF*1L*441300-193~
REF*CE*MEDICARE (S02) ESA PPO PLAN NET 05052~
DTM*232*20211217~
DTM*233*20211217~
DTM*050*20220115~
PER*CX**TE*8006240756~
AMT*AU*467~
SVC*HC>93295*467*37.07**1~
DTM*472*20211217~
CAS*CO*45*429.93~
REF*6R*ASCL0090044884-1~
AMT*B6*37.07~
LQ*HE*N59~
SE*34*1929~
GE*4*1~
IEA*1*100358959~
