ISA*00*          *00*          *ZZ*133052274      *ZZ*XXXXXXXXXXXXXXX*220119*0305*^*00501*100378839*0*P*>~
GS*HP*133052274*XX*20220119*0305*1*X*005010X221A1~
ST*835*0011~
BPR*I*313.14*C*ACH*CCP*01*031100209*DA*0000009108*1066033492**01*072400052*DA*7168184153*20220124~
TRN*1*822019000266630*1066033492~
REF*EV*XXXXXXXXXXXXXXXXXXXXXXXXXXXXXX~
DTM*405*20220119~
N1*PR*AETNA~
N3*151 FARMINGTON AVENUE~
N4*HARTFORD*CT*06156~
REF*2U*60054~
PER*BL*Provider Service~
N1*PE*MECOSTA COUNTY MEDICAL CENTER*XX*1316945991~
N3*PO BOX 3564~
N4*GRAND RAPIDS*MI*495013564~
REF*PQ*516567020~
REF*TJ*381368744~
LX*1~
TS3*1316945991*11*20221231*3*12189.14~
CLP*H9321226753700*1*836.12*55.7*400*12*EJY1WZ7X60000*13*1~
NM1*QC*1*AVERY*LILABELLE*F~
NM1*IL*1*AVERY*KATIE****MI*W258195862~
NM1*82*2*SPECTRUM HEALTH BIG RAPIDS HOSPITAL*****XX*1316945991~
REF*1L*0159555-016-00063-LT~
REF*CE*Aetna Open Access  Elect Choice NET 01795~
DTM*232*20220102~
DTM*233*20220102~
DTM*050*20220113~
PER*CX**TE*8886323862~
AMT*AU*836.12~
SVC*NU>0272*57.06*0**1~
DTM*472*20220102~
CAS*CO*45*24.25~
CAS*PR*3*32.81~
REF*6R*H9321226753700-1~
AMT*B6*32.81~
SVC*HC>36415*20.91*0*0300*1~
DTM*472*20220102~
CAS*CO*45*8.89~
CAS*PR*3*12.02~
REF*6R*H9321226753700-2~
AMT*B6*12.02~
SVC*HC>82247*25.68*0*0301*1~
DTM*472*20220102~
CAS*CO*45*19.02~
CAS*PR*3*6.66~
REF*6R*H9321226753700-3~
AMT*B6*6.66~
SVC*HC>82947*38.17*0*0301*1~
DTM*472*20220102~
CAS*CO*45*33.18~
CAS*PR*3*4.99~
REF*6R*H9321226753700-4~
AMT*B6*4.99~
SVC*HC>99282*694.3*55.7*0450*1~
DTM*472*20220102~
CAS*CO*45*295.08~
CAS*PR*3*343.52~
REF*6R*H9321226753700-5~
AMT*B6*399.22~
CLP*H9321227944900*1*276.5*158.99**13*EVJMVMJ6S0000*13*1~
NM1*QC*1*YOUNG*SARAH*M***MI*W259722631~
NM1*82*2*SPECTRUM HEALTH BIG RAPIDS HOSPITAL*****XX*1316945991~
REF*1L*0144165-010-00001-AG~
REF*CE*Aetna HealthFund  Aetna Open Access  Man NET 00615~
DTM*232*20220108~
DTM*233*20220108~
DTM*050*20220113~
PER*CX**TE*8886323862~
AMT*AU*276.5~
SVC*HC>C9803>CS>CR*25*14.38*0300*1~
DTM*472*20220108~
CAS*CO*45*10.62~
REF*6R*H9321227944900-1~
AMT*B6*14.38~
SVC*HC>U0003>CS*217.5*125.06*0300*1~
DTM*472*20220108~
CAS*CO*45*92.44~
REF*6R*H9321227944900-2~
AMT*B6*125.06~
SVC*HC>U0005>CS*34*19.55*0300*1~
DTM*472*20220108~
CAS*CO*45*14.45~
REF*6R*H9321227944900-3~
AMT*B6*19.55~
CLP*H9321224093800*1*11076.52*98.45*13.57*13*E8FCVJXR90000*13*1~
NM1*QC*1*ECKERT*MONIQUE*M~
NM1*IL*1*ECKERT*CHRISTOPHER*J***MI*W263435491~
NM1*82*2*SPECTRUM HEALTH BIG RAPIDS HOSPITAL*****XX*1316945991~
REF*1L*0835507-011-00001-CC~
REF*CE*Aetna Open Access  Managed Choice NET 00615~
DTM*232*20211231~
DTM*233*20211231~
DTM*050*20220107~
PER*CX**TE*8886323862~
AMT*AU*11076.52~
SVC*NU>0250*23.54*0**1~
DTM*472*20211231~
CAS*CO*45*10~
CAS*PR*1*13.54~
REF*6R*H9321224093800-1~
AMT*B6*13.54~
SVC*HC>70553>MG*3289.74*0*0611*0**1~
DTM*472*20211231~
CAS*CO*197*3289.74*1~
REF*6R*H9321224093800-2~
AMT*B6*1891.6~
SVC*HC>72156>MG*3289.74*0*0612*0**1~
DTM*472*20211231~
CAS*CO*197*3289.74*1~
REF*6R*H9321224093800-3~
AMT*B6*1891.6~
SVC*HC>70546>XU>MG*4192.34*0*0615*0**1~
DTM*472*20211231~
CAS*CO*197*4192.34*1~
REF*6R*H9321224093800-4~
AMT*B6*2410.6~
SVC*HC>G1004*.03*0*0619*3~
DTM*472*20211231~
CAS*PR*1*.03~
REF*6R*H9321224093800-5~
AMT*B6*.03~
SVC*HC>A9577*171.22*98.45*0636*17~
DTM*472*20211231~
CAS*CO*45*72.77~
REF*6R*H9321224093800-6~
AMT*B6*98.45~
SVC*HC>J7050*109.91*0*0636*0**1~
DTM*472*20211231~
CAS*CO*97*109.91*1~
REF*6R*H9321224093800-7~
AMT*B6*63.2~
LQ*HE*N19~
SE*132*0011~
GE*1*1~
IEA*1*100378839~
