ISA*00*          *00*          *ZZ*133052274      *ZZ*XXXXXXXXXXXXXXX*220119*0250*^*00501*100358959*0*P*>~
GS*HP*133052274*XX*20220119*0250*1*X*005010X221A1~
ST*835*0387~
BPR*I*2531.3*C*ACH*CCP*01*011900445*DA*0000009046*1066033492**01*072403473*DA*01368445199*20220124~
TRN*1*822019000266983*1066033492~
REF*EV*XXXXXXXXXXXXXXXXXXXXXXXXXXXXXX~
DTM*405*20220119~
N1*PR*AETNA~
N3*151 FARMINGTON AVENUE~
N4*HARTFORD*CT*06156~
REF*2U*60054~
PER*BL*Provider Service~
N1*PE*HILLS   DALES GENERAL HOSPITAL*XX*1154367001~
N3*4675 HILL ST~
N4*CASS CITY*MI*487261008~
REF*PQ*999539170~
REF*TJ*381619577~
LX*1~
TS3*1154367001*11*20221231*3*3920~
CLP*23091148200*2*514.5*82.32*20.58*15*EHY1W1YTR0000*85*1~
NM1*QC*1*BERRY*BETTY****MI*9GN1FG3EU04~
NM1*74*1******C*W013086604~
NM1*82*2*HILLS AND DALES GENERAL HOSPITAL*****XX*1154367001~
REF*1L*0608598-040-00042-SE~
REF*CE*Traditional Choice~
DTM*232*20211209~
DTM*233*20211209~
DTM*050*20220118~
PER*CX**TE*8886323862~
AMT*AU*6.5~
SVC*NU>0270*6.5*82.32**1~
DTM*472*20211209~
CAS*OA*23*411.6**94*-508~
CAS*PR*2*20.58~
REF*6R*HDGH0000185852-1~
AMT*B6*205.8~
SVC*HC>94010*305.5*0*0460*1~
DTM*472*20211209~
CAS*CO*45*305.5~
REF*6R*HDGH0000185852-2~
LQ*HE*N20~
SVC*HC>94729*202.5*0*0460*1~
DTM*472*20211209~
CAS*CO*45*202.5~
REF*6R*HDGH0000185852-3~
LQ*HE*N20~
CLP*23093270600*1*882*756.96*28.04*13*ELFCW2MNF0000*13*1~
NM1*QC*1*RICHARDSON*ISABELLA*G~
NM1*IL*1*RICHARDSON*KATIE****MI*W268388021~
NM1*82*2*HILLS AND DALES GENERAL HOSPITAL*****XX*1154367001~
REF*1L*0149168-010-00001- A~
REF*CE*Aetna Choice  POS II NET 04633~
DTM*232*20220110~
DTM*233*20220110~
DTM*050*20220118~
PER*CX**TE*8886323862~
AMT*AU*882~
SVC*NU>0270*31.5*0**1~
DTM*472*20220110~
CAS*CO*45*3.46~
CAS*PR*3*28.04~
REF*6R*HDGH0000197485-1~
AMT*B6*28.04~
SVC*HC>0240U*407.5*362.68*0300*1~
DTM*472*20220110~
CAS*CO*45*44.82~
REF*6R*HDGH0000197485-2~
AMT*B6*362.68~
SVC*HC>C9803*35.5*31.6*0300*1~
DTM*472*20220110~
CAS*CO*45*3.9~
REF*6R*HDGH0000197485-3~
AMT*B6*31.6~
SVC*HC>99282*407.5*362.68*0450*1~
DTM*472*20220110~
CAS*CO*45*44.82~
REF*6R*HDGH0000197485-4~
AMT*B6*362.68~
CLP*23093192600*1*2523.5*1559.3*686.65*13*EMJMW1QBS0000*13*1~
NM1*QC*1*MAZZOLINE*JOSIE~
NM1*IL*1*VANDERPOEL*RICHARD****MI*W251375987~
NM1*82*2*HILLS AND DALES GENERAL HOSPITAL*****XX*1154367001~
REF*1L*0846859-015-00002-AB~
REF*CE*Aetna HealthFund  Aetna Choice  POS II NET 04633~
DTM*232*20220107~
DTM*233*20220107~
DTM*050*20220115~
PER*CX**TE*8886323862~
AMT*AU*2523.5~
SVC*NU>0250*38.3*0**4~
DTM*472*20220107~
CAS*CO*45*4.21~
CAS*PR*1*34.09~
REF*6R*HDGH0000195423-1~
AMT*B6*34.09~
SVC*NU>0250*63.2*0**2~
DTM*472*20220107~
CAS*CO*45*6.95~
CAS*PR*1*56.25~
REF*6R*HDGH0000195423-2~
AMT*B6*56.25~
SVC*HC>96361*81.5*0*0260*1~
DTM*472*20220107~
CAS*CO*45*8.96~
CAS*PR*1*72.54~
REF*6R*HDGH0000195423-3~
AMT*B6*72.54~
SVC*HC>96374*414.5*0*0260*1~
DTM*472*20220107~
CAS*CO*45*45.59~
CAS*PR*1*368.91~
REF*6R*HDGH0000195423-4~
AMT*B6*368.91~
SVC*NU>0270*174*0**8~
DTM*472*20220107~
CAS*CO*45*19.14~
CAS*PR*1*154.86~
REF*6R*HDGH0000195423-5~
AMT*B6*154.86~
SVC*HC>0240U*407.5*362.68*0300*1~
DTM*472*20220107~
CAS*CO*45*44.82~
REF*6R*HDGH0000195423-6~
AMT*B6*362.68~
SVC*HC>C9803*35.5*31.6*0300*1~
DTM*472*20220107~
CAS*CO*45*3.9~
REF*6R*HDGH0000195423-7~
AMT*B6*31.6~
SVC*HC>80048*86.5*76.99*0301*1~
DTM*472*20220107~
CAS*CO*45*9.51~
REF*6R*HDGH0000195423-8~
AMT*B6*76.99~
SVC*HC>85025*51*45.39*0305*1~
DTM*472*20220107~
CAS*CO*45*5.61~
REF*6R*HDGH0000195423-9~
AMT*B6*45.39~
SVC*HC>99284>25*1171.5*1042.64*0450*1~
DTM*472*20220107~
CAS*CO*45*128.86~
REF*6R*HDGH0000195423-10~
AMT*B6*1042.64~
LX*2~
TS3*1932704004*02*20221231*4*72~
CLP*HD14892910*1*36*0**13*EGJMW28Q00000*02*1~
NM1*QC*1*KRAMER*AUSTIN****MI*W249359785~
NM1*82*1*WOLLER*MARY*E***XX*1154367001~
REF*1L*0124124-010-00704- J~
REF*CE*Aetna HealthFund  Aetna Choice  POS II NET 04633~
DTM*232*20211230~
DTM*233*20211230~
DTM*050*20220118~
PER*CX**TE*8886323862~
AMT*AU*36~
SVC*HC>G2023>95*36*0**0**1~
DTM*472*20211230~
CAS*CO*96*36*1~
REF*6R*HDGH0000198013-1~
AMT*B6*23.46~
LQ*HE*N776~
CLP*HD14892860*1*36*0**13*EGTXW3MFT0000*02*1~
NM1*QC*1*KRAMER*TARYN~
NM1*IL*1*KRAMER*AUSTIN****MI*W249359785~
NM1*82*1*WOLLER*MARY*E***XX*1154367001~
REF*1L*0124124-010-00704- J~
REF*CE*Aetna HealthFund  Aetna Choice  POS II NET 04633~
DTM*232*20211230~
DTM*233*20211230~
DTM*050*20220118~
PER*CX**TE*8886323862~
AMT*AU*36~
SVC*HC>G2023>95*36*0**0**1~
DTM*472*20211230~
CAS*CO*96*36*1~
REF*6R*HDGH0000198014-1~
AMT*B6*23.46~
LQ*HE*N776~
CLP*HD14869640*22*-127*-8.77**13*E536VHC890002*02*1~
NM1*QC*1*KRAMER*TARYN~
NM1*IL*1*KRAMER*AUSTIN****MI*W249359785~
NM1*82*1*WOLLER*MARY*E***XX*1154367001~
REF*1L*0124124-010-00704- J~
REF*CE*Aetna HealthFund  Aetna Choice  POS II NET 04633~
DTM*232*20211230~
DTM*233*20211230~
DTM*050*20220107~
PER*CX**TE*8886323862~
SVC*HC>99213>95*-127*-8.77**1~
DTM*472*20211230~
CAS*CO*45*-58.23~
CAS*PR*3*-60~
REF*6R*HDGH0000186376-1~
CLP*HD14869640*1*127*68.77**13*E536VHC890003*02*1~
NM1*QC*1*KRAMER*TARYN~
NM1*IL*1*KRAMER*AUSTIN****MI*W249359785~
NM1*82*1*WOLLER*MARY*E***XX*1154367001~
REF*1L*0124124-010-00704- J~
REF*CE*Aetna HealthFund  Aetna Choice  POS II NET 04633~
REF*F8*E536VHC890002~
DTM*232*20211230~
DTM*233*20211230~
DTM*050*20220111~
PER*CX**TE*8886323862~
AMT*AU*127~
SVC*HC>99213>95*127*68.77**1~
DTM*472*20211230~
CAS*CO*45*58.23~
REF*6R*HDGH0000186376-1~
AMT*B6*68.77~
LX*3~
TS3*1548291982*02*20221231*1*82~
CLP*HD14880350*1*82*0*48.72*13*ERFCWZM3P0000*02*1~
NM1*QC*1*KRAMER*JOLENE~
NM1*IL*1*KRAMER*AUSTIN****MI*W24935978502~
NM1*74*1******C*W249359785~
NM1*82*1*KRAMER-HARRINGTON*MELANIE*S***XX*1154367001~
REF*1L*0124124-010-00706- N~
REF*CE*Aetna HealthFund  Aetna Choice  POS II NET 04633~
DTM*232*20220104~
DTM*233*20220104~
DTM*050*20220112~
PER*CX**TE*8886323862~
AMT*AU*82~
SVC*HC>99212>95*82*0**1~
DTM*472*20220104~
CAS*CO*45*33.28~
CAS*PR*1*48.72~
REF*6R*HDGH0000192445-1~
AMT*B6*48.72~
SVC*HC>2001F*0*0**0**1~
DTM*472*20220104~
REF*6R*HDGH0000192445-2~
LQ*HE*M77~
LX*4~
TS3*1417162538*23*20221231*1*239~
CLP*HD14854040*1*239*72.72**12*EGACWQ1X50000*23*1~
NM1*QC*1*MARSTON*EMILY****MI*W251974654~
NM1*82*1*KREINER*CHRISTOPHER****XX*1154367001~
REF*1L*0109718-020-00201-BA~
REF*CE*Open Access Aetna Select  8480 NET 04634~
DTM*232*20211222~
DTM*233*20211222~
DTM*050*20211227~
PER*CX**TE*8886323862~
AMT*AU*239~
SVC*HC>99283*239*72.72**1~
DTM*472*20211222~
CAS*CO*45*166.28~
REF*6R*HDGH0000180307-1~
AMT*B6*72.72~
SE*251*0387~
ST*835*1318~
BPR*I*97.84*C*ACH*CCP*01*031100209*DA*0038865237*1066033492**01*072403473*DA*01368445199*20220121~
TRN*1*160118220253552*1066033492~
REF*EV*XXXXXXXXXXXXXXXXXXXXXXXXXXXXXX~
DTM*405*20220119~
N1*PR*AETNA~
N3*151 FARMINGTON AVENUE~
N4*HARTFORD*CT*06156~
REF*2U*60054~
PER*BL*Provider Service~
N1*PE*HILLS   DALES GENERAL HOSPITAL*XX*1275050726~
N3*4675 HILL ST~
N4*CASS CITY*MI*487261008~
REF*PQ*999539170~
REF*TJ*381619577~
LX*1~
TS3*1275050726*71*20221231*1*204~
CLP*HD14865290*1*204*97.84**13*220104E615180001*71*1~
NM1*QC*1*RICKER*KITRIDGE****MI*MEBTK6VB~
NM1*74*1**KIT~
NM1*82*2*HILLS   DALES GENERAL HOSPITAL*****XX*1275050726~
REF*1L*467478-048~
REF*CE*WEST ADV PLAN 125 NET 03957~
DTM*232*20211230~
DTM*233*20211230~
DTM*050*20220104~
PER*CX**TE*8006240756~
AMT*AU*204~
SVC*HC>99214>CG*204*97.84*0521*1~
DTM*472*20211230~
CAS*CO*45*106.16~
REF*6R*HDGH0000185969-1~
AMT*B6*97.84~
LQ*HE*N59~
SE*35*1318~
GE*2*1~
IEA*1*100358959~
