ISA*00*          *00*          *ZZ*133052274      *ZZ*XXXXXXXXXXXXXXX*220119*0250*^*00501*100358959*0*P*>~
GS*HP*133052274*XX*20220119*0250*1*X*005010X221A1~
ST*835*0563~
BPR*I*955*C*ACH*CCP*01*011900445*DA*0000009046*1066033492**01*072405455*DA*7905132903*20220124~
TRN*1*822019000305174*1066033492~
REF*EV*XXXXXXXXXXXXXXXXXXXXXXXXXXXXXX~
DTM*405*20220119~
N1*PR*AETNA~
N3*151 FARMINGTON AVENUE~
N4*HARTFORD*CT*06156~
REF*2U*60054~
PER*BL*Provider Service~
N1*PE*URGENT CARE OF MILFORD, PLLC*XX*1730619743~
N3*600 HIGHLAND AVE~
N4*MILFORD*MI*483811518~
REF*PQ*492442110~
REF*TJ*820694344~
LX*1~
TS3*1023114287*20*20221231*18*1610~
CLP*UM1000350790*1*115*0*90*13*EGTXW3MJG0000*20*1~
NM1*QC*1*FREDRICK*ELIANA~
NM1*IL*1*FREDRICK*LISA****MI*W461863483~
NM1*82*2*URGENT CARE OF MILFORD, PLLC*****XX*1730619743~
REF*1L*0118578-014-00001-BD~
REF*CE*Aetna HealthFund  Aetna Choice  POS II NET 08126~
DTM*232*20220116~
DTM*233*20220116~
DTM*050*20220118~
PER*CX**TE*8886323862~
AMT*AU*115~
SVC*HC>S9083*115*0**1~
DTM*472*20220116~
CAS*CO*45*25~
CAS*PR*1*90~
REF*6R*UCRM0000071077-1~
AMT*B6*90~
CLP*UM1000350780*1*115*0*90*13*EGTXW3MLG0000*20*1~
NM1*QC*1*LILLEY*DENISE****MI*W271314939~
NM1*82*2*URGENT CARE OF MILFORD, PLLC*****XX*1730619743~
REF*1L*0179674-010-00700- D~
REF*CE*Aetna HealthFund  Aetna Choice  POS II NET 04630~
DTM*232*20220116~
DTM*233*20220116~
DTM*050*20220118~
PER*CX**TE*8886323862~
AMT*AU*115~
SVC*HC>S9083*115*0**1~
DTM*472*20220116~
CAS*CO*45*25~
CAS*PR*1*90~
REF*6R*UCRM0000071023-1~
AMT*B6*90~
CLP*UM1000350740*1*115*15*75*13*EHFCW3F370000*20*1~
NM1*QC*1*OCONNOR*MICHELLE****MI*W267757892~
NM1*74*1*O CONNOR~
NM1*82*2*URGENT CARE OF MILFORD, PLLC*****XX*1730619743~
REF*1L*0863140-052-00009-JA~
REF*CE*Aetna Choice  POS II NET 04630~
DTM*232*20220115~
DTM*233*20220115~
DTM*050*20220118~
PER*CX**TE*8886323862~
AMT*AU*115~
SVC*HC>S9083*115*15**1~
DTM*472*20220115~
CAS*CO*45*25~
CAS*PR*3*75~
REF*6R*UCRM0000070940-1~
AMT*B6*90~
CLP*UM1000350760*1*115*15*75*13*EHFCW3F580000*20*1~
NM1*QC*1*OCONNOR*MEAGHAN~
NM1*IL*1*OCONNOR*MICHELLE****MI*W267757892~
NM1*74*1*O CONNOR~
NM1*82*2*URGENT CARE OF MILFORD, PLLC*****XX*1730619743~
REF*1L*0863140-052-00009-JA~
REF*CE*Aetna Choice  POS II NET 04630~
DTM*232*20220115~
DTM*233*20220115~
DTM*050*20220118~
PER*CX**TE*8886323862~
AMT*AU*115~
SVC*HC>S9083*115*15**1~
DTM*472*20220115~
CAS*CO*45*25~
CAS*PR*3*75~
REF*6R*UCRM0000070947-1~
AMT*B6*90~
CLP*UM1000350750*1*115*15*75*13*EHPCW0HN60000*20*1~
NM1*QC*1*OCONNOR*BRADY~
NM1*IL*1*OCONNOR*MICHELLE****MI*W267757892~
NM1*74*1*O CONNOR~
NM1*82*2*URGENT CARE OF MILFORD, PLLC*****XX*1730619743~
REF*1L*0863140-052-00009-JA~
REF*CE*Aetna Choice  POS II NET 04630~
DTM*232*20220115~
DTM*233*20220115~
DTM*050*20220118~
PER*CX**TE*8886323862~
AMT*AU*115~
SVC*HC>S9083*115*15**1~
DTM*472*20220115~
CAS*CO*45*25~
CAS*PR*3*75~
REF*6R*UCRM0000070948-1~
AMT*B6*90~
CLP*UM1000350800*1*115*0*90*13*EHPCW0HQ60000*20*1~
NM1*QC*1*RYAN*DEVON~
NM1*IL*1*RYAN*MICHELLE****MI*W197109117~
NM1*82*2*URGENT CARE OF MILFORD, PLLC*****XX*1730619743~
REF*1L*0846859-013-00002-AB~
REF*CE*Aetna HealthFund  Aetna Choice  POS II NET 04630~
DTM*232*20220117~
DTM*233*20220117~
DTM*050*20220118~
PER*CX**TE*8886323862~
AMT*AU*115~
SVC*HC>S9083*115*0**1~
DTM*472*20220117~
CAS*CO*45*25~
CAS*PR*1*90~
REF*6R*UCRM0000071015-1~
AMT*B6*90~
CLP*UM1000350730*1*115*0*90*13*EHY1W2MDP0000*20*1~
NM1*QC*1*THOMPSON*KYLE~
NM1*IL*1*THOMPSON*ANNA****MI*W181083108~
NM1*82*2*URGENT CARE OF MILFORD, PLLC*****XX*1730619743~
REF*1L*0698685-020-00003-EB~
REF*CE*Aetna Choice  POS II NET 04630~
DTM*232*20220116~
DTM*233*20220116~
DTM*050*20220118~
PER*CX**TE*8886323862~
AMT*AU*115~
SVC*HC>S9083*115*0**1~
DTM*472*20220116~
CAS*CO*45*25~
CAS*PR*1*90~
REF*6R*UCRM0000070965-1~
AMT*B6*90~
CLP*UM1000350770*1*115*0*90*13*EJACW32970000*20*1~
NM1*QC*1*WAMBACK*PENNY****MI*W247185137~
NM1*82*2*URGENT CARE OF MILFORD, PLLC*****XX*1730619743~
REF*1L*0869901-011-00011-AB~
REF*CE*Aetna HealthFund  Aetna Choice  POS II NET 04630~
DTM*232*20220115~
DTM*233*20220115~
DTM*050*20220118~
PER*CX**TE*8886323862~
AMT*AU*115~
SVC*HC>S9083*115*0**1~
DTM*472*20220115~
CAS*CO*45*25~
CAS*PR*1*90~
REF*6R*UCRM0000070959-1~
AMT*B6*90~
CLP*UM1000350720*1*115*0*90*13*EJACW33C70000*20*1~
NM1*QC*1*WAMBACK*JOHN*L~
NM1*IL*1*WAMBACK*PENNY*L***MI*W247185137~
NM1*82*2*URGENT CARE OF MILFORD, PLLC*****XX*1730619743~
REF*1L*0869901-011-00011-AB~
REF*CE*Aetna HealthFund  Aetna Choice  POS II NET 04630~
DTM*232*20220115~
DTM*233*20220115~
DTM*050*20220118~
PER*CX**TE*8886323862~
AMT*AU*115~
SVC*HC>S9083*115*0**1~
DTM*472*20220115~
CAS*CO*45*25~
CAS*PR*1*90~
REF*6R*UCRM0000071064-1~
AMT*B6*90~
CLP*UM1000345430*1*115*0*90*13*EMJMWZKJ70000*20*1~
NM1*QC*1*GREGGS*ALEXANDER~
NM1*IL*1*GREGGS*BOHDANNA****MI*W227604262~
NM1*82*2*URGENT CARE OF MILFORD, PLLC*****XX*1730619743~
REF*1L*0141974-010-00048-AV~
REF*CE*Aetna HealthFund  Aetna Choice  POS II NET 04630~
DTM*232*20220109~
DTM*233*20220109~
DTM*050*20220112~
PER*CX**TE*8886323862~
AMT*AU*115~
SVC*HC>S9083*115*0**1~
DTM*472*20220109~
CAS*CO*45*25~
CAS*PR*1*90~
REF*6R*UCRM0000070034-1~
AMT*B6*90~
CLP*UM1000345450*1*115*0*90*13*EMTXWZVSR0000*20*1~
NM1*QC*1*GREGGS*JAMES~
NM1*IL*1*GREGGS*BOHDANNA****MI*W227604262~
NM1*82*2*URGENT CARE OF MILFORD, PLLC*****XX*1730619743~
REF*1L*0141974-010-00048-AV~
REF*CE*Aetna HealthFund  Aetna Choice  POS II NET 04630~
DTM*232*20220109~
DTM*233*20220109~
DTM*050*20220112~
PER*CX**TE*8886323862~
AMT*AU*115~
SVC*HC>S9083*115*0**1~
DTM*472*20220109~
CAS*CO*45*25~
CAS*PR*1*90~
REF*6R*UCRM0000070035-1~
AMT*B6*90~
CLP*UM1000345420*1*115*72*18*13*ENPCWY6NJ0000*20*1~
NM1*QC*1*KERSTEIN*MAXWELL~
NM1*IL*1*KERSTEIN*MARY****MI*W236188677~
NM1*82*2*URGENT CARE OF MILFORD, PLLC*****XX*1730619743~
REF*1L*0868419-012-00031-FF~
REF*CE*Aetna Choice  POS II NET 04630~
DTM*232*20220102~
DTM*233*20220102~
DTM*050*20220112~
PER*CX**TE*8886323862~
AMT*AU*115~
SVC*HC>S9083*115*72**1~
DTM*472*20220102~
CAS*CO*45*25~
CAS*PR*2*18~
REF*6R*UCRM0000070078-1~
AMT*B6*90~
CLP*UM1000290880*22*-115*0**12*EYFCSNJ3X0000*20*1~
NM1*QC*1*BEMIS*TYLER~
NM1*IL*1*SIKORSKI*JILL****MI*941247015~
NM1*74*1******C*W250530420~
NM1*82*2*URGENT CARE OF MILFORD, PLLC*****XX*1730619743~
REF*1L*0863970-040-00200-PQ~
REF*CE*Open Choice NET 04629~
DTM*232*20210923~
DTM*233*20210923~
DTM*050*20210927~
PER*CX**TE*8004140596~
SVC*HC>S9083>CS*-115*0**0**1~
DTM*472*20210923~
CAS*PR*227*-115*1~
REF*6R*UCRM0000059301-1~
LQ*HE*N179~
CLP*UM1000290880*1*115*90**12*EYFCSNJ3X0001*20*1~
NM1*QC*1*BEMIS*TYLER~
NM1*IL*1*SIKORSKI*JILL****MI*941247015~
NM1*74*1******C*W250530420~
NM1*82*2*URGENT CARE OF MILFORD, PLLC*****XX*1730619743~
REF*1L*0863970-040-00200-PQ~
REF*CE*Open Choice NET 04629~
REF*F8*EYFCSNJ3X0000~
DTM*232*20210923~
DTM*233*20210923~
DTM*050*20220107~
PER*CX**TE*8004140596~
AMT*AU*115~
SVC*HC>S9083>CS*115*90**1~
DTM*472*20210923~
CAS*CO*45*25~
REF*6R*UCRM0000059301-1~
AMT*B6*90~
CLP*UM1000341980*1*115*90**13*EYFCVF9B10000*20*1~
NM1*QC*1*HOTCHKISS*CHRISTINA****MI*W242801477~
NM1*82*2*URGENT CARE OF MILFORD, PLLC*****XX*1730619743~
REF*1L*0868419-020-00014- N~
REF*CE*Aetna Choice  POS II NET 04630~
DTM*232*20220103~
DTM*233*20220103~
DTM*050*20220107~
PER*CX**TE*8886323862~
AMT*AU*115~
SVC*HC>S9083*115*90**1~
DTM*472*20220103~
CAS*CO*45*25~
REF*6R*UCRM0000069279-1~
AMT*B6*90~
CLP*UM1000348330*1*115*90**13*EYFCVKXDW0000*20*1~
NM1*QC*1*PERREGO*REGINA~
NM1*IL*1*PERREGO*JORDAN****MI*W257153752~
NM1*82*2*URGENT CARE OF MILFORD, PLLC*****XX*1730619743~
REF*1L*0868702-046-00043-AN~
REF*CE*Aetna Choice  POS II NET 08126~
DTM*232*20220111~
DTM*233*20220111~
DTM*050*20220114~
PER*CX**TE*8886323862~
AMT*AU*115~
SVC*HC>S9083>CS*115*90**1~
DTM*472*20220111~
CAS*CO*45*25~
REF*6R*UCRM0000070345-1~
AMT*B6*90~
CLP*UM1000272230*22*-115*0**12*E0FCTRDKB0000*20*1~
NM1*QC*1*ROESLER*ROBERT****MI*W254471674~
NM1*82*2*URGENT CARE OF MILFORD, PLLC*****XX*1730619743~
REF*1L*0868742-012-00003-CF~
REF*CE*Open Access Aetna Select  8480 NET 04631~
DTM*232*20210729~
DTM*233*20210729~
DTM*050*20211124~
PER*CX**TE*8886323862~
SVC*HC>S9083>CS*-115*0**0**1~
DTM*472*20210729~
CAS*PR*227*-115*1~
REF*6R*UCRM0000064740-1~
LQ*HE*MA04~
LQ*HE*N179~
CLP*UM1000272230*1*115*90**12*E0FCTRDKB0001*20*1~
NM1*QC*1*ROESLER*ROBERT****MI*W254471674~
NM1*82*2*URGENT CARE OF MILFORD, PLLC*****XX*1730619743~
REF*1L*0868742-012-00003-CF~
REF*CE*Open Access Aetna Select  8480 NET 04631~
REF*F8*E0FCTRDKB0000~
DTM*232*20210729~
DTM*233*20210729~
DTM*050*20220117~
PER*CX**TE*8886323862~
AMT*AU*115~
SVC*HC>S9083>CS*115*90**1~
DTM*472*20210729~
CAS*CO*45*25~
REF*6R*UCRM0000064740-1~
AMT*B6*90~
LX*2~
TS3*1063501591*20*20221231*2*0~
CLP*UM1000337410*22*-115*-72**13*E6PCVD4Q00000*20*1~
NM1*QC*1*KNUUTINEN*NICKOLE****MI*W236199647~
NM1*82*2*URGENT CARE OF MILFORD, PLLC*****XX*1730619743~
REF*1L*0868419-012-00005-FF~
REF*CE*Aetna Choice  POS II NET 04630~
DTM*232*20211227~
DTM*233*20211227~
DTM*050*20211230~
PER*CX**TE*8886323862~
SVC*HC>S9083*-115*-72**1~
DTM*472*20211227~
CAS*CO*45*-25~
CAS*PR*2*-18~
REF*6R*UCRM0000068370-1~
CLP*UM1000337410*1*115*90**13*E6PCVD4Q00001*20*1~
NM1*QC*1*KNUUTINEN*NICKOLE****MI*W236199647~
NM1*82*2*URGENT CARE OF MILFORD, PLLC*****XX*1730619743~
REF*1L*0868419-012-00005-FF~
REF*CE*Aetna Choice  POS II NET 04630~
REF*F8*E6PCVD4Q00000~
DTM*232*20211227~
DTM*233*20211227~
DTM*050*20220113~
PER*CX**TE*8886323862~
AMT*AU*115~
SVC*HC>S9083*115*90**1~
DTM*472*20211227~
CAS*CO*45*25~
REF*6R*UCRM0000068370-1~
AMT*B6*90~
LX*3~
TS3*1912008368*20*20221231*11*575~
CLP*UM1000334630*22*-115*-72**13*EMJMWP7H00000*20*1~
NM1*QC*1*SAJDAK*ERIK~
NM1*IL*1*SAJDAK*JULIE****MI*W198851749~
NM1*82*2*URGENT CARE OF MILFORD, PLLC*****XX*1730619743~
REF*1L*0652156-014-00005-MA~
REF*CE*Aetna Choice  POS II NET 04630~
DTM*232*20211222~
DTM*233*20211222~
DTM*050*20211224~
PER*CX**TE*8886323862~
SVC*HC>S9083*-115*-72**1~
DTM*472*20211222~
CAS*CO*45*-25~
CAS*PR*2*-18~
REF*6R*UCRM0000067878-1~
CLP*UM1000334630*1*115*90**13*EMJMWP7H00001*20*1~
NM1*QC*1*SAJDAK*ERIK~
NM1*IL*1*SAJDAK*JULIE****MI*W198851749~
NM1*82*2*URGENT CARE OF MILFORD, PLLC*****XX*1730619743~
REF*1L*0652156-014-00005-MA~
REF*CE*Aetna Choice  POS II NET 04630~
REF*F8*EMJMWP7H00000~
DTM*232*20211222~
DTM*233*20211222~
DTM*050*20220113~
PER*CX**TE*8886323862~
AMT*AU*115~
SVC*HC>S9083*115*90**1~
DTM*472*20211222~
CAS*CO*45*25~
REF*6R*UCRM0000067878-1~
AMT*B6*90~
CLP*UM1000347530*1*115*72*18*13*ENPCWZWYN0000*20*1~
NM1*QC*1*BROWN*DAVID*F***MI*W236186347~
NM1*82*2*URGENT CARE OF MILFORD, PLLC*****XX*1730619743~
REF*1L*0868419-012-00046-FF~
REF*CE*Aetna Choice  POS II NET 04630~
DTM*232*20220110~
DTM*233*20220110~
DTM*050*20220113~
PER*CX**TE*8886323862~
AMT*AU*115~
SVC*HC>S9083*115*72**1~
DTM*472*20220110~
CAS*CO*45*25~
CAS*PR*2*18~
REF*6R*UCRM0000070248-1~
AMT*B6*90~
CLP*UM1000347520*1*115*60*30*13*EPFCWZ96K0000*20*1~
NM1*QC*1*LEVSTEK*SHELLEY~
NM1*IL*1*LEVSTEK*LANG****MI*W266291484~
NM1*82*2*URGENT CARE OF MILFORD, PLLC*****XX*1730619743~
REF*1L*0308616-013-00001- A~
REF*CE*Aetna Choice  POS II NET 04630~
DTM*232*20220110~
DTM*233*20220110~
DTM*050*20220113~
PER*CX**TE*8886323862~
AMT*AU*115~
SVC*HC>S9083*115*60**1~
DTM*472*20220110~
CAS*CO*45*25~
CAS*PR*3*30~
REF*6R*UCRM0000070187-1~
AMT*B6*90~
CLP*UM1000347510*1*115*90**13*EQACW0SPK0000*20*1~
NM1*QC*1*SMITH*ASHLYN~
NM1*IL*1*SMITH*JEFFREY****MI*W258239337~
NM1*82*2*URGENT CARE OF MILFORD, PLLC*****XX*1730619743~
REF*1L*0145826-010-00702- F~
REF*CE*Aetna HealthFund  Aetna Choice  POS II NET 04630~
DTM*232*20220110~
DTM*233*20220110~
DTM*050*20220113~
PER*CX**TE*8886323862~
AMT*AU*115~
SVC*HC>S9083>CS*115*90**1~
DTM*472*20220110~
CAS*CO*45*25~
REF*6R*UCRM0000070255-1~
AMT*B6*90~
CLP*UM1000347560*1*115*55*35*13*EQTXW0BXQ0000*20*1~
NM1*QC*1*WERNER*ISABELLA~
NM1*IL*1*WERNER*JON****MI*W235255834~
NM1*74*1**DAVID JONATHON~
NM1*82*2*URGENT CARE OF MILFORD, PLLC*****XX*1730619743~
REF*1L*0877157-010-00001- A~
REF*CE*Aetna Choice  POS II NET 04630~
DTM*232*20220111~
DTM*233*20220111~
DTM*050*20220113~
PER*CX**TE*8886323862~
AMT*AU*115~
SVC*HC>S9083*115*55**1~
DTM*472*20220111~
CAS*CO*45*25~
CAS*PR*3*35~
REF*6R*UCRM0000070190-1~
AMT*B6*90~
CLP*UM1000347500*1*115*0*90*13*EQ36WX2NK0000*20*1~
NM1*QC*1*SMITH*AMY~
NM1*IL*1*SMITH*JEFFREY****MI*W258239337~
NM1*82*2*URGENT CARE OF MILFORD, PLLC*****XX*1730619743~
REF*1L*0145826-010-00702- F~
REF*CE*Aetna HealthFund  Aetna Choice  POS II NET 04630~
DTM*232*20220110~
DTM*233*20220110~
DTM*050*20220113~
PER*CX**TE*8886323862~
AMT*AU*115~
SVC*HC>S9083*115*0**1~
DTM*472*20220110~
CAS*CO*45*25~
CAS*PR*1*90~
REF*6R*UCRM0000070254-1~
AMT*B6*90~
CLP*UM1000337390*22*-115*-15**13*E6Y1VFD160000*20*1~
NM1*QC*1*LASKE*CHRISTOPHER****MI*W239917549~
NM1*74*1**CHRISTOPHE~
NM1*82*2*URGENT CARE OF MILFORD, PLLC*****XX*1730619743~
REF*1L*0768255-010-00748-BJ~
REF*CE*Aetna Choice  POS II NET 04630~
DTM*232*20211227~
DTM*233*20211227~
DTM*050*20211230~
PER*CX**TE*8886323862~
SVC*HC>S9083*-115*-15**1~
DTM*472*20211227~
CAS*CO*45*-25~
CAS*PR*3*-75~
REF*6R*UCRM0000068371-1~
CLP*UM1000337390*1*115*90**13*E6Y1VFD160001*20*1~
NM1*QC*1*LASKE*CHRISTOPHER****MI*W239917549~
NM1*82*2*URGENT CARE OF MILFORD, PLLC*****XX*1730619743~
REF*1L*0768255-010-00748-BJ~
REF*CE*Aetna Choice  POS II NET 04630~
REF*F8*E6Y1VFD160000~
DTM*232*20211227~
DTM*233*20211227~
DTM*050*20220113~
PER*CX**TE*8886323862~
AMT*AU*115~
SVC*HC>S9083*115*90**1~
DTM*472*20211227~
CAS*CO*45*25~
REF*6R*UCRM0000068371-1~
AMT*B6*90~
CLP*UM1000341310*22*-115*0**13*E7TXVJH8F0000*20*1~
NM1*QC*1*BALDWIN*THOMAS~
NM1*IL*1*BALDMAN*LISA****MI*W224452191~
NM1*74*1*BALDWIN~
NM1*82*2*URGENT CARE OF MILFORD, PLLC*****XX*1730619743~
REF*1L*0314832-034-00102-QH~
REF*CE*Aetna HealthFund  Aetna Choice  POS II NET 04630~
DTM*232*20220103~
DTM*233*20220103~
DTM*050*20220106~
PER*CX**TE*8886323862~
SVC*HC>S9083*-115*0**1~
DTM*472*20220103~
CAS*CO*45*-25~
CAS*PR*1*-90~
REF*6R*UCRM0000069213-1~
CLP*UM1000341310*1*115*90**13*E7TXVJH8F0001*20*1~
NM1*QC*1*BALDWIN*THOMAS~
NM1*IL*1*BALDMAN*LISA****MI*W224452191~
NM1*74*1*BALDWIN~
NM1*82*2*URGENT CARE OF MILFORD, PLLC*****XX*1730619743~
REF*1L*0314832-034-00102-QH~
REF*CE*Aetna HealthFund  Aetna Choice  POS II NET 04630~
REF*F8*E7TXVJH8F0000~
DTM*232*20220103~
DTM*233*20220103~
DTM*050*20220112~
PER*CX**TE*8886323862~
AMT*AU*115~
SVC*HC>S9083*115*90**1~
DTM*472*20220103~
CAS*CO*45*25~
REF*6R*UCRM0000069213-1~
AMT*B6*90~
SE*533*0563~
ST*835*0564~
BPR*I*130*C*ACH*CCP*01*031100209*DA*0000009108*1066033492**01*072405455*DA*7905132903*20220124~
TRN*1*822019000305157*1066033492~
REF*EV*XXXXXXXXXXXXXXXXXXXXXXXXXXXXXX~
DTM*405*20220119~
N1*PR*AETNA~
N3*151 FARMINGTON AVENUE~
N4*HARTFORD*CT*06156~
REF*2U*60054~
PER*BL*Provider Service~
N1*PE*URGENT CARE OF MILFORD, PLLC*XX*1730619743~
N3*600 HIGHLAND AVE~
N4*MILFORD*MI*483811518~
REF*PQ*492442110~
REF*TJ*820694344~
LX*1~
TS3*1912008368*20*20221231*2*230~
CLP*UM1000347550*1*115*40*50*12*ENY1WX5KF0000*20*1~
NM1*QC*1*BRUEHL*WOLFGANG****MI*W271018742~
NM1*82*2*URGENT CARE OF MILFORD, PLLC*****XX*1730619743~
REF*1L*0176858-010-00001- C~
REF*CE*Open Choice NET 04629~
DTM*232*20220110~
DTM*233*20220110~
DTM*050*20220113~
PER*CX**TE*8002317729~
AMT*AU*115~
SVC*HC>S9083*115*40**1~
DTM*472*20220110~
CAS*CO*45*25~
CAS*PR*3*50~
REF*6R*UCRM0000070227-1~
AMT*B6*90~
CLP*UM1000347470*1*115*90**13*EQJMW0C560000*20*1~
NM1*QC*1*STERNBERG*DANIEL****MI*W257764474~
NM1*82*2*URGENT CARE OF MILFORD, PLLC*****XX*1730619743~
REF*1L*0143303-011-00001-AB~
REF*CE*Aetna Open Access  Managed Choice NET 04630~
DTM*232*20220110~
DTM*233*20220110~
DTM*050*20220113~
PER*CX**TE*8886323862~
AMT*AU*115~
SVC*HC>S9083>CS*115*90**1~
DTM*472*20220110~
CAS*CO*45*25~
REF*6R*UCRM0000070234-1~
AMT*B6*90~
SE*49*0564~
ST*835*0565~
BPR*I*72*C*ACH*CCP*01*031100209*DA*0000009108*1066033492**01*072405455*DA*7905132903*20220124~
TRN*1*822019000235773*1066033492~
REF*EV*XXXXXXXXXXXXXXXXXXXXXXXXXXXXXX~
DTM*405*20220119~
N1*PR*AETNA~
N3*151 FARMINGTON AVENUE~
N4*HARTFORD*CT*06156~
REF*2U*60054~
PER*BL*Provider Service~
N1*PE*URGENT CARE OF MILFORD, PLLC*XX*1730619743~
N3*600 HIGHLAND AVE~
N4*MILFORD*MI*483811518~
REF*PQ*492442110~
REF*TJ*820694344~
LX*1~
TS3*1023114287*20*20221231*1*115~
CLP*UM1000345440*1*115*72*18*12*E2201233020000*20*1~
NM1*QC*1*KASTER*MEGAN****MI*W261869074~
NM1*82*2*URGENT CARE OF MILFORD, PLLC*****XX*1730619743~
REF*1L*0812845-032-00101-QC~
REF*CE*PPO-Medical NET 04629~
DTM*232*20220107~
DTM*233*20220107~
DTM*050*20220112~
PER*CX**TE*8886323862~
AMT*AU*115~
SVC*HC>S9083*115*72**1~
DTM*472*20220107~
CAS*CO*45*25~
CAS*PR*2*18~
REF*6R*UCRM0000069945-1~
AMT*B6*90~
SE*34*0565~
ST*835*2042~
BPR*H*0*C*NON************20220118~
TRN*1*FC9220190010677*1066033492~
REF*EV*XXXXXXXXXXXXXXXXXXXXXXXXXXXXXX~
DTM*405*20220119~
N1*PR*AETNA~
N3*151 FARMINGTON AVENUE~
N4*HARTFORD*CT*06156~
REF*2U*60054~
PER*BL*Provider Service~
N1*PE*URGENT CARE OF MILFORD, PLLC*XX*1730619743~
N3*600 HIGHLAND AVE~
N4*MILFORD*MI*483811518~
REF*PQ*492442110~
REF*TJ*820694344~
LX*1~
TS3*1063501591*20*20221231*2*0~
CLP*UM1000326720*22*-115*-25**13*211208E108870000*20*1~
NM1*QC*1*MELL*ELAINE****MI*MEBR9QMP~
NM1*82*2*URGENT CARE OF MILFORD, PLLC*****XX*1063501591~
REF*1L*354647-221~
REF*CE*VALUE PPO NET 03956~
DTM*232*20211205~
DTM*233*20211205~
DTM*050*20211208~
PER*CX**TE*8006240756~
SVC*HC>S9083*-115*-25**1~
DTM*472*20211205~
CAS*CO*45*-25~
CAS*PR*3*-65~
REF*6R*UCRM0000066157-1~
LQ*HE*N59~
CLP*UM1000326720*1*115*25*65*13*220114C108870000*20*1~
NM1*QC*1*MELL*ELAINE****MI*MEBR9QMP~
NM1*82*2*URGENT CARE OF MILFORD, PLLC*****XX*1063501591~
REF*1L*354647-221~
REF*CE*VALUE PPO NET 03956~
REF*F8*211208E108870000~
DTM*232*20211205~
DTM*233*20211205~
DTM*050*20220114~
PER*CX**TE*8006240756~
AMT*AU*115~
SVC*HC>S9083*115*25**1~
DTM*472*20211205~
CAS*CO*45*25~
CAS*PR*3*65~
REF*6R*UCRM0000066157-1~
AMT*B6*90~
LQ*HE*N59~
SE*51*2042~
GE*4*1~
IEA*1*100358959~
