ISA*00*          *00*          *ZZ*133052274      *ZZ*XXXXXXXXXXXXXXX*220119*0250*^*00501*100358959*0*P*>~
GS*HP*133052274*XX*20220119*0250*1*X*005010X221A1~
ST*835*1997~
BPR*I*1807.67*C*ACH*CCP*01*031100209*DA*0038865237*1066033492**01*053902197*DA*4262084307*20220121~
TRN*1*160118220271452*1066033492~
REF*EV*XXXXXXXXXXXXXXXXXXXXXXXXXXXXXX~
DTM*405*20220119~
N1*PR*AETNA~
N3*151 FARMINGTON AVENUE~
N4*HARTFORD*CT*06156~
REF*2U*60054~
PER*BL*Provider Service~
N1*PE*TIDELANDS HEALTH GEORGETOWN MEM*XX*1982604021~
N3*PO BOX 421718~
N4*GEORGETOWN*SC*294424203~
REF*PQ*440353660~
REF*TJ*570341194~
LX*1~
TS3*1982667069*21*20221231*1*4622~
CLP*GKC4542451*1*4622*1807.67**13*220117E186630000*21*1~
NM1*QC*1*STEGALL*EARL*C***MI*MEBT6YZZ~
NM1*82*2*TIDELANDS HEALTH GEORGETOWN MEM*****XX*1982667069~
REF*G1*2720325~
REF*1L*466870-053~
REF*CE*VALUE PPO NET 04267~
DTM*232*20211204~
DTM*233*20211212~
DTM*050*20220117~
PER*CX**TE*8006240756~
AMT*AU*4622~
SVC*HC>99233*254*99.83**1~
DTM*472*20211204~
CAS*CO*45*154.17~
REF*6R*TIDE0008742467-1~
AMT*B6*99.83~
SVC*HC>99291*546*213.48**1~
DTM*472*20211205~
CAS*CO*45*332.52~
REF*6R*TIDE0008742467-2~
AMT*B6*213.48~
SVC*HC>99291*546*213.48**1~
DTM*472*20211206~
CAS*CO*45*332.52~
REF*6R*TIDE0008742467-3~
AMT*B6*213.48~
SVC*HC>99291*546*213.48**1~
DTM*472*20211207~
CAS*CO*45*332.52~
REF*6R*TIDE0008742467-4~
AMT*B6*213.48~
SVC*HC>99291*546*213.48**1~
DTM*472*20211208~
CAS*CO*45*332.52~
REF*6R*TIDE0008742467-5~
AMT*B6*213.48~
SVC*HC>99291*546*213.48**1~
DTM*472*20211209~
CAS*CO*45*332.52~
REF*6R*TIDE0008742467-6~
AMT*B6*213.48~
SVC*HC>99291*546*213.48**1~
DTM*472*20211210~
CAS*CO*45*332.52~
REF*6R*TIDE0008742467-7~
AMT*B6*213.48~
SVC*HC>99291*546*213.48**1~
DTM*472*20211211~
CAS*CO*45*332.52~
REF*6R*TIDE0008742467-8~
AMT*B6*213.48~
SVC*HC>99291*546*213.48**1~
DTM*472*20211212~
CAS*CO*45*332.52~
REF*6R*TIDE0008742467-9~
AMT*B6*213.48~
SE*74*1997~
GE*1*1~
IEA*1*100358959~
