ISA*00*          *00*          *01*030240928      *ZZ*XXXXXXXXXXXXXXX*220118*1531*^*00501*262455724*0*P*>~
GS*HP*364559356*XX*20220118*1531*1*X*005010X221A1~
ST*835*1035~
BPR*I*59.81*C*ACH*CCP*01* 121000248*DA*4649685948*3383253977**01*041200050*DA*7342810459*20220117~
TRN*1*00000963919*1383253977~
DTM*405*20220115~
N1*PR*MERIDIAN HEALTH PLAN~
N3*777 WOODWARD AVE*SUITE 600~
N4*DETROIT*MI*48226~
REF*2U*52563~
PER*BL*EDI TEAM*EM*EDITEAM@MHPLAN.COM~
PER*IC**UR*WWW.MHPLAN.COM/MI~
N1*PE*PROMEDICA MONROE REGIONAL HOSP*FI*381984289~
N3*PO BOX 639220~
N4*CINCINNATI*OH*45263~
LX*1~
TS3*1760825228*11*20221231*1*225~
CLP*P218981970*1*225*59.81**HM*200275260*11~
NM1*QC*1*LUSK*RYAN*M***MI*1258274455~
NM1*82*1*WALKER*DAVID*J***XX*1760825228~
REF*CE*MEDICAID~
DTM*050*20220112~
SVC*HC>90834>HO*225*59.81**1~
DTM*472*20220111~
CAS*CO*45*165.19~
REF*6R*XPPB0101612051-1~
AMT*B6*59.81~
SE*26*1035~
ST*835*1051~
BPR*I*76763.13*C*ACH*CCP*01* 121000248*DA*4649685948*3383253977**01*041200050*DA*7342810459*20220117~
TRN*1*00000963920*1383253977~
DTM*405*20220115~
N1*PR*MERIDIAN HEALTH PLAN~
N3*777 WOODWARD AVE*SUITE 600~
N4*DETROIT*MI*48226~
REF*2U*52563~
PER*BL*EDI TEAM*EM*EDITEAM@MHPLAN.COM~
PER*IC**UR*WWW.MHPLAN.COM/MI~
N1*PE*PROMEDICA MONROE REGIONAL HOSP*FI*381984289~
N3*PO BOX 639220~
N4*CINCINNATI*OH*45263~
LX*1~
TS3*1811097223*11*20221231*19*272853.01~
CLP*H315462655800*1*12601*1600**HM*200341852*11*1**5602~
NM1*QC*1*BAUMANN*AMANDA*L***MI*0076257876~
NM1*82*2*MERCY MEMORIAL HOSPITAL*****XX*1811097223~
REF*CE*MEDICAID~
DTM*232*20220110~
DTM*233*20220111~
DTM*050*20220114~
SVC*NU>0122*1474*1600**1~
DTM*472*20220110~
CAS*CO*94*-126~
AMT*B6*1600~
SVC*NU>0250*535*0**26~
DTM*472*20220110~
CAS*CO*97*535~
SVC*NU>0300*911*0**4~
DTM*472*20220110~
CAS*CO*97*911~
SVC*NU>0301*20*0**1~
DTM*472*20220110~
CAS*CO*97*20~
SVC*NU>0302*130*0**3~
DTM*472*20220110~
CAS*CO*97*130~
SVC*NU>0305*94*0**2~
DTM*472*20220110~
CAS*CO*97*94~
SVC*NU>0720*2696*0**8~
DTM*472*20220110~
CAS*CO*97*2696~
SVC*NU>0722*6741*0**1~
DTM*472*20220110~
CAS*CO*97*6741~
CLP*H314744733700*22*-15292*-4708.42**HM*195635829*11*1**4203*.9012~
NM1*QC*1*BRAY*BRANDY*L***MI*0055923195~
NM1*82*2*MERCY MEMORIAL HOSPITAL*****XX*1811097223~
REF*CE*MEDICAID~
DTM*232*20210126~
DTM*233*20210129~
DTM*050*20210816~
SVC*NU>0121*-4293*-4708.42**3~
DTM*472*20210126~
CAS*CO*94*415.42~
LQ*HE*N377~
SVC*NU>0250*-852*0**133~
DTM*472*20210126~
CAS*CO*97*-852~
LQ*HE*N377~
SVC*NU>0255*-126*0**100~
DTM*472*20210126~
CAS*CO*97*-126~
LQ*HE*N377~
SVC*NU>0260*-1020*0**4~
DTM*472*20210126~
CAS*CO*97*-1020~
LQ*HE*N377~
SVC*NU>0300*-794*0**7~
DTM*472*20210126~
CAS*CO*97*-794~
LQ*HE*N377~
SVC*NU>0301*-172*0**3~
DTM*472*20210126~
CAS*CO*97*-172~
LQ*HE*N377~
SVC*NU>0305*-345*0**7~
DTM*472*20210126~
CAS*CO*97*-345~
LQ*HE*N377~
SVC*NU>0306*-596*0**6~
DTM*472*20210126~
CAS*CO*97*-596~
LQ*HE*N377~
SVC*NU>0307*-57*0**2~
DTM*472*20210126~
CAS*CO*97*-57~
LQ*HE*N377~
SVC*NU>0320*-475*0**2~
DTM*472*20210126~
CAS*CO*97*-475~
LQ*HE*N377~
SVC*NU>0352*-3940*0**1~
DTM*472*20210126~
CAS*CO*97*-3940~
LQ*HE*N377~
SVC*NU>0361*-685*0**1~
DTM*472*20210126~
CAS*CO*97*-685~
LQ*HE*N377~
SVC*NU>0450*-1603*0**1~
DTM*472*20210126~
CAS*CO*97*-1603~
LQ*HE*N377~
SVC*NU>0730*-181*0**1~
DTM*472*20210126~
CAS*CO*97*-181~
LQ*HE*N377~
SVC*NU>0761*-153*0**1~
DTM*472*20210126~
CAS*CO*97*-153~
LQ*HE*N377~
CLP*H314744733700*1*15292*3377.64**HM*200264707*11*1**4203*.9012~
NM1*QC*1*BRAY*BRANDY*L***MI*0055923195~
NM1*82*2*MERCY MEMORIAL HOSPITAL*****XX*1811097223~
REF*CE*MEDICAID~
DTM*232*20210126~
DTM*233*20210129~
DTM*050*20220112~
SVC*NU>0121*4293*3377.64**3~
DTM*472*20210126~
CAS*CO*45*915.36~
AMT*B6*4708.42~
SVC*NU>0250*852*0**133~
DTM*472*20210126~
CAS*CO*97*852~
SVC*NU>0255*126*0**100~
DTM*472*20210126~
CAS*CO*97*126~
SVC*NU>0260*1020*0**4~
DTM*472*20210126~
CAS*CO*97*1020~
SVC*NU>0300*794*0**7~
DTM*472*20210126~
CAS*CO*97*794~
SVC*NU>0301*172*0**3~
DTM*472*20210126~
CAS*CO*97*172~
SVC*NU>0305*345*0**7~
DTM*472*20210126~
CAS*CO*97*345~
SVC*NU>0306*596*0**6~
DTM*472*20210126~
CAS*CO*97*596~
SVC*NU>0307*57*0**2~
DTM*472*20210126~
CAS*CO*97*57~
SVC*NU>0320*475*0**2~
DTM*472*20210126~
CAS*CO*97*475~
SVC*NU>0352*3940*0**1~
DTM*472*20210126~
CAS*CO*97*3940~
SVC*NU>0361*685*0**1~
DTM*472*20210126~
CAS*CO*97*685~
SVC*NU>0450*1603*0**1~
DTM*472*20210126~
CAS*CO*97*1603~
SVC*NU>0730*181*0**1~
DTM*472*20210126~
CAS*CO*97*181~
SVC*NU>0761*153*0**1~
DTM*472*20210126~
CAS*CO*97*153~
CLP*H315304628002*4*6457*0**HM*200273050*11*1**794~
NM1*QC*1*BRITTON*DA'MARI*L***MI*1266470916~
NM1*82*2*MERCY MEMORIAL HOSPITAL*****XX*1811097223~
REF*CE*MEDICAID~
DTM*232*20211101~
DTM*233*20211102~
DTM*050*20220110~
SVC*NU>0170*926*0**1~
DTM*472*20211101~
CAS*CO*18*926~
LQ*HE*MA41~
SVC*NU>0250*197*0**4~
DTM*472*20211101~
CAS*CO*18*197~
LQ*HE*MA41~
SVC*NU>0300*132*0**1~
DTM*472*20211101~
CAS*CO*18*132~
LQ*HE*MA41~
SVC*NU>0301*48*0**2~
DTM*472*20211101~
CAS*CO*18*48~
LQ*HE*MA41~
SVC*NU>0302*115*0**3~
DTM*472*20211101~
CAS*CO*18*115~
LQ*HE*MA41~
SVC*NU>0471*1118*0**1~
DTM*472*20211101~
CAS*CO*18*1118~
LQ*HE*MA41~
SVC*NU>0483*2633*0**3~
DTM*472*20211101~
CAS*CO*18*2633~
LQ*HE*MA41~
SVC*NU>0723*1288*0**1~
DTM*472*20211101~
CAS*CO*18*1288~
LQ*HE*MA41~
CLP*H315299791401*1*15547*1600**HM*200109367*11*1**8123*.8333~
NM1*QC*1*DROUILLARD*TYLER*J***MI*1076565562~
NM1*82*2*MERCY MEMORIAL HOSPITAL*****XX*1811097223~
REF*CE*MEDICAID~
DTM*232*20211029~
DTM*233*20211030~
DTM*050*20220106~
SVC*NU>0200*3138*1600**1~
DTM*472*20211029~
CAS*CO*45*1538~
AMT*B6*1600~
SVC*NU>0250*1231*0**23~
DTM*472*20211029~
CAS*CO*97*1231~
SVC*NU>0260*693*0**2~
DTM*472*20211029~
CAS*CO*97*693~
SVC*NU>0300*1138*0**6~
DTM*472*20211029~
CAS*CO*97*1138~
SVC*NU>0301*350*0**6~
DTM*472*20211029~
CAS*CO*97*350~
SVC*NU>0305*118*0**2~
DTM*472*20211029~
CAS*CO*97*118~
SVC*NU>0320*199*0**1~
DTM*472*20211029~
CAS*CO*97*199~
SVC*NU>0351*1367*0**1~
DTM*472*20211029~
CAS*CO*97*1367~
SVC*NU>0352*2019*0**1~
DTM*472*20211029~
CAS*CO*97*2019~
SVC*NU>0361*1238*0**1~
DTM*472*20211029~
CAS*CO*97*1238~
SVC*NU>0412*609*0**1~
DTM*472*20211029~
CAS*CO*97*609~
SVC*NU>0450*2875*0**1~
DTM*472*20211029~
CAS*CO*97*2875~
SVC*NU>0730*181*0**1~
DTM*472*20211029~
CAS*CO*97*181~
SVC*NU>0761*391*0**2~
DTM*472*20211029~
CAS*CO*97*391~
CLP*H315374054301*2*28551.03*0**HM*200109323*11*1**7202*.8407~
NM1*QC*1*FERGUSON*DALE*R***MI*1129010761~
NM1*82*2*MERCY MEMORIAL HOSPITAL*****XX*1811097223~
REF*CE*MEDICAID~
DTM*232*20211203~
DTM*233*20211208~
DTM*050*20220106~
SVC*NU>0121*5724*0**4~
DTM*472*20211203~
CAS*OA*23*5724~
SVC*NU>0250*1820*0**70~
DTM*472*20211203~
CAS*OA*23*1820~
SVC*NU>0255*126*0**100~
DTM*472*20211203~
CAS*OA*23*126~
SVC*NU>0260*3943*0**17~
DTM*472*20211203~
CAS*OA*23*3943~
SVC*NU>0300*1496*0**11~
DTM*472*20211203~
CAS*OA*23*1496~
SVC*NU>0301*518*0**10~
DTM*472*20211203~
CAS*OA*23*518~
SVC*NU>0305*467*0**9~
DTM*472*20211203~
CAS*OA*23*467~
SVC*NU>0306*1019*0**12~
DTM*472*20211203~
CAS*OA*23*1019~
SVC*NU>0307*94*0**2~
DTM*472*20211203~
CAS*OA*23*94~
SVC*NU>0341*1224.01*0**2~
DTM*472*20211203~
CAS*OA*23*1224.01~
SVC*NU>0343*225*0**1~
DTM*472*20211203~
CAS*OA*23*225~
SVC*NU>0352*7192.02*0**4~
DTM*472*20211203~
CAS*OA*23*7192.02~
SVC*NU>0402*587*0**1~
DTM*472*20211203~
CAS*OA*23*587~
SVC*NU>0450*1603*0**1~
DTM*472*20211203~
CAS*OA*23*1603~
SVC*NU>0460*76*0**1~
DTM*472*20211203~
CAS*OA*23*76~
SVC*NU>0730*181*0**1~
DTM*472*20211203~
CAS*OA*23*181~
SVC*NU>0761*1097*0**6~
DTM*472*20211203~
CAS*OA*23*1097~
SVC*NU>0762*1159*0**19~
DTM*472*20211203~
CAS*OA*23*1159~
CLP*H315267613003*4*3586*0**HM*200269621*11*1**794~
NM1*QC*1*FLETCHER*ROY*R***MI*1265618903~
NM1*82*2*MERCY MEMORIAL HOSPITAL*****XX*1811097223~
REF*CE*MEDICAID~
DTM*232*20211014~
DTM*050*20220110~
SVC*NU>0170*926*0**1~
DTM*472*20211014~
CAS*CO*16*926~
LQ*HE*MA41~
SVC*NU>0250*174*0**2~
DTM*472*20211014~
CAS*CO*16*174~
LQ*HE*MA41~
SVC*NU>0300*936*0**3~
DTM*472*20211014~
CAS*CO*16*936~
LQ*HE*MA41~
SVC*NU>0301*887*0**4~
DTM*472*20211014~
CAS*CO*16*887~
LQ*HE*MA41~
SVC*NU>0302*115*0**3~
DTM*472*20211014~
CAS*CO*16*115~
LQ*HE*MA41~
SVC*NU>0305*59*0**1~
DTM*472*20211014~
CAS*CO*16*59~
LQ*HE*MA41~
SVC*NU>0306*85*0**1~
DTM*472*20211014~
CAS*CO*16*85~
LQ*HE*MA41~
SVC*NU>0320*404*0**2~
DTM*472*20211014~
CAS*CO*16*404~
LQ*HE*MA41~
CLP*H315435589101*1*3712*1600**HM*200266420*11*1**6401*.6304~
NM1*QC*1*GORDON*RYKER*R***MI*1268280447~
NM1*82*2*MERCY MEMORIAL HOSPITAL*****XX*1811097223~
REF*CE*MEDICAID~
DTM*232*20211230~
DTM*233*20211231~
DTM*050*20220112~
SVC*NU>0170*926*1600**1~
DTM*472*20211230~
CAS*CO*94*-674~
AMT*B6*1600~
SVC*NU>0250*199*0**4~
DTM*472*20211230~
CAS*CO*97*199~
SVC*NU>0300*161*0**2~
DTM*472*20211230~
CAS*CO*97*161~
SVC*NU>0301*20*0**1~
DTM*472*20211230~
CAS*CO*97*20~
SVC*NU>0471*1118*0**1~
DTM*472*20211230~
CAS*CO*97*1118~
SVC*NU>0723*1288*0**1~
DTM*472*20211230~
CAS*CO*97*1288~
CLP*H315309839902*4*3928*0**HM*200269625*11*1**795~
NM1*QC*1*GUILD*KODA*R***MI*1266241118~
NM1*82*2*MERCY MEMORIAL HOSPITAL*****XX*1811097223~
REF*CE*MEDICAID~
DTM*232*20211103~
DTM*233*20211104~
DTM*050*20220110~
SVC*NU>0170*926*0**1~
DTM*472*20211103~
CAS*CO*18*926~
LQ*HE*MA41~
SVC*NU>0250*197*0**4~
DTM*472*20211103~
CAS*CO*18*197~
LQ*HE*MA41~
SVC*NU>0300*264*0**2~
DTM*472*20211103~
CAS*CO*18*264~
LQ*HE*MA41~
SVC*NU>0301*20*0**1~
DTM*472*20211103~
CAS*CO*18*20~
LQ*HE*MA41~
SVC*NU>0302*115*0**3~
DTM*472*20211103~
CAS*CO*18*115~
LQ*HE*MA41~
SVC*NU>0471*1118*0**1~
DTM*472*20211103~
CAS*CO*18*1118~
LQ*HE*MA41~
SVC*NU>0723*1288*0**1~
DTM*472*20211103~
CAS*CO*18*1288~
LQ*HE*MA41~
CLP*H315423830800*1*19276*13721.68**HM*200138788*11*1**2824*2.6278~
NM1*QC*1*JOHNSON*KEVIN****MI*0098550321~
NM1*82*2*MERCY MEMORIAL HOSPITAL*****XX*1811097223~
REF*CE*MEDICAID~
DTM*232*20211225~
DTM*233*20211229~
DTM*050*20220107~
SVC*NU>0121*5724*13721.68**4~
DTM*472*20211225~
CAS*CO*94*-7997.68~
AMT*B6*13721.68~
SVC*NU>0250*1277*0**155~
DTM*472*20211225~
CAS*CO*97*1277~
SVC*NU>0255*126*0**100~
DTM*472*20211225~
CAS*CO*97*126~
SVC*NU>0260*1581*0**7~
DTM*472*20211225~
CAS*CO*97*1581~
SVC*NU>0300*1589*0**10~
DTM*472*20211225~
CAS*CO*97*1589~
SVC*NU>0301*1289*0**22~
DTM*472*20211225~
CAS*CO*97*1289~
SVC*NU>0305*267*0**5~
DTM*472*20211225~
CAS*CO*97*267~
SVC*NU>0307*67*0**2~
DTM*472*20211225~
CAS*CO*97*67~
SVC*NU>0320*199*0**1~
DTM*472*20211225~
CAS*CO*97*199~
SVC*NU>0352*3940*0**1~
DTM*472*20211225~
CAS*CO*97*3940~
SVC*NU>0450*1603*0**1~
DTM*472*20211225~
CAS*CO*97*1603~
SVC*NU>0730*543*0**3~
DTM*472*20211225~
CAS*CO*97*543~
SVC*NU>0761*1071*0**7~
DTM*472*20211225~
CAS*CO*97*1071~
CLP*H315439743600*1*8652*1600**HM*200138779*11*1**2033*.8866~
NM1*QC*1*LANIER*NICOLE****MI*0086003036~
NM1*82*2*MERCY MEMORIAL HOSPITAL*****XX*1811097223~
REF*CE*MEDICAID~
DTM*232*20220101~
DTM*233*20220102~
DTM*050*20220107~
SVC*NU>0121*1474*1600**1~
DTM*472*20220101~
CAS*CO*94*-126~
AMT*B6*1600~
SVC*NU>0250*129*0**27~
DTM*472*20220101~
CAS*CO*97*129~
SVC*NU>0255*128*0**100~
DTM*472*20220101~
CAS*CO*97*128~
SVC*NU>0260*253*0**1~
DTM*472*20220101~
CAS*CO*97*253~
SVC*NU>0300*1136*0**6~
DTM*472*20220101~
CAS*CO*97*1136~
SVC*NU>0301*484*0**6~
DTM*472*20220101~
CAS*CO*97*484~
SVC*NU>0305*183*0**3~
DTM*472*20220101~
CAS*CO*97*183~
SVC*NU>0307*48*0**1~
DTM*472*20220101~
CAS*CO*97*48~
SVC*NU>0320*209*0**1~
DTM*472*20220101~
CAS*CO*97*209~
SVC*NU>0352*2328*0**1~
DTM*472*20220101~
CAS*CO*97*2328~
SVC*NU>0450*1667*0**1~
DTM*472*20220101~
CAS*CO*97*1667~
SVC*NU>0730*194*0**1~
DTM*472*20220101~
CAS*CO*97*194~
SVC*NU>0761*419*0**2~
DTM*472*20220101~
CAS*CO*97*419~
CLP*H315440630500*1*9166*1600**HM*200188100*11*1**1373*1.3302~
NM1*QC*1*LATOSKI*SARAH*E***MI*0061392767~
NM1*82*2*MERCY MEMORIAL HOSPITAL*****XX*1811097223~
REF*CE*MEDICAID~
DTM*232*20220102~
DTM*233*20220103~
DTM*050*20220110~
SVC*NU>0206*2345*1600**1~
DTM*472*20220102~
CAS*CO*45*745~
AMT*B6*1600~
SVC*NU>0250*90*0**58~
DTM*472*20220102~
CAS*CO*97*90~
SVC*NU>0260*253*0**1~
DTM*472*20220102~
CAS*CO*97*253~
SVC*NU>0270*432*0**1~
DTM*472*20220102~
CAS*CO*97*432~
SVC*NU>0300*608*0**5~
DTM*472*20220102~
CAS*CO*97*608~
SVC*NU>0301*542*0**6~
DTM*472*20220102~
CAS*CO*97*542~
SVC*NU>0302*508*0**8~
DTM*472*20220102~
CAS*CO*97*508~
SVC*NU>0305*290*0**7~
DTM*472*20220102~
CAS*CO*97*290~
SVC*NU>0306*1075*0**2~
DTM*472*20220102~
CAS*CO*97*1075~
SVC*NU>0307*58*0**2~
DTM*472*20220102~
CAS*CO*97*58~
SVC*NU>0320*209*0**1~
DTM*472*20220102~
CAS*CO*97*209~
SVC*NU>0410*149*0**1~
DTM*472*20220102~
CAS*CO*97*149~
SVC*NU>0450*1667*0**1~
DTM*472*20220102~
CAS*CO*97*1667~
SVC*NU>0460*163*0**1~
DTM*472*20220102~
CAS*CO*97*163~
SVC*NU>0730*194*0**1~
DTM*472*20220102~
CAS*CO*97*194~
SVC*NU>0761*583*0**3~
DTM*472*20220102~
CAS*CO*97*583~
CLP*H315457442600*1*13233.97*4457.01**HM*200341927*11*1**5401*.6846~
NM1*QC*1*MCNEIL*ASHLEY*N***MI*0020139648~
NM1*82*2*MERCY MEMORIAL HOSPITAL*****XX*1811097223~
REF*CE*MEDICAID~
DTM*232*20220107~
DTM*233*20220109~
DTM*050*20220114~
SVC*NU>0122*2948*4457.01**2~
DTM*472*20220107~
CAS*CO*94*-1509.01~
AMT*B6*4457.01~
SVC*NU>0250*600*0**50~
DTM*472*20220107~
CAS*CO*97*600~
SVC*NU>0272*517.97*0**1~
DTM*472*20220107~
CAS*CO*97*517.97~
SVC*NU>0300*838*0**3~
DTM*472*20220107~
CAS*CO*97*838~
SVC*NU>0302*130*0**3~
DTM*472*20220107~
CAS*CO*97*130~
SVC*NU>0305*120*0**2~
DTM*472*20220107~
CAS*CO*97*120~
SVC*NU>0312*328*0**1~
DTM*472*20220107~
CAS*CO*97*328~
SVC*NU>0722*7752*0**1~
DTM*472*20220107~
CAS*CO*97*7752~
CLP*H315362562802*2*93323*0**HM*200109374*11*1**1373*1.3302~
NM1*QC*1*MECUM*DAVID****MI*1088909209~
NM1*82*2*MERCY MEMORIAL HOSPITAL*****XX*1811097223~
REF*CE*MEDICAID~
DTM*232*20211129~
DTM*233*20211216~
DTM*050*20220106~
SVC*NU>0200*37656*0**12~
DTM*472*20211129~
CAS*OA*23*37656~
SVC*NU>0206*11385*0**5~
DTM*472*20211129~
CAS*OA*23*11385~
SVC*NU>0250*19211*0**472~
DTM*472*20211129~
CAS*OA*23*19211~
SVC*NU>0255*141*0**100~
DTM*472*20211129~
CAS*OA*23*141~
SVC*NU>0260*236*0**1~
DTM*472*20211129~
CAS*OA*23*236~
SVC*NU>0270*838*0**2~
DTM*472*20211129~
CAS*OA*23*838~
SVC*NU>0300*3370*0**28~
DTM*472*20211129~
CAS*OA*23*3370~
SVC*NU>0301*2090*0**42~
DTM*472*20211129~
CAS*OA*23*2090~
SVC*NU>0302*174*0**4~
DTM*472*20211129~
CAS*OA*23*174~
SVC*NU>0305*1436*0**25~
DTM*472*20211129~
CAS*OA*23*1436~
SVC*NU>0306*416*0**3~
DTM*472*20211129~
CAS*OA*23*416~
SVC*NU>0307*47*0**1~
DTM*472*20211129~
CAS*OA*23*47~
SVC*NU>0320*1393*0**7~
DTM*472*20211129~
CAS*OA*23*1393~
SVC*NU>0352*2238*0**1~
DTM*472*20211129~
CAS*OA*23*2238~
SVC*NU>0402*544*0**1~
DTM*472*20211129~
CAS*OA*23*544~
SVC*NU>0410*1249*0**9~
DTM*472*20211129~
CAS*OA*23*1249~
SVC*NU>0412*7440*0**16~
DTM*472*20211129~
CAS*OA*23*7440~
SVC*NU>0450*1603*0**1~
DTM*472*20211129~
CAS*OA*23*1603~
SVC*NU>0460*1256*0**8~
DTM*472*20211129~
CAS*OA*23*1256~
SVC*NU>0730*362*0**2~
DTM*472*20211129~
CAS*OA*23*362~
SVC*NU>0761*238*0**1~
DTM*472*20211129~
CAS*OA*23*238~
CLP*H314810848302*1*22525*4514.46**HM*200109273*11*7**1332*.8968~
NM1*QC*1*MIRACLE*BONITA****MI*0095935038~
NM1*82*2*MERCY MEMORIAL HOSPITAL*****XX*1811097223~
REF*CE*MEDICAID~
DTM*232*20210301~
DTM*233*20210303~
DTM*050*20220106~
SVC*NU>0121*1431*4514.46**1~
DTM*472*20210301~
CAS*CO*94*-3083.46~
AMT*B6*4514.46~
SVC*NU>0200*3138*0**1~
DTM*472*20210301~
CAS*CO*97*3138~
SVC*NU>0250*743*0**53~
DTM*472*20210301~
CAS*CO*97*743~
SVC*NU>0255*126*0**100~
DTM*472*20210301~
CAS*CO*97*126~
SVC*NU>0260*929*0**3~
DTM*472*20210301~
CAS*CO*97*929~
SVC*NU>0270*838*0**2~
DTM*472*20210301~
CAS*CO*97*838~
SVC*NU>0300*1328*0**8~
DTM*472*20210301~
CAS*CO*97*1328~
SVC*NU>0301*1059*0**16~
DTM*472*20210301~
CAS*CO*97*1059~
SVC*NU>0302*644*0**23~
DTM*472*20210301~
CAS*CO*97*644~
SVC*NU>0305*406*0**10~
DTM*472*20210301~
CAS*CO*97*406~
SVC*NU>0306*1068*0**3~
DTM*472*20210301~
CAS*CO*97*1068~
SVC*NU>0307*67*0**2~
DTM*472*20210301~
CAS*CO*97*67~
SVC*NU>0310*1035*0**1~
DTM*472*20210301~
CAS*CO*97*1035~
SVC*NU>0320*199*0**1~
DTM*472*20210301~
CAS*CO*97*199~
SVC*NU>0352*2238*0**1~
DTM*472*20210301~
CAS*CO*97*2238~
SVC*NU>0410*2721*0**20~
DTM*472*20210301~
CAS*CO*97*2721~
SVC*NU>0412*609*0**1~
DTM*472*20210301~
CAS*CO*97*609~
SVC*NU>0450*2875*0**1~
DTM*472*20210301~
CAS*CO*97*2875~
SVC*NU>0730*181*0**1~
DTM*472*20210301~
CAS*CO*97*181~
SVC*NU>0761*890*0**4~
DTM*472*20210301~
CAS*CO*97*890~
CLP*H314767072700*22*-14756*-5051.28**HM*195637044*11*1**7753*.9442~
NM1*QC*1*SANDBERG*DALE****MI*1225414293~
NM1*82*2*MERCY MEMORIAL HOSPITAL*****XX*1811097223~
REF*CE*MEDICAID~
DTM*232*20210206~
DTM*233*20210210~
DTM*050*20210816~
SVC*NU>0121*-4293*-5051.28**3~
DTM*472*20210206~
CAS*CO*94*758.28~
LQ*HE*N377~
SVC*NU>0250*-433*0**165~
DTM*472*20210206~
CAS*CO*97*-433~
LQ*HE*N377~
SVC*NU>0270*-419*0**1~
DTM*472*20210206~
CAS*CO*97*-419~
LQ*HE*N377~
SVC*NU>0300*-765*0**6~
DTM*472*20210206~
CAS*CO*97*-765~
LQ*HE*N377~
SVC*NU>0301*-327*0**5~
DTM*472*20210206~
CAS*CO*97*-327~
LQ*HE*N377~
SVC*NU>0305*-259*0**5~
DTM*472*20210206~
CAS*CO*97*-259~
LQ*HE*N377~
SVC*NU>0307*-47*0**1~
DTM*472*20210206~
CAS*CO*97*-47~
LQ*HE*N377~
SVC*NU>0320*-205*0**1~
DTM*472*20210206~
CAS*CO*97*-205~
LQ*HE*N377~
SVC*NU>0410*-1810*0**5~
DTM*472*20210206~
CAS*CO*97*-1810~
LQ*HE*N377~
SVC*NU>0421*-458*0**4~
DTM*472*20210206~
CAS*CO*97*-458~
LQ*HE*N377~
SVC*NU>0424*-334*0**1~
DTM*472*20210206~
CAS*CO*97*-334~
LQ*HE*N377~
SVC*NU>0431*-462*0**4~
DTM*472*20210206~
CAS*CO*97*-462~
LQ*HE*N377~
SVC*NU>0434*-334*0**1~
DTM*472*20210206~
CAS*CO*97*-334~
LQ*HE*N377~
SVC*NU>0450*-1603*0**1~
DTM*472*20210206~
CAS*CO*97*-1603~
LQ*HE*N377~
SVC*NU>0730*-181*0**1~
DTM*472*20210206~
CAS*CO*97*-181~
LQ*HE*N377~
SVC*NU>0761*-1667*0**8~
DTM*472*20210206~
CAS*CO*97*-1667~
LQ*HE*N377~
SVC*NU>0762*-1159*0**19~
DTM*472*20210206~
CAS*CO*97*-1159~
LQ*HE*N377~
CLP*H314767072700*1*14756*3629.89**HM*200289597*11*1**7753*.9442~
NM1*QC*1*SANDBERG*DALE****MI*1225414293~
NM1*82*2*MERCY MEMORIAL HOSPITAL*****XX*1811097223~
REF*CE*MEDICAID~
DTM*232*20210206~
DTM*233*20210210~
DTM*050*20220113~
SVC*NU>0121*4293*3629.89**3~
DTM*472*20210206~
CAS*CO*45*663.11~
AMT*B6*5051.28~
SVC*NU>0250*433*0**165~
DTM*472*20210206~
CAS*CO*97*433~
SVC*NU>0270*419*0**1~
DTM*472*20210206~
CAS*CO*97*419~
SVC*NU>0300*765*0**6~
DTM*472*20210206~
CAS*CO*97*765~
SVC*NU>0301*327*0**5~
DTM*472*20210206~
CAS*CO*97*327~
SVC*NU>0305*259*0**5~
DTM*472*20210206~
CAS*CO*97*259~
SVC*NU>0307*47*0**1~
DTM*472*20210206~
CAS*CO*97*47~
SVC*NU>0320*205*0**1~
DTM*472*20210206~
CAS*CO*97*205~
SVC*NU>0410*1810*0**5~
DTM*472*20210206~
CAS*CO*97*1810~
SVC*NU>0421*458*0**4~
DTM*472*20210206~
CAS*CO*97*458~
SVC*NU>0424*334*0**1~
DTM*472*20210206~
CAS*CO*97*334~
SVC*NU>0431*462*0**4~
DTM*472*20210206~
CAS*CO*97*462~
SVC*NU>0434*334*0**1~
DTM*472*20210206~
CAS*CO*97*334~
SVC*NU>0450*1603*0**1~
DTM*472*20210206~
CAS*CO*97*1603~
SVC*NU>0730*181*0**1~
DTM*472*20210206~
CAS*CO*97*181~
SVC*NU>0761*1667*0**8~
DTM*472*20210206~
CAS*CO*97*1667~
SVC*NU>0762*1159*0**19~
DTM*472*20210206~
CAS*CO*97*1159~
CLP*H315423927500*1*21850*4848.86**HM*200138783*11*1**4253*.9232~
NM1*QC*1*SNORF*APRIL****MI*0075512508~
NM1*82*2*MERCY MEMORIAL HOSPITAL*****XX*1811097223~
REF*CE*MEDICAID~
DTM*232*20211225~
DTM*233*20211228~
DTM*050*20220107~
SVC*NU>0200*6276*4848.86**2~
DTM*472*20211225~
CAS*CO*45*1427.14~
AMT*B6*4848.86~
SVC*NU>0250*1071*0**108~
DTM*472*20211225~
CAS*CO*97*1071~
SVC*NU>0255*128*0**100~
DTM*472*20211225~
CAS*CO*97*128~
SVC*NU>0260*1713*0**6~
DTM*472*20211225~
CAS*CO*97*1713~
SVC*NU>0300*803*0**7~
DTM*472*20211225~
CAS*CO*97*803~
SVC*NU>0301*863*0**10~
DTM*472*20211225~
CAS*CO*97*863~
SVC*NU>0305*239*0**4~
DTM*472*20211225~
CAS*CO*97*239~
SVC*NU>0306*1015*0**1~
DTM*472*20211225~
CAS*CO*97*1015~
SVC*NU>0307*57*0**2~
DTM*472*20211225~
CAS*CO*97*57~
SVC*NU>0320*199*0**1~
DTM*472*20211225~
CAS*CO*97*199~
SVC*NU>0352*2238*0**1~
DTM*472*20211225~
CAS*CO*97*2238~
SVC*NU>0410*2597*0**19~
DTM*472*20211225~
CAS*CO*97*2597~
SVC*NU>0412*1539*0**3~
DTM*472*20211225~
CAS*CO*97*1539~
SVC*NU>0450*1603*0**1~
DTM*472*20211225~
CAS*CO*97*1603~
SVC*NU>0460*76*0**1~
DTM*472*20211225~
CAS*CO*97*76~
SVC*NU>0730*362*0**2~
DTM*472*20211225~
CAS*CO*97*362~
SVC*NU>0761*1071*0**7~
DTM*472*20211225~
CAS*CO*97*1071~
CLP*H314330083902*2*10445.01*0**HM*200296800*11*1**4221*.6577~
NM1*QC*1*STANLEYMILLARD*MILDRED*E***MI*0006745750~
NM1*74*1*STANLEY*MILDRED*E***C*0006745750~
NM1*82*2*MERCY MEMORIAL HOSPITAL*****XX*1811097223~
REF*CE*MEDICAID~
DTM*232*20200617~
DTM*233*20200619~
DTM*050*20220113~
SVC*NU>0206*2211*0**1~
DTM*472*20200617~
CAS*OA*23*2211~
SVC*NU>0250*26*0**10~
DTM*472*20200617~
CAS*OA*23*26~
SVC*NU>0260*1105*0**5~
DTM*472*20200617~
CAS*OA*23*1105~
SVC*NU>0300*295*0**3~
DTM*472*20200617~
CAS*OA*23*295~
SVC*NU>0301*621*0**8~
DTM*472*20200617~
CAS*OA*23*621~
SVC*NU>0305*133*0**3~
DTM*472*20200617~
CAS*OA*23*133~
SVC*NU>0320*188*0**1~
DTM*472*20200617~
CAS*OA*23*188~
SVC*NU>0351*1302.01*0**2~
DTM*472*20200617~
CAS*OA*23*1302.01~
SVC*NU>0410*881*0**7~
DTM*472*20200617~
CAS*OA*23*881~
SVC*NU>0421*107*0**1~
DTM*472*20200617~
CAS*OA*23*107~
SVC*NU>0424*271*0**1~
DTM*472*20200617~
CAS*OA*23*271~
SVC*NU>0431*109*0**1~
DTM*472*20200617~
CAS*OA*23*109~
SVC*NU>0434*271*0**1~
DTM*472*20200617~
CAS*OA*23*271~
SVC*NU>0450*1512*0**1~
DTM*472*20200617~
CAS*OA*23*1512~
SVC*NU>0730*169*0**1~
DTM*472*20200617~
CAS*OA*23*169~
SVC*NU>0761*359*0**2~
DTM*472*20200617~
CAS*OA*23*359~
SVC*NU>0762*885*0**15~
DTM*472*20200617~
CAS*OA*23*885~
LX*2~
TS3*1811097223*12*20221231*1*32153.74~
CLP*H315109067708*2*32153.74*0**HM*199998876*12*1~
NM1*QC*1*RAY*EVELYN*D***MI*0013443455~
NM1*82*2*MERCY MEMORIAL HOSPITAL*****XX*1811097223~
REF*CE*MEDICAID~
DTM*232*20210923~
DTM*233*20210924~
DTM*050*20220103~
SVC*NU>0250*1433*0**23~
DTM*472*20210923~
CAS*OA*23*1433~
SVC*NU>0250*97*0**5~
DTM*472*20210924~
CAS*OA*23*97~
SVC*NU>0270*484.54*0**2~
DTM*472*20210923~
CAS*OA*23*484.54~
SVC*NU>0272*905.15*0**3~
DTM*472*20210923~
CAS*OA*23*905.15~
SVC*HC>C1729*16.05*0*0272*1~
DTM*472*20210923~
CAS*OA*23*16.05~
REF*6R*PMXP0101341396-5~
SVC*NU>0278*1400*0**1~
DTM*472*20210923~
CAS*OA*23*1400~
SVC*HC>C1713*1814*0*0278*11~
DTM*472*20210923~
CAS*OA*23*1814~
REF*6R*PMXP0101341396-7~
SVC*HC>C1821*10800*0*0278*6~
DTM*472*20210923~
CAS*OA*23*10800~
REF*6R*PMXP0101341396-8~
SVC*HC>U0003*420*0*0300*1~
DTM*472*20210923~
CAS*OA*23*420~
REF*6R*PMXP0101341396-9~
SVC*HC>U0005*100*0*0300*1~
DTM*472*20210923~
CAS*OA*23*100~
REF*6R*PMXP0101341396-10~
SVC*HC>86850*59*0*0302*1~
DTM*472*20210923~
CAS*OA*23*59~
REF*6R*PMXP0101341396-11~
SVC*HC>86900*33*0*0302*1~
DTM*472*20210923~
CAS*OA*23*33~
REF*6R*PMXP0101341396-12~
SVC*HC>86901*35*0*0302*1~
DTM*472*20210923~
CAS*OA*23*35~
REF*6R*PMXP0101341396-13~
SVC*HC>85018*27*0*0305*1~
DTM*472*20210924~
CAS*OA*23*27~
REF*6R*PMXP0101341396-14~
SVC*HC>85049*42*0*0305*1~
DTM*472*20210923~
CAS*OA*23*42~
REF*6R*PMXP0101341396-15~
SVC*HC>85049*42*0*0305*1~
DTM*472*20210924~
CAS*OA*23*42~
REF*6R*PMXP0101341396-16~
SVC*HC>72040*182*0*0320*1~
DTM*472*20210923~
CAS*OA*23*182~
REF*6R*PMXP0101341396-17~
SVC*HC>22558*11790*0*0360*1~
DTM*472*20210923~
CAS*OA*23*11790~
REF*6R*PMXP0101341396-18~
SVC*HC>94640*124*0*0410*1~
DTM*472*20210923~
CAS*OA*23*124~
REF*6R*PMXP0101341396-19~
SVC*HC>94664>59*216*0*0410*1~
DTM*472*20210923~
CAS*OA*23*216~
REF*6R*PMXP0101341396-20~
SVC*HC>97116>GP>97*112*0*0421*1~
DTM*472*20210924~
CAS*OA*23*112~
REF*6R*PMXP0101341396-21~
SVC*HC>97162>GP>97*334*0*0424*1~
DTM*472*20210924~
CAS*OA*23*334~
REF*6R*PMXP0101341396-22~
SVC*HC>97535>GO>97*114*0*0431*1~
DTM*472*20210924~
CAS*OA*23*114~
REF*6R*PMXP0101341396-23~
SVC*HC>97166>GO>97*334*0*0434*1~
DTM*472*20210924~
CAS*OA*23*334~
REF*6R*PMXP0101341396-24~
SVC*NU>0710*1240*0**5~
DTM*472*20210923~
CAS*OA*23*1240~
LX*3~
TS3*1811097223*13*20221231*224*422634.74~
CLP*H313896966806*4*1649*0**HM*200265711*13*7~
NM1*QC*1*ADAMS*SAMANTHA*D***MI*1145525205~
REF*CE*MEDICAID~
DTM*232*20190901~
DTM*050*20220110~
SVC*NU>0250*20*0**3~
DTM*472*20190901~
CAS*CO*29*20~
LQ*HE*N479~
SVC*HC>96361*207*0*0260*1~
DTM*472*20190901~
CAS*CO*29*207~
LQ*HE*N479~
SVC*HC>99283>25*952*0*0450*1~
DTM*472*20190901~
CAS*CO*29*952~
LQ*HE*N479~
SVC*HC>96374*202*0*0761*1~
DTM*472*20190901~
CAS*CO*29*202~
LQ*HE*N479~
SVC*HC>96375*268*0*0761*2~
DTM*472*20190901~
CAS*CO*29*268~
LQ*HE*N479~
CLP*H313905803605*4*3152*0**HM*200265712*13*7~
NM1*QC*1*ADAMS*SAMANTHA*D***MI*1145525205~
REF*CE*MEDICAID~
DTM*232*20190907~
DTM*050*20220110~
SVC*NU>0250*31*0**3~
DTM*472*20190907~
CAS*CO*29*31~
LQ*HE*N479~
SVC*HC>80048*92*0*0300*1~
DTM*472*20190907~
CAS*CO*29*92~
LQ*HE*N479~
SVC*HC>81001*46*0*0307*1~
DTM*472*20190907~
CAS*CO*29*46~
LQ*HE*N479~
SVC*HC>81025*36*0*0307*1~
DTM*472*20190907~
CAS*CO*29*36~
LQ*HE*N479~
SVC*HC>70450*1264*0*0351*1~
DTM*472*20190907~
CAS*CO*29*1264~
LQ*HE*N479~
SVC*HC>99284>25*1213*0*0450*1~
DTM*472*20190907~
CAS*CO*29*1213~
LQ*HE*N479~
SVC*HC>96374*202*0*0761*1~
DTM*472*20190907~
CAS*CO*29*202~
LQ*HE*N479~
SVC*HC>96375*268*0*0761*2~
DTM*472*20190907~
CAS*CO*29*268~
LQ*HE*N479~
CLP*H315461880700*1*542*72.06**HM*200305679*13*1~
NM1*QC*1*ADAMS*SKYLER*N***MI*0012638447~
NM1*82*2*MERCY MEMORIAL HOSPITAL*****XX*1811097223~
REF*CE*MEDICAID~
DTM*232*20220109~
DTM*050*20220113~
SVC*HC>80307*318*0*0300*1~
DTM*472*20220109~
CAS*CO*97*318~
REF*6R*PMXP0101653783-1~
LQ*HE*M15~
SVC*HC>87086*73*0*0300*1~
DTM*472*20220109~
CAS*CO*97*73~
REF*6R*PMXP0101653783-2~
LQ*HE*M15~
SVC*HC>81003>59*20*0*0301*1~
DTM*472*20220109~
CAS*CO*97*20~
REF*6R*PMXP0101653783-3~
LQ*HE*M15~
SVC*HC>G0463*131*72.06*0761*1~
DTM*472*20220109~
CAS*CO*45*58.94~
REF*6R*PMXP0101653783-4~
AMT*B6*72.06~
CLP*H315440770100*1*3643*393.36**HM*200266459*13*1~
NM1*QC*1*ADAMS*TIFFANY*H***MI*0031691030~
NM1*82*2*MERCY MEMORIAL HOSPITAL*****XX*1811097223~
REF*CE*MEDICAID~
DTM*232*20220102~
DTM*050*20220112~
SVC*NU>0250*1*0**2~
DTM*472*20220102~
CAS*CO*97*1~
SVC*HC>96360*490*123.5*0260*1~
DTM*472*20220102~
CAS*CO*45*366.5~
REF*6R*PMXP0101616578-2~
AMT*B6*123.5~
SVC*HC>80053*124*0*0300*1~
DTM*472*20220102~
CAS*CO*97*124~
REF*6R*PMXP0101616578-3~
LQ*HE*M15~
SVC*HC>84484*90*0*0301*1~
DTM*472*20220102~
CAS*CO*97*90~
REF*6R*PMXP0101616578-4~
LQ*HE*M15~
SVC*HC>85025*60*0*0305*1~
DTM*472*20220102~
CAS*CO*97*60~
REF*6R*PMXP0101616578-5~
LQ*HE*M15~
SVC*HC>85379*63*0*0305*1~
DTM*472*20220102~
CAS*CO*97*63~
REF*6R*PMXP0101616578-6~
LQ*HE*M15~
SVC*HC>0241U*1035*0*0306*1~
DTM*472*20220102~
CAS*CO*204*1035~
REF*6R*PMXP0101616578-7~
SVC*HC>71045*209*49.1*0320*1~
DTM*472*20220102~
CAS*CO*45*159.9~
REF*6R*PMXP0101616578-8~
AMT*B6*49.1~
SVC*HC>99284>25*1377*220.76*0450*1~
DTM*472*20220102~
CAS*CO*45*1156.24~
REF*6R*PMXP0101616578-9~
AMT*B6*220.76~
SVC*HC>93005>59*194*0*0730*1~
DTM*472*20220102~
CAS*CO*97*194~
REF*6R*PMXP0101616578-10~
LQ*HE*M15~
CLP*H315376737500*1*1990*261.57**HM*200074464*13*2~
NM1*QC*1*ANDREOZZI*ADALENA*E***MI*1151517906~
NM1*82*2*MERCY MEMORIAL HOSPITAL*****XX*1811097223~
REF*CE*MEDICAID~
DTM*232*20211201~
DTM*233*20211229~
DTM*050*20220105~
SVC*HC>97530>GO>97*465*55.05*0431*3~
DTM*472*20211208~
CAS*CO*45*409.95~
REF*6R*PMXP0101398971-1~
AMT*B6*55.05~
SVC*HC>97530>GO>97*465*55.05*0431*3~
DTM*472*20211217~
CAS*CO*45*409.95~
REF*6R*PMXP0101398971-2~
AMT*B6*55.05~
SVC*HC>97530>GO>97*465*55.05*0431*3~
DTM*472*20211222~
CAS*CO*45*409.95~
REF*6R*PMXP0101398971-3~
AMT*B6*55.05~
SVC*HC>97530>GO>97*310*38.85*0431*2~
DTM*472*20211229~
CAS*CO*45*271.15~
REF*6R*PMXP0101398971-4~
AMT*B6*38.85~
SVC*HC>97165>GO>97*285*57.57*0434*1~
DTM*472*20211201~
CAS*CO*45*227.43~
REF*6R*PMXP0101398971-5~
AMT*B6*57.57~
CLP*H315374051300*1*402*76.96**HM*200074429*13*2~
NM1*QC*1*ANDREOZZI*YZABELLA*A***MI*0042968794~
NM1*82*2*MERCY MEMORIAL HOSPITAL*****XX*1811097223~
REF*CE*MEDICAID~
DTM*232*20211222~
DTM*050*20220105~
SVC*HC>97110>GP>97*117*17.66*0421*1~
DTM*472*20211222~
CAS*CO*45*99.34~
REF*6R*PMXP0101398788-1~
AMT*B6*17.66~
SVC*HC>97161>GP>97*285*59.3*0424*1~
DTM*472*20211222~
CAS*CO*45*225.7~
REF*6R*PMXP0101398788-2~
AMT*B6*59.3~
CLP*H315336508900*1*685*108.42**HM*200034723*13*3~
NM1*QC*1*ANDREWS*CHAD*E***MI*1045266183~
NM1*82*2*MERCY MEMORIAL HOSPITAL*****XX*1811097223~
REF*CE*MEDICAID~
DTM*232*20211209~
DTM*233*20211220~
DTM*050*20220104~
SVC*HC>97110>GP>97*117*17.66*0421*1~
DTM*472*20211209~
CAS*CO*45*99.34~
REF*6R*PMXP0101357065-1~
AMT*B6*17.66~
SVC*HC>97110>GP>97*234*31.46*0421*2~
DTM*472*20211220~
CAS*CO*45*202.54~
REF*6R*PMXP0101357065-2~
AMT*B6*31.46~
SVC*HC>97162>GP>97*334*59.3*0424*1~
DTM*472*20211209~
CAS*CO*45*274.7~
REF*6R*PMXP0101357065-3~
AMT*B6*59.3~
CLP*H315461614600*1*5049*548.73**HM*200341899*13*1~
NM1*QC*1*ANTEAU*SAMANTHA*L***MI*0084826966~
NM1*82*2*MERCY MEMORIAL HOSPITAL*****XX*1811097223~
REF*CE*MEDICAID~
DTM*232*20220109~
DTM*050*20220114~
SVC*NU>0250*8*0**3~
DTM*472*20220109~
CAS*CO*97*8~
SVC*NU>0255*128*0**100~
DTM*472*20220109~
CAS*CO*97*128~
SVC*HC>80048*96*0*0300*1~
DTM*472*20220109~
CAS*CO*97*96~
REF*6R*PMXP0101690461-3~
LQ*HE*M15~
SVC*HC>84484*180*0*0301*2~
DTM*472*20220109~
CAS*CO*97*180~
REF*6R*PMXP0101690461-4~
LQ*HE*M15~
SVC*HC>85025*60*0*0305*1~
DTM*472*20220109~
CAS*CO*97*60~
REF*6R*PMXP0101690461-5~
LQ*HE*M15~
SVC*HC>85379*63*0*0305*1~
DTM*472*20220109~
CAS*CO*97*63~
REF*6R*PMXP0101690461-6~
LQ*HE*M15~
SVC*HC>85610*32*0*0305*1~
DTM*472*20220109~
CAS*CO*97*32~
REF*6R*PMXP0101690461-7~
LQ*HE*M15~
SVC*HC>81025*38*0*0307*1~
DTM*472*20220109~
CAS*CO*97*38~
REF*6R*PMXP0101690461-8~
LQ*HE*M15~
SVC*HC>71275*2328*108.36*0352*1~
DTM*472*20220109~
CAS*CO*45*2219.64~
REF*6R*PMXP0101690461-9~
AMT*B6*108.36~
SVC*HC>99285>25*1667*316.87*0450*1~
DTM*472*20220109~
CAS*CO*45*1350.13~
REF*6R*PMXP0101690461-10~
AMT*B6*316.87~
SVC*HC>93005>59*194*0*0730*1~
DTM*472*20220109~
CAS*CO*97*194~
REF*6R*PMXP0101690461-11~
LQ*HE*M15~
SVC*HC>96374>59*255*123.5*0761*1~
DTM*472*20220109~
CAS*CO*45*131.5~
REF*6R*PMXP0101690461-12~
AMT*B6*123.5~
CLP*H315451932400*1*752*49.1**HM*200198383*13*1~
NM1*QC*1*AUGUSTA*MATTHEW*S***MI*1200192909~
NM1*82*2*MERCY MEMORIAL HOSPITAL*****XX*1811097223~
REF*CE*MEDICAID~
DTM*232*20220106~
DTM*050*20220110~
SVC*HC>36415*21*0*0300*1~
DTM*472*20220106~
CAS*CO*97*21~
REF*6R*PMXP0101559869-1~
LQ*HE*M15~
SVC*HC>80048*96*0*0300*1~
DTM*472*20220106~
CAS*CO*97*96~
REF*6R*PMXP0101559869-2~
LQ*HE*M15~
SVC*HC>87086*73*0*0300*1~
DTM*472*20220106~
CAS*CO*97*73~
REF*6R*PMXP0101559869-3~
LQ*HE*M15~
SVC*HC>81003*20*0*0301*1~
DTM*472*20220106~
CAS*CO*97*20~
REF*6R*PMXP0101559869-4~
LQ*HE*M15~
SVC*HC>85025*60*0*0305*1~
DTM*472*20220106~
CAS*CO*97*60~
REF*6R*PMXP0101559869-5~
LQ*HE*M15~
SVC*HC>85610*32*0*0305*1~
DTM*472*20220106~
CAS*CO*97*32~
REF*6R*PMXP0101559869-6~
LQ*HE*M15~
SVC*HC>85730*41*0*0305*1~
DTM*472*20220106~
CAS*CO*97*41~
REF*6R*PMXP0101559869-7~
LQ*HE*M15~
SVC*HC>71046*215*49.1*0320*1~
DTM*472*20220106~
CAS*CO*45*165.9~
REF*6R*PMXP0101559869-8~
AMT*B6*49.1~
SVC*HC>93005>59*194*0*0730*1~
DTM*472*20220106~
CAS*CO*97*194~
REF*6R*PMXP0101559869-9~
LQ*HE*M15~
CLP*H315361984800*1*1185*152.54**HM*200034864*13*3~
NM1*QC*1*BAKER*DENNIS*B***MI*0003447572~
NM1*82*2*MERCY MEMORIAL HOSPITAL*****XX*1811097223~
REF*CE*MEDICAID~
DTM*232*20211202~
DTM*233*20211216~
DTM*050*20220104~
SVC*HC>97110>GP>97*234*31.46*0421*2~
DTM*472*20211202~
CAS*CO*45*202.54~
REF*6R*PMXP0101357472-1~
AMT*B6*31.46~
SVC*HC>97110>GP>97*234*31.46*0421*2~
DTM*472*20211207~
CAS*CO*45*202.54~
REF*6R*PMXP0101357472-2~
AMT*B6*31.46~
SVC*HC>97110>GP>97*234*31.46*0421*2~
DTM*472*20211209~
CAS*CO*45*202.54~
REF*6R*PMXP0101357472-3~
AMT*B6*31.46~
SVC*HC>97110>GP>97*351*45.27*0421*3~
DTM*472*20211216~
CAS*CO*45*305.73~
REF*6R*PMXP0101357472-4~
AMT*B6*45.27~
SVC*HC>97140>GP>97*132*12.89*0421*1~
DTM*472*20211207~
CAS*CO*45*119.11~
REF*6R*PMXP0101357472-5~
AMT*B6*12.89~
CLP*H315461705400*1*8102*714.84**HM*200341862*13*1~
NM1*QC*1*BALL*CATHERINE*L***MI*0069980442~
NM1*82*2*MERCY MEMORIAL HOSPITAL*****XX*1811097223~
REF*CE*MEDICAID~
DTM*232*20220109~
DTM*050*20220114~
SVC*NU>0250*195*0**8~
DTM*472*20220109~
CAS*CO*97*195~
SVC*NU>0255*126*0**100~
DTM*472*20220109~
CAS*CO*97*126~
SVC*HC>96361*253*24.28*0260*1~
DTM*472*20220109~
CAS*CO*45*228.72~
REF*6R*PMXP0101690799-3~
AMT*B6*24.28~
SVC*HC>80053*124*0*0300*1~
DTM*472*20220109~
CAS*CO*97*124~
REF*6R*PMXP0101690799-4~
LQ*HE*M15~
SVC*HC>U0002*220*25.79*0300*1~
DTM*472*20220109~
CAS*CO*45*194.21~
REF*6R*PMXP0101690799-5~
AMT*B6*25.79~
SVC*HC>83690*51*0*0301*1~
DTM*472*20220109~
CAS*CO*97*51~
REF*6R*PMXP0101690799-6~
LQ*HE*M15~
SVC*HC>84484*90*0*0301*1~
DTM*472*20220109~
CAS*CO*97*90~
REF*6R*PMXP0101690799-7~
LQ*HE*M15~
SVC*HC>85025*60*0*0305*1~
DTM*472*20220109~
CAS*CO*97*60~
REF*6R*PMXP0101690799-8~
LQ*HE*M15~
SVC*HC>81001*48*0*0307*1~
DTM*472*20220109~
CAS*CO*97*48~
REF*6R*PMXP0101690799-9~
LQ*HE*M15~
SVC*HC>74177*4098*223.41*0352*1~
DTM*472*20220109~
CAS*CO*45*3874.59~
REF*6R*PMXP0101690799-10~
AMT*B6*223.41~
SVC*HC>99284>25>CS*1377*220.76*0450*1~
DTM*472*20220109~
CAS*CO*45*1156.24~
REF*6R*PMXP0101690799-11~
AMT*B6*220.76~
SVC*HC>93005>59*194*0*0730*1~
DTM*472*20220109~
CAS*CO*97*194~
REF*6R*PMXP0101690799-12~
LQ*HE*M15~
SVC*HC>96372>59*355*0*0761*1~
DTM*472*20220109~
CAS*CO*97*355~
REF*6R*PMXP0101690799-13~
LQ*HE*M15~
SVC*HC>96374>59*255*123.5*0761*1~
DTM*472*20220109~
CAS*CO*45*131.5~
REF*6R*PMXP0101690799-14~
AMT*B6*123.5~
SVC*HC>96375*656*97.1*0761*4~
DTM*472*20220109~
CAS*CO*45*558.9~
REF*6R*PMXP0101690799-15~
AMT*B6*97.1~
CLP*H315463009300*1*1115*140.56**HM*200341837*13*1~
NM1*QC*1*BARNETT*NATALIE****MI*0033659378~
NM1*82*2*MERCY MEMORIAL HOSPITAL*****XX*1811097223~
REF*CE*MEDICAID~
DTM*232*20220110~
DTM*050*20220114~
SVC*HC>99283*1115*140.56*0450*1~
DTM*472*20220110~
CAS*CO*45*974.44~
REF*6R*PMXP0101690828-1~
AMT*B6*140.56~
CLP*H315465616200*1*470*36.99**HM*200341915*13*1~
NM1*QC*1*BARNIER*CHELSEA*A***MI*0016837780~
NM1*82*2*MERCY MEMORIAL HOSPITAL*****XX*1811097223~
REF*CE*MEDICAID~
DTM*232*20220110~
DTM*050*20220114~
SVC*HC>36415*21*1.83*0300*1~
DTM*472*20220110~
CAS*CO*45*19.17~
REF*6R*PMXP0101690950-1~
AMT*B6*1.83~
SVC*HC>80051*85*4.25*0301*1~
DTM*472*20220110~
CAS*CO*45*80.75~
REF*6R*PMXP0101690950-2~
AMT*B6*4.25~
SVC*HC>80061*87*8.13*0301*1~
DTM*472*20220110~
CAS*CO*45*78.87~
REF*6R*PMXP0101690950-3~
AMT*B6*8.13~
SVC*HC>82947*15*2.39*0301*1~
DTM*472*20220110~
CAS*CO*45*12.61~
REF*6R*PMXP0101690950-4~
AMT*B6*2.39~
SVC*HC>84439*98*5.48*0301*1~
DTM*472*20220110~
CAS*CO*45*92.52~
REF*6R*PMXP0101690950-5~
AMT*B6*5.48~
SVC*HC>84443*104*10.2*0301*1~
DTM*472*20220110~
CAS*CO*45*93.8~
REF*6R*PMXP0101690950-6~
AMT*B6*10.2~
SVC*HC>85025*60*4.71*0305*1~
DTM*472*20220110~
CAS*CO*45*55.29~
REF*6R*PMXP0101690950-7~
AMT*B6*4.71~
CLP*H315461569200*1*2204*344.26**HM*200347139*13*1~
NM1*QC*1*BARTH*KATELYN*J***MI*0086625143~
NM1*82*2*MERCY MEMORIAL HOSPITAL*****XX*1811097223~
REF*CE*MEDICAID~
DTM*232*20220109~
DTM*050*20220114~
SVC*NU>0250*2*0**2~
DTM*472*20220109~
CAS*CO*97*2~
SVC*HC>96360*490*123.5*0260*1~
DTM*472*20220109~
CAS*CO*45*366.5~
REF*6R*PMXP0101690805-2~
AMT*B6*123.5~
SVC*HC>80053*124*0*0300*1~
DTM*472*20220109~
CAS*CO*97*124~
REF*6R*PMXP0101690805-3~
LQ*HE*M15~
SVC*HC>82010*65*0*0301*1~
DTM*472*20220109~
CAS*CO*97*65~
REF*6R*PMXP0101690805-4~
LQ*HE*M15~
SVC*HC>85025*60*0*0305*1~
DTM*472*20220109~
CAS*CO*97*60~
REF*6R*PMXP0101690805-5~
LQ*HE*M15~
SVC*HC>81001*48*0*0307*1~
DTM*472*20220109~
CAS*CO*97*48~
REF*6R*PMXP0101690805-6~
LQ*HE*M15~
SVC*HC>81025*38*0*0307*1~
DTM*472*20220109~
CAS*CO*97*38~
REF*6R*PMXP0101690805-7~
LQ*HE*M15~
SVC*HC>99284>25*1377*220.76*0450*1~
DTM*472*20220109~
CAS*CO*45*1156.24~
REF*6R*PMXP0101690805-8~
AMT*B6*220.76~
CLP*H315460753700*1*2939*404.96**HM*200305593*13*1~
NM1*QC*1*BAUMAN*EARL****MI*0080368076~
NM1*82*2*MERCY MEMORIAL HOSPITAL*****XX*1811097223~
REF*CE*MEDICAID~
DTM*232*20220108~
DTM*050*20220113~
SVC*NU>0250*1*0**1~
DTM*472*20220108~
CAS*CO*97*1~
SVC*HC>96360*490*123.5*0260*1~
DTM*472*20220108~
CAS*CO*45*366.5~
REF*6R*PMXP0101653941-2~
AMT*B6*123.5~
SVC*HC>80048*96*0*0300*1~
DTM*472*20220108~
CAS*CO*97*96~
REF*6R*PMXP0101653941-3~
LQ*HE*M15~
SVC*HC>80076*87*0*0300*1~
DTM*472*20220108~
CAS*CO*97*87~
REF*6R*PMXP0101653941-4~
LQ*HE*M15~
SVC*HC>U0003*420*45.52*0300*1~
DTM*472*20220108~
CAS*CO*45*374.48~
REF*6R*PMXP0101653941-5~
AMT*B6*45.52~
SVC*HC>U0005*100*15.18*0300*1~
DTM*472*20220108~
CAS*CO*45*84.82~
REF*6R*PMXP0101653941-6~
AMT*B6*15.18~
SVC*HC>81003*20*0*0301*1~
DTM*472*20220108~
CAS*CO*97*20~
REF*6R*PMXP0101653941-7~
LQ*HE*M15~
SVC*HC>83690*51*0*0301*1~
DTM*472*20220108~
CAS*CO*97*51~
REF*6R*PMXP0101653941-8~
LQ*HE*M15~
SVC*HC>83735*43*0*0301*1~
DTM*472*20220108~
CAS*CO*97*43~
REF*6R*PMXP0101653941-9~
LQ*HE*M15~
SVC*HC>85025*60*0*0305*1~
DTM*472*20220108~
CAS*CO*97*60~
REF*6R*PMXP0101653941-10~
LQ*HE*M15~
SVC*HC>99284>25>CS*1377*220.76*0450*1~
DTM*472*20220108~
CAS*CO*45*1156.24~
REF*6R*PMXP0101653941-11~
AMT*B6*220.76~
SVC*HC>93005>59*194*0*0730*1~
DTM*472*20220108~
CAS*CO*97*194~
REF*6R*PMXP0101653941-12~
LQ*HE*M15~
CLP*H315410055300*1*4134*337.24**HM*199998883*13*1~
NM1*QC*1*BIDWELL*JOHN****MI*1211726691~
NM1*82*2*MERCY MEMORIAL HOSPITAL*****XX*1811097223~
REF*CE*MEDICAID~
DTM*232*20211230~
DTM*050*20220103~
SVC*NU>0250*11*0**2~
DTM*472*20211230~
CAS*CO*97*11~
SVC*NU>0255*126*0**100~
DTM*472*20211230~
CAS*CO*97*126~
SVC*HC>78306*1851*228.88*0341*1~
DTM*472*20211230~
CAS*CO*45*1622.12~
REF*6R*PMXP0101316411-3~
AMT*B6*228.88~
SVC*HC>A9503*176*0*0343*1~
DTM*472*20211230~
CAS*CO*97*176~
REF*6R*PMXP0101316411-4~
LQ*HE*M15~
SVC*HC>71260*1970*108.36*0352*1~
DTM*472*20211230~
CAS*CO*45*1861.64~
REF*6R*PMXP0101316411-5~
AMT*B6*108.36~
CLP*H315439336600*1*6740*713.57**HM*200266409*13*1~
NM1*QC*1*BIDWELL*JOHN****MI*1211726691~
NM1*82*2*MERCY MEMORIAL HOSPITAL*****XX*1811097223~
REF*CE*MEDICAID~
DTM*232*20211231~
DTM*233*20220101~
DTM*050*20220112~
SVC*NU>0250*67*0**8~
DTM*472*20211231~
CAS*CO*97*67~
SVC*NU>0250*7*0**1~
DTM*472*20220101~
CAS*CO*97*7~
SVC*HC>96361*236*24.28*0260*1~
DTM*472*20211231~
CAS*CO*45*211.72~
REF*6R*PMXP0101616333-3~
AMT*B6*24.28~
SVC*HC>80048*94*0*0300*1~
DTM*472*20211231~
CAS*CO*97*94~
REF*6R*PMXP0101616333-4~
LQ*HE*M15~
SVC*HC>80076*85*0*0300*1~
DTM*472*20211231~
CAS*CO*97*85~
REF*6R*PMXP0101616333-5~
LQ*HE*M15~
SVC*HC>U0003*420*45.52*0300*1~
DTM*472*20211231~
CAS*CO*45*374.48~
REF*6R*PMXP0101616333-6~
AMT*B6*45.52~
SVC*HC>U0005*100*15.18*0300*1~
DTM*472*20211231~
CAS*CO*45*84.82~
REF*6R*PMXP0101616333-7~
AMT*B6*15.18~
SVC*HC>83605*42*0*0301*1~
DTM*472*20211231~
CAS*CO*97*42~
REF*6R*PMXP0101616333-8~
LQ*HE*M15~
SVC*HC>83690*50*0*0301*1~
DTM*472*20211231~
CAS*CO*97*50~
REF*6R*PMXP0101616333-9~
LQ*HE*M15~
SVC*HC>85025*59*0*0305*1~
DTM*472*20211231~
CAS*CO*97*59~
REF*6R*PMXP0101616333-10~
LQ*HE*M15~
SVC*HC>74176*3252*139.67*0352*1~
DTM*472*20211231~
CAS*CO*45*3112.33~
REF*6R*PMXP0101616333-11~
AMT*B6*139.67~
SVC*HC>99285>25>CS*1603*316.87*0450*1~
DTM*472*20211231~
CAS*CO*45*1286.13~
REF*6R*PMXP0101616333-12~
AMT*B6*316.87~
SVC*HC>93005>59*181*0*0730*1~
DTM*472*20211231~
CAS*CO*97*181~
REF*6R*PMXP0101616333-13~
LQ*HE*M15~
SVC*HC>96374*238*123.5*0761*1~
DTM*472*20211231~
CAS*CO*45*114.5~
REF*6R*PMXP0101616333-14~
AMT*B6*123.5~
SVC*HC>96375*306*48.55*0761*2~
DTM*472*20211231~
CAS*CO*45*257.45~
REF*6R*PMXP0101616333-15~
AMT*B6*48.55~
CLP*H315352055800*1*1671*192.07**HM*200034730*13*3~
NM1*QC*1*BOLICKI*MICHELLE*F***MI*0025924633~
NM1*82*2*MERCY MEMORIAL HOSPITAL*****XX*1811097223~
REF*CE*MEDICAID~
DTM*232*20211206~
DTM*233*20211228~
DTM*050*20220104~
SVC*HC>97110>GP>97*117*17.66*0421*1~
DTM*472*20211206~
CAS*CO*45*99.34~
REF*6R*PMXP0101357392-1~
AMT*B6*17.66~
SVC*HC>97110>GP>97*117*17.66*0421*1~
DTM*472*20211220~
CAS*CO*45*99.34~
REF*6R*PMXP0101357392-2~
AMT*B6*17.66~
SVC*HC>97110>GP>97*117*17.66*0421*1~
DTM*472*20211228~
CAS*CO*45*99.34~
REF*6R*PMXP0101357392-3~
AMT*B6*17.66~
SVC*HC>97140>GP>97*132*12.89*0421*1~
DTM*472*20211206~
CAS*CO*45*119.11~
REF*6R*PMXP0101357392-4~
AMT*B6*12.89~
SVC*HC>97140>GP>97*264*29.17*0421*2~
DTM*472*20211209~
CAS*CO*45*234.83~
REF*6R*PMXP0101357392-5~
AMT*B6*29.17~
SVC*HC>97140>GP>97*264*29.17*0421*2~
DTM*472*20211217~
CAS*CO*45*234.83~
REF*6R*PMXP0101357392-6~
AMT*B6*29.17~
SVC*HC>97140>GP>97*132*12.89*0421*1~
DTM*472*20211220~
CAS*CO*45*119.11~
REF*6R*PMXP0101357392-7~
AMT*B6*12.89~
SVC*HC>97140>GP>97*264*29.17*0421*2~
DTM*472*20211223~
CAS*CO*45*234.83~
REF*6R*PMXP0101357392-8~
AMT*B6*29.17~
SVC*HC>97140>GP>97*264*25.8*0421*2~
DTM*472*20211228~
CAS*CO*45*238.2~
REF*6R*PMXP0101357392-9~
AMT*B6*25.8~
CLP*H315459915800*1*1491*220.76**HM*200266458*13*1~
NM1*QC*1*BOUDRIE*ANDREA*E***MI*0005287404~
NM1*82*2*MERCY MEMORIAL HOSPITAL*****XX*1811097223~
REF*CE*MEDICAID~
DTM*232*20220107~
DTM*050*20220112~
SVC*HC>85014*28*0*0305*1~
DTM*472*20220107~
CAS*CO*97*28~
REF*6R*PMXP0101616338-1~
LQ*HE*M15~
SVC*HC>85018*28*0*0305*1~
DTM*472*20220107~
CAS*CO*97*28~
REF*6R*PMXP0101616338-2~
LQ*HE*M15~
SVC*HC>81003>QW*20*0*0307*1~
DTM*472*20220107~
CAS*CO*97*20~
REF*6R*PMXP0101616338-3~
LQ*HE*M15~
SVC*HC>81025*38*0*0307*1~
DTM*472*20220107~
CAS*CO*97*38~
REF*6R*PMXP0101616338-4~
LQ*HE*M15~
SVC*HC>99284>25*1377*220.76*0450*1~
DTM*472*20220107~
CAS*CO*45*1156.24~
REF*6R*PMXP0101616338-5~
AMT*B6*220.76~
CLP*H315435922000*1*1890*129.42**HM*200248232*13*1~
NM1*QC*1*BOWLING*CHELSEY*N***MI*0095955658~
NM1*82*2*MERCY MEMORIAL HOSPITAL*****XX*1811097223~
REF*CE*MEDICAID~
DTM*232*20211230~
DTM*050*20220111~
SVC*NU>0250*12*0**1~
DTM*472*20211230~
CAS*CO*97*12~
SVC*HC>M0245*1398*0*0260*1~
DTM*472*20211230~
CAS*CO*6*1398~
REF*6R*PMXP0101582765-2~
SVC*HC>U0002*220*25.79*0300*1~
DTM*472*20211230~
CAS*CO*45*194.21~
REF*6R*PMXP0101582765-3~
AMT*B6*25.79~
SVC*HC>Q0245*1*.26*0636*1~
DTM*472*20211230~
CAS*CO*45*.74~
REF*6R*PMXP0101582765-4~
AMT*B6*.26~
SVC*HC>59025*259*103.37*0720*1~
DTM*472*20211230~
CAS*CO*45*155.63~
REF*6R*PMXP0101582765-5~
AMT*B6*103.37~
CLP*H315426990901*1*1072*140.56**HM*200266437*13*1~
NM1*QC*1*BOWMAN*MCKENZIE****MI*1081043184~
NM1*82*2*MERCY MEMORIAL HOSPITAL*****XX*1811097223~
REF*CE*MEDICAID~
DTM*232*20211227~
DTM*050*20220112~
SVC*HC>99283*1072*140.56*0450*1~
DTM*472*20211227~
CAS*CO*45*931.44~
REF*6R*PMXP0101616642-1~
AMT*B6*140.56~
CLP*H315460548500*1*2413*220.76**HM*200266424*13*1~
NM1*QC*1*BRAY*BRANDY*L***MI*0055923195~
NM1*82*2*MERCY MEMORIAL HOSPITAL*****XX*1811097223~
REF*CE*MEDICAID~
DTM*232*20220108~
DTM*050*20220112~
SVC*NU>0250*1*0**2~
DTM*472*20220108~
CAS*CO*97*1~
SVC*HC>0241U*1035*0*0306*1~
DTM*472*20220108~
CAS*CO*204*1035~
REF*6R*PMXP0101616310-2~
SVC*HC>99284>25*1377*220.76*0450*1~
DTM*472*20220108~
CAS*CO*45*1156.24~
REF*6R*PMXP0101616310-3~
AMT*B6*220.76~
CLP*H315353633300*1*3211*419.36**HM*200034852*13*3~
NM1*QC*1*BREWER*LILIANA*Q***MI*1198571854~
NM1*82*2*MERCY MEMORIAL HOSPITAL*****XX*1811097223~
REF*CE*MEDICAID~
DTM*232*20211202~
DTM*233*20211230~
DTM*050*20220104~
SVC*HC>97530>GO>97*620*71.25*0431*4~
DTM*472*20211203~
CAS*CO*45*548.75~
REF*6R*PMXP0101357461-1~
AMT*B6*71.25~
SVC*HC>97530>GO>97*465*55.05*0431*3~
DTM*472*20211210~
CAS*CO*45*409.95~
REF*6R*PMXP0101357461-2~
AMT*B6*55.05~
SVC*HC>97530>GO>97*465*55.05*0431*3~
DTM*472*20211217~
CAS*CO*45*409.95~
REF*6R*PMXP0101357461-3~
AMT*B6*55.05~
SVC*HC>97530>GO>97*465*55.05*0431*3~
DTM*472*20211222~
CAS*CO*45*409.95~
REF*6R*PMXP0101357461-4~
AMT*B6*55.05~
SVC*HC>92507>GN>97*299*45.74*0441*1~
DTM*472*20211202~
CAS*CO*45*253.26~
REF*6R*PMXP0101357461-5~
AMT*B6*45.74~
SVC*HC>92507>GN>97*299*45.74*0441*1~
DTM*472*20211209~
CAS*CO*45*253.26~
REF*6R*PMXP0101357461-6~
AMT*B6*45.74~
SVC*HC>92507>GN>97*299*45.74*0441*1~
DTM*472*20211216~
CAS*CO*45*253.26~
REF*6R*PMXP0101357461-7~
AMT*B6*45.74~
SVC*HC>92507>GN>97*299*45.74*0441*1~
DTM*472*20211230~
CAS*CO*45*253.26~
REF*6R*PMXP0101357461-8~
AMT*B6*45.74~
CLP*H315452292700*1*1034*78.87**HM*200266411*13*1~
NM1*QC*1*BRIGHTON*STEPHANIE*L***MI*0013603796~
NM1*82*2*MERCY MEMORIAL HOSPITAL*****XX*1811097223~
REF*CE*MEDICAID~
DTM*232*20220105~
DTM*050*20220112~
SVC*HC>36415*21*0*0300*1~
DTM*472*20220105~
CAS*CO*97*21~
REF*6R*PMXP0101616625-1~
LQ*HE*M15~
SVC*HC>82950*23*2.89*0301*1~
DTM*472*20220105~
CAS*CO*45*20.11~
REF*6R*PMXP0101616625-2~
AMT*B6*2.89~
SVC*HC>86780*50*8.04*0302*1~
DTM*472*20220105~
CAS*CO*45*41.96~
REF*6R*PMXP0101616625-3~
AMT*B6*8.04~
SVC*HC>86850*60*0*0302*1~
DTM*472*20220105~
CAS*CO*97*60~
REF*6R*PMXP0101616625-4~
LQ*HE*M15~
SVC*HC>86900*34*67.94*0302*1~
DTM*472*20220105~
CAS*CO*94*-33.94~
REF*6R*PMXP0101616625-5~
AMT*B6*67.94~
SVC*HC>86901*36*0*0302*1~
DTM*472*20220105~
CAS*CO*97*36~
REF*6R*PMXP0101616625-6~
LQ*HE*M15~
SVC*HC>85025*60*0*0305*1~
DTM*472*20220105~
CAS*CO*97*60~
REF*6R*PMXP0101616625-7~
LQ*HE*M15~
SVC*HC>87389*155*0*0306*1~
DTM*472*20220105~
CAS*CO*97*155~
REF*6R*PMXP0101616625-8~
LQ*HE*M15~
SVC*HC>J2790*240*0*0636*1~
DTM*472*20220105~
CAS*CO*97*240~
REF*6R*PMXP0101616625-9~
LQ*HE*M15~
SVC*HC>96372>59*355*0*0761*1~
DTM*472*20220105~
CAS*CO*97*355~
REF*6R*PMXP0101616625-10~
LQ*HE*M15~
CLP*H315439293500*1*3534*617.93**HM*200341929*13*1~
NM1*QC*1*BRINCAT*SHELBY****MI*1148323508~
NM1*82*2*MERCY MEMORIAL HOSPITAL*****XX*1811097223~
REF*CE*MEDICAID~
DTM*232*20211231~
DTM*050*20220114~
SVC*NU>0250*19*0**1~
DTM*472*20211231~
CAS*CO*97*19~
SVC*HC>96360*458*123.5*0260*1~
DTM*472*20211231~
CAS*CO*45*334.5~
REF*6R*PMXP0101690527-2~
AMT*B6*123.5~
SVC*HC>M0243*1398*273.41*0260*1~
DTM*472*20211231~
CAS*CO*45*1124.59~
REF*6R*PMXP0101690527-3~
AMT*B6*273.41~
SVC*HC>80048*94*0*0300*1~
DTM*472*20211231~
CAS*CO*97*94~
REF*6R*PMXP0101690527-4~
LQ*HE*M15~
SVC*HC>85025*59*0*0305*1~
DTM*472*20211231~
CAS*CO*97*59~
REF*6R*PMXP0101690527-5~
LQ*HE*M15~
SVC*HC>99284>25*1324*220.76*0450*1~
DTM*472*20211231~
CAS*CO*45*1103.24~
REF*6R*PMXP0101690527-6~
AMT*B6*220.76~
SVC*HC>Q0244*1*.26*0636*1~
DTM*472*20211231~
CAS*CO*45*.74~
REF*6R*PMXP0101690527-7~
AMT*B6*.26~
SVC*HC>93005>59*181*0*0730*1~
DTM*472*20211231~
CAS*CO*97*181~
REF*6R*PMXP0101690527-8~
LQ*HE*M15~
CLP*H315385742600*4*4815*0**HM*199998866*13*1~
NM1*QC*1*BROWN*DOMINIC****MI*0008894951~
NM1*82*2*MERCY MEMORIAL HOSPITAL*****XX*1811097223~
REF*CE*MEDICAID~
DTM*232*20211229~
DTM*050*20220103~
SVC*HC>70553*4117*0*0611*1~
DTM*472*20211229~
CAS*CO*197*4117~
REF*6R*PMXP0101313163-1~
SVC*HC>A9579*299*0*0636*15~
DTM*472*20211229~
CAS*CO*97*299~
REF*6R*PMXP0101313163-2~
LQ*HE*M15~
SVC*HC>A9579*399*0*0636*20~
DTM*472*20211229~
CAS*CO*97*399~
REF*6R*PMXP0101313163-3~
LQ*HE*M15~
CLP*H315380827300*1*780*66.14**HM*200248307*13*1~
NM1*QC*1*BROWN*SKYLER*J***MI*1190304522~
NM1*82*2*MERCY MEMORIAL HOSPITAL*****XX*1811097223~
REF*CE*MEDICAID~
DTM*232*20220104~
DTM*050*20220111~
SVC*HC>77080*780*66.14*0320*1~
DTM*472*20220104~
CAS*CO*45*713.86~
REF*6R*PMXP0101582813-1~
AMT*B6*66.14~
CLP*H315460211000*1*1115*140.56**HM*200266442*13*1~
NM1*QC*1*BROWN*STEVANNA*C***MI*0023556009~
NM1*82*2*MERCY MEMORIAL HOSPITAL*****XX*1811097223~
REF*CE*MEDICAID~
DTM*232*20220107~
DTM*050*20220112~
SVC*HC>99283*1115*140.56*0450*1~
DTM*472*20220107~
CAS*CO*45*974.44~
REF*6R*PMXP0101616286-1~
AMT*B6*140.56~
CLP*H315416441401*1*1072*140.56**HM*200341880*13*1~
NM1*QC*1*BUCKLEW*ALAINA*K***MI*1220194203~
NM1*82*2*MERCY MEMORIAL HOSPITAL*****XX*1811097223~
REF*CE*MEDICAID~
DTM*232*20211221~
DTM*050*20220114~
SVC*HC>99283*1072*140.56*0450*1~
DTM*472*20211221~
CAS*CO*45*931.44~
REF*6R*PMXP0101690469-1~
AMT*B6*140.56~
CLP*H315408564602*2*1503*0**HM*200341946*13*1~
NM1*QC*1*BURHART*BRYAN*L***MI*0041252858~
NM1*82*2*MERCY MEMORIAL HOSPITAL*****XX*1811097223~
REF*CE*MEDICAID~
DTM*232*20211219~
DTM*050*20220114~
SVC*HC>99283>25*1072*0*0450*1~
DTM*472*20211219~
CAS*OA*23*1072~
REF*6R*PMXP0101690534-1~
SVC*HC>51702*431*0*0761*1~
DTM*472*20211219~
CAS*OA*23*431~
REF*6R*PMXP0101690534-2~
CLP*H315431699300*1*46*15.3**HM*200109382*13*1~
NM1*QC*1*BURTIS*TERRY*L***MI*0028841136~
NM1*82*2*MERCY MEMORIAL HOSPITAL*****XX*1811097223~
REF*CE*MEDICAID~
DTM*232*20211228~
DTM*050*20220106~
SVC*HC>97803>PN*46*15.3*0942*1~
DTM*472*20211228~
CAS*CO*45*30.7~
REF*6R*PMXP0101431359-1~
AMT*B6*15.3~
CLP*H315457895800*1*1544*140.56**HM*200266415*13*1~
NM1*QC*1*COKLEY*JENAE****MI*0026073262~
NM1*82*2*MERCY MEMORIAL HOSPITAL*****XX*1811097223~
REF*CE*MEDICAID~
DTM*232*20220107~
DTM*050*20220112~
SVC*NU>0250*16*0**5~
DTM*472*20220107~
CAS*CO*97*16~
SVC*HC>81003>QW*20*0*0307*1~
DTM*472*20220107~
CAS*CO*97*20~
REF*6R*PMXP0101616354-2~
LQ*HE*M15~
SVC*HC>81025*38*0*0307*1~
DTM*472*20220107~
CAS*CO*97*38~
REF*6R*PMXP0101616354-3~
LQ*HE*M15~
SVC*HC>99283>25*1115*140.56*0450*1~
DTM*472*20220107~
CAS*CO*45*974.44~
REF*6R*PMXP0101616354-4~
AMT*B6*140.56~
SVC*HC>96372>59*355*0*0761*1~
DTM*472*20220107~
CAS*CO*97*355~
REF*6R*PMXP0101616354-5~
LQ*HE*M15~
CLP*H315178128901*2*304*23.15**HM*199117196*13*7~
NM1*QC*1*COLLINS*JASMINE*R***MI*0027912247~
NM1*82*2*MERCY MEMORIAL HOSPITAL*****XX*1811097223~
REF*CE*MEDICAID~
DTM*232*20210901~
DTM*050*20211202~
SVC*HC>36415*21*1.83*0300*1~
DTM*472*20210901~
CAS*OA*23*19.17~
REF*6R*PMXP0100381516-1~
SVC*HC>80053*122*6.41*0300*1~
DTM*472*20210901~
CAS*OA*23*115.59~
REF*6R*PMXP0100381516-2~
SVC*HC>84443*102*10.2*0301*1~
DTM*472*20210901~
CAS*OA*23*91.8~
REF*6R*PMXP0100381516-3~
SVC*HC>85025*59*4.71*0305*1~
DTM*472*20210901~
CAS*OA*23*54.29~
REF*6R*PMXP0100381516-4~
CLP*H315453624500*1*4546*629.48**HM*200266466*13*1~
NM1*QC*1*COOLEY*VIRGINIA*E***MI*0062647412~
NM1*82*2*MERCY MEMORIAL HOSPITAL*****XX*1811097223~
REF*CE*MEDICAID~
DTM*232*20220105~
DTM*233*20220106~
DTM*050*20220112~
SVC*NU>0250*18*0**4~
DTM*472*20220106~
CAS*CO*97*18~
SVC*HC>80048*96*0*0300*1~
DTM*472*20220106~
CAS*CO*97*96~
REF*6R*PMXP0101616542-2~
LQ*HE*M15~
SVC*HC>83735*43*0*0301*1~
DTM*472*20220106~
CAS*CO*97*43~
REF*6R*PMXP0101616542-3~
LQ*HE*M15~
SVC*HC>84484*90*0*0301*1~
DTM*472*20220106~
CAS*CO*97*90~
REF*6R*PMXP0101616542-4~
LQ*HE*M15~
SVC*HC>85025*60*0*0305*1~
DTM*472*20220106~
CAS*CO*97*60~
REF*6R*PMXP0101616542-5~
LQ*HE*M15~
SVC*HC>71101>RT*389*0*0320*1~
DTM*472*20220106~
CAS*CO*97*389~
REF*6R*PMXP0101616542-6~
LQ*HE*M15~
SVC*HC>73590>RT*291*0*0320*1~
DTM*472*20220106~
CAS*CO*97*291~
REF*6R*PMXP0101616542-7~
LQ*HE*M15~
SVC*HC>99283>25*1115*140.56*0450*1~
DTM*472*20220106~
CAS*CO*45*974.44~
REF*6R*PMXP0101616542-8~
AMT*B6*140.56~
SVC*HC>99285>25*1667*316.87*0450*1~
DTM*472*20220105~
CAS*CO*45*1350.13~
REF*6R*PMXP0101616542-9~
AMT*B6*316.87~
SVC*HC>93005>59*194*0*0730*1~
DTM*472*20220105~
CAS*CO*97*194~
REF*6R*PMXP0101616542-10~
LQ*HE*M15~
SVC*HC>96374*255*123.5*0761*1~
DTM*472*20220106~
CAS*CO*45*131.5~
REF*6R*PMXP0101616542-11~
AMT*B6*123.5~
SVC*HC>96375*328*48.55*0761*2~
DTM*472*20220106~
CAS*CO*45*279.45~
REF*6R*PMXP0101616542-12~
AMT*B6*48.55~
CLP*H315407372502*2*1074*0**HM*200341904*13*1~
NM1*QC*1*COOTS*KRISTINA*R***MI*0095281293~
NM1*82*2*MERCY MEMORIAL HOSPITAL*****XX*1811097223~
REF*CE*MEDICAID~
DTM*232*20211217~
DTM*233*20211218~
DTM*050*20220114~
SVC*NU>0250*2*0**2~
DTM*472*20211218~
CAS*OA*23*2~
SVC*HC>99283>25*1072*0*0450*1~
DTM*472*20211217~
CAS*OA*23*1072~
REF*6R*PMXP0101690867-2~
CLP*H315447388000*1*7890*780.16**HM*200341847*13*1~
NM1*QC*1*DANIELS*LAKESHIA*C***MI*0096318825~
NM1*82*2*MERCY MEMORIAL HOSPITAL*****XX*1811097223~
REF*CE*MEDICAID~
DTM*232*20220104~
DTM*050*20220114~
SVC*NU>0250*8*0**3~
DTM*472*20220104~
CAS*CO*97*8~
SVC*HC>96361*253*24.28*0260*1~
DTM*472*20220104~
CAS*CO*45*228.72~
REF*6R*PMXP0101690654-2~
AMT*B6*24.28~
SVC*HC>80053*124*0*0300*1~
DTM*472*20220104~
CAS*CO*97*124~
REF*6R*PMXP0101690654-3~
LQ*HE*M15~
SVC*HC>85025*60*0*0305*1~
DTM*472*20220104~
CAS*CO*97*60~
REF*6R*PMXP0101690654-4~
LQ*HE*M15~
SVC*HC>81003>QW*20*0*0307*1~
DTM*472*20220104~
CAS*CO*97*20~
REF*6R*PMXP0101690654-5~
LQ*HE*M15~
SVC*HC>73562>RT*297*0*0320*1~
DTM*472*20220104~
CAS*CO*97*297~
REF*6R*PMXP0101690654-6~
LQ*HE*M15~
SVC*HC>74176*3382*139.67*0352*1~
DTM*472*20220104~
CAS*CO*45*3242.33~
REF*6R*PMXP0101690654-7~
AMT*B6*139.67~
SVC*HC>76830*714*66.14*0402*1~
DTM*472*20220104~
CAS*CO*45*647.86~
REF*6R*PMXP0101690654-8~
AMT*B6*66.14~
SVC*HC>76856>59*754*66.14*0402*1~
DTM*472*20220104~
CAS*CO*45*687.86~
REF*6R*PMXP0101690654-9~
AMT*B6*66.14~
SVC*HC>99284>25*1377*220.76*0450*1~
DTM*472*20220104~
CAS*CO*45*1156.24~
REF*6R*PMXP0101690654-10~
AMT*B6*220.76~
SVC*HC>96374*255*123.5*0761*1~
DTM*472*20220104~
CAS*CO*45*131.5~
REF*6R*PMXP0101690654-11~
AMT*B6*123.5~
SVC*HC>93975*646*139.67*0921*1~
DTM*472*20220104~
CAS*CO*45*506.33~
REF*6R*PMXP0101690654-12~
AMT*B6*139.67~
CLP*H315457204300*1*3334*426.67**HM*200305603*13*1~
NM1*QC*1*DAVIS*BRIAN*A***MI*0001706992~
NM1*82*2*MERCY MEMORIAL HOSPITAL*****XX*1811097223~
REF*CE*MEDICAID~
DTM*232*20220106~
DTM*233*20220107~
DTM*050*20220113~
SVC*NU>0250*4*0**3~
DTM*472*20220107~
CAS*CO*97*4~
SVC*HC>80053*124*0*0300*1~
DTM*472*20220107~
CAS*CO*97*124~
REF*6R*PMXP0101653977-2~
LQ*HE*M15~
SVC*HC>82077*92*0*0300*1~
DTM*472*20220107~
CAS*CO*97*92~
REF*6R*PMXP0101653977-3~
LQ*HE*M15~
SVC*HC>U0003*420*45.52*0300*1~
DTM*472*20220107~
CAS*CO*45*374.48~
REF*6R*PMXP0101653977-4~
AMT*B6*45.52~
SVC*HC>U0005*100*15.18*0300*1~
DTM*472*20220107~
CAS*CO*45*84.82~
REF*6R*PMXP0101653977-5~
AMT*B6*15.18~
SVC*HC>84484*90*0*0301*1~
DTM*472*20220107~
CAS*CO*97*90~
REF*6R*PMXP0101653977-6~
LQ*HE*M15~
SVC*HC>85025*60*0*0305*1~
DTM*472*20220107~
CAS*CO*97*60~
REF*6R*PMXP0101653977-7~
LQ*HE*M15~
SVC*HC>81003>QW*20*0*0307*1~
DTM*472*20220107~
CAS*CO*97*20~
REF*6R*PMXP0101653977-8~
LQ*HE*M15~
SVC*HC>71045*209*49.1*0320*1~
DTM*472*20220107~
CAS*CO*45*159.9~
REF*6R*PMXP0101653977-9~
AMT*B6*49.1~
SVC*HC>94640*129*0*0410*1~
DTM*472*20220107~
CAS*CO*97*129~
REF*6R*PMXP0101653977-10~
LQ*HE*M15~
SVC*HC>94664>59*225*0*0410*1~
DTM*472*20220107~
CAS*CO*204*225~
REF*6R*PMXP0101653977-11~
SVC*HC>99285>25>CS*1667*316.87*0450*1~
DTM*472*20220106~
CAS*CO*45*1350.13~
REF*6R*PMXP0101653977-12~
AMT*B6*316.87~
SVC*HC>93005>59*194*0*0730*1~
DTM*472*20220107~
CAS*CO*97*194~
REF*6R*PMXP0101653977-13~
LQ*HE*M15~
CLP*H315448891700*1*194*33.78**HM*200305682*13*1~
NM1*QC*1*DAVIS*JAX*G***MI*1104291840~
NM1*82*2*MERCY MEMORIAL HOSPITAL*****XX*1811097223~
REF*CE*MEDICAID~
DTM*232*20220106~
DTM*050*20220113~
SVC*HC>93005*194*33.78*0730*1~
DTM*472*20220106~
CAS*CO*45*160.22~
REF*6R*PMXP0101653974-1~
AMT*B6*33.78~
CLP*H315393399402*2*856*0**HM*200347138*13*1~
NM1*QC*1*DODDRIDGE*REGINA****MI*0006801063~
NM1*82*2*MERCY MEMORIAL HOSPITAL*****XX*1811097223~
REF*CE*MEDICAID~
DTM*232*20211217~
DTM*050*20220114~
SVC*HC>93923*856*0*0921*1~
DTM*472*20211217~
CAS*OA*23*856~
REF*6R*PMXP0101690935-1~
CLP*H315460720700*1*1507*220.76**HM*200266414*13*1~
NM1*QC*1*DOVER*ZOIE*E***MI*0026421638~
NM1*82*2*MERCY MEMORIAL HOSPITAL*****XX*1811097223~
REF*CE*MEDICAID~
DTM*232*20220108~
DTM*050*20220112~
SVC*HC>36415*21*0*0300*1~
DTM*472*20220108~
CAS*CO*97*21~
REF*6R*PMXP0101616528-1~
LQ*HE*M15~
SVC*HC>84702*51*0*0301*1~
DTM*472*20220108~
CAS*CO*97*51~
REF*6R*PMXP0101616528-2~
LQ*HE*M15~
SVC*HC>81003>QW*20*0*0307*1~
DTM*472*20220108~
CAS*CO*97*20~
REF*6R*PMXP0101616528-3~
LQ*HE*M15~
SVC*HC>81025*38*0*0307*1~
DTM*472*20220108~
CAS*CO*97*38~
REF*6R*PMXP0101616528-4~
LQ*HE*M15~
SVC*HC>99284>25*1377*220.76*0450*1~
DTM*472*20220108~
CAS*CO*45*1156.24~
REF*6R*PMXP0101616528-5~
AMT*B6*220.76~
CLP*H315444102400*1*1447*79.87**HM*200266443*13*1~
NM1*QC*1*DRUMB*LOGAN*J***MI*1202940084~
NM1*82*2*MERCY MEMORIAL HOSPITAL*****XX*1811097223~
REF*CE*MEDICAID~
DTM*232*20220103~
DTM*050*20220112~
SVC*NU>0250*7*0**1~
DTM*472*20220103~
CAS*CO*97*7~
SVC*HC>12001*719*0*0361*1~
DTM*472*20220103~
CAS*CO*97*719~
REF*6R*PMXP0101616407-2~
LQ*HE*M15~
SVC*HC>99282>25*721*79.87*0450*1~
DTM*472*20220103~
CAS*CO*45*641.13~
REF*6R*PMXP0101616407-3~
AMT*B6*79.87~
CLP*H315460159500*1*1117*140.56**HM*200266465*13*1~
NM1*QC*1*DUNN*KATHRYN*M***MI*0009033755~
NM1*82*2*MERCY MEMORIAL HOSPITAL*****XX*1811097223~
REF*CE*MEDICAID~
DTM*232*20220107~
DTM*050*20220112~
SVC*NU>0250*2*0**2~
DTM*472*20220107~
CAS*CO*97*2~
SVC*HC>99283>25*1115*140.56*0450*1~
DTM*472*20220107~
CAS*CO*45*974.44~
REF*6R*PMXP0101616647-2~
AMT*B6*140.56~
CLP*H315459753900*1*2150*140.56**HM*200266422*13*1~
NM1*QC*1*ENGLE*SKYLER*J***MI*1100855660~
NM1*82*2*MERCY MEMORIAL HOSPITAL*****XX*1811097223~
REF*CE*MEDICAID~
DTM*232*20220107~
DTM*050*20220112~
SVC*HC>0241U*1035*0*0306*1~
DTM*472*20220107~
CAS*CO*204*1035~
REF*6R*PMXP0101616562-1~
SVC*HC>99283>25*1115*140.56*0450*1~
DTM*472*20220107~
CAS*CO*45*974.44~
REF*6R*PMXP0101616562-2~
AMT*B6*140.56~
CLP*H315462649800*1*5416*508.21**HM*200341881*13*1~
NM1*QC*1*EVERETTE*BRITTANY*M***MI*0067596218~
NM1*82*2*MERCY MEMORIAL HOSPITAL*****XX*1811097223~
REF*CE*MEDICAID~
DTM*232*20220110~
DTM*050*20220114~
SVC*NU>0250*34*0**5~
DTM*472*20220110~
CAS*CO*97*34~
SVC*HC>80048*96*0*0300*1~
DTM*472*20220110~
CAS*CO*97*96~
REF*6R*PMXP0101690871-2~
LQ*HE*M15~
SVC*HC>85025*60*0*0305*1~
DTM*472*20220110~
CAS*CO*97*60~
REF*6R*PMXP0101690871-3~
LQ*HE*M15~
SVC*HC>81001*48*0*0307*1~
DTM*472*20220110~
CAS*CO*97*48~
REF*6R*PMXP0101690871-4~
LQ*HE*M15~
SVC*HC>74176*3382*139.67*0352*1~
DTM*472*20220110~
CAS*CO*45*3242.33~
REF*6R*PMXP0101690871-5~
AMT*B6*139.67~
SVC*HC>99284>25*1377*220.76*0450*1~
DTM*472*20220110~
CAS*CO*45*1156.24~
REF*6R*PMXP0101690871-6~
AMT*B6*220.76~
SVC*HC>96374*255*123.5*0761*1~
DTM*472*20220110~
CAS*CO*45*131.5~
REF*6R*PMXP0101690871-7~
AMT*B6*123.5~
SVC*HC>96375*164*24.28*0761*1~
DTM*472*20220110~
CAS*CO*45*139.72~
REF*6R*PMXP0101690871-8~
AMT*B6*24.28~
CLP*H315457479600*1*6119*508.21**HM*200305644*13*1~
NM1*QC*1*EVOE*KAITLYN*N***MI*1252079408~
NM1*82*2*MERCY MEMORIAL HOSPITAL*****XX*1811097223~
REF*CE*MEDICAID~
DTM*232*20220107~
DTM*050*20220113~
SVC*HC>96360*490*123.5*0260*1~
DTM*472*20220107~
CAS*CO*45*366.5~
REF*6R*PMXP0101653971-1~
AMT*B6*123.5~
SVC*HC>96361*253*24.28*0260*1~
DTM*472*20220107~
CAS*CO*45*228.72~
REF*6R*PMXP0101653971-2~
AMT*B6*24.28~
SVC*HC>80048*96*0*0300*1~
DTM*472*20220107~
CAS*CO*97*96~
REF*6R*PMXP0101653971-3~
LQ*HE*M15~
SVC*HC>80076*87*0*0300*1~
DTM*472*20220107~
CAS*CO*97*87~
REF*6R*PMXP0101653971-4~
LQ*HE*M15~
SVC*HC>83735*43*0*0301*1~
DTM*472*20220107~
CAS*CO*97*43~
REF*6R*PMXP0101653971-5~
LQ*HE*M15~
SVC*HC>85025*60*0*0305*1~
DTM*472*20220107~
CAS*CO*97*60~
REF*6R*PMXP0101653971-6~
LQ*HE*M15~
SVC*HC>81003>QW*20*0*0307*1~
DTM*472*20220107~
CAS*CO*97*20~
REF*6R*PMXP0101653971-7~
LQ*HE*M15~
SVC*HC>81025*38*0*0307*1~
DTM*472*20220107~
CAS*CO*97*38~
REF*6R*PMXP0101653971-8~
LQ*HE*M15~
SVC*HC>74021*273*0*0320*1~
DTM*472*20220107~
CAS*CO*97*273~
REF*6R*PMXP0101653971-9~
LQ*HE*M15~
SVC*HC>74176*3382*139.67*0352*1~
DTM*472*20220107~
CAS*CO*45*3242.33~
REF*6R*PMXP0101653971-10~
AMT*B6*139.67~
SVC*HC>99284>25*1377*220.76*0450*1~
DTM*472*20220107~
CAS*CO*45*1156.24~
REF*6R*PMXP0101653971-11~
AMT*B6*220.76~
CLP*H315456790000*1*488*72.06**HM*200305588*13*1~
NM1*QC*1*FIELDS*ISABEL*L***MI*0023486049~
NM1*82*2*MERCY MEMORIAL HOSPITAL*****XX*1811097223~
REF*CE*MEDICAID~
DTM*232*20220106~
DTM*050*20220113~
SVC*HC>80053*124*0*0300*1~
DTM*472*20220106~
CAS*CO*97*124~
REF*6R*PMXP0101653819-1~
LQ*HE*M15~
SVC*HC>87086*73*0*0300*1~
DTM*472*20220106~
CAS*CO*97*73~
REF*6R*PMXP0101653819-2~
LQ*HE*M15~
SVC*HC>82570*18*0*0301*1~
DTM*472*20220106~
CAS*CO*97*18~
REF*6R*PMXP0101653819-3~
LQ*HE*M15~
SVC*HC>84156*34*0*0301*1~
DTM*472*20220106~
CAS*CO*97*34~
REF*6R*PMXP0101653819-4~
LQ*HE*M15~
SVC*HC>85025*60*0*0305*1~
DTM*472*20220106~
CAS*CO*97*60~
REF*6R*PMXP0101653819-5~
LQ*HE*M15~
SVC*HC>81001*48*0*0307*1~
DTM*472*20220106~
CAS*CO*97*48~
REF*6R*PMXP0101653819-6~
LQ*HE*M15~
SVC*HC>G0463*131*72.06*0761*1~
DTM*472*20220106~
CAS*CO*45*58.94~
REF*6R*PMXP0101653819-7~
AMT*B6*72.06~
CLP*H315371041302*2*719*0**HM*200341846*13*1~
NM1*QC*1*FOSTER*CHANDA*L***MI*0018639325~
NM1*82*2*MERCY MEMORIAL HOSPITAL*****XX*1811097223~
REF*CE*MEDICAID~
DTM*232*20211215~
DTM*050*20220114~
SVC*NU>0250*35*0**2~
DTM*472*20211215~
CAS*OA*23*35~
SVC*HC>20611>52*417*0*0361*1~
DTM*472*20211215~
CAS*OA*23*417~
REF*6R*PMXP0101690485-2~
SVC*HC>76882>59>RT*267*0*0402*1~
DTM*472*20211215~
CAS*OA*23*267~
REF*6R*PMXP0101690485-3~
CLP*H315353680300*1*908*130.33**HM*200034725*13*3~
NM1*QC*1*FOX*ASHER****MI*1238510401~
NM1*82*2*MERCY MEMORIAL HOSPITAL*****XX*1811097223~
REF*CE*MEDICAID~
DTM*232*20211207~
DTM*233*20211216~
DTM*050*20220104~
SVC*HC>97530>GO>97*310*38.85*0431*2~
DTM*472*20211207~
CAS*CO*45*271.15~
REF*6R*PMXP0101357507-1~
AMT*B6*38.85~
SVC*HC>92507>GN>97*299*45.74*0441*1~
DTM*472*20211209~
CAS*CO*45*253.26~
REF*6R*PMXP0101357507-2~
AMT*B6*45.74~
SVC*HC>92507>GN>97*299*45.74*0441*1~
DTM*472*20211216~
CAS*CO*45*253.26~
REF*6R*PMXP0101357507-3~
AMT*B6*45.74~
CLP*H315404582802*2*5150.01*0**HM*200341849*13*1~
NM1*QC*1*FRANKS*MARY*M***MI*0010866327~
NM1*82*2*MERCY MEMORIAL HOSPITAL*****XX*1811097223~
REF*CE*MEDICAID~
DTM*232*20211216~
DTM*233*20211217~
DTM*050*20220114~
SVC*NU>0250*11*0**6~
DTM*472*20211216~
CAS*OA*23*11~
SVC*NU>0250*1*0**1~
DTM*472*20211217~
CAS*OA*23*1~
SVC*NU>0255*128*0**100~
DTM*472*20211216~
CAS*OA*23*128~
SVC*HC>80053*122*0*0300*1~
DTM*472*20211216~
CAS*OA*23*122~
REF*6R*PMXP0101690643-4~
SVC*HC>U0003*420*0*0300*1~
DTM*472*20211216~
CAS*OA*23*420~
REF*6R*PMXP0101690643-5~
SVC*HC>U0005*100*0*0300*1~
DTM*472*20211216~
CAS*OA*23*100~
REF*6R*PMXP0101690643-6~
SVC*HC>84484*88*0*0301*1~
DTM*472*20211216~
CAS*OA*23*88~
REF*6R*PMXP0101690643-7~
SVC*HC>85025*59*0*0305*1~
DTM*472*20211216~
CAS*OA*23*59~
REF*6R*PMXP0101690643-8~
SVC*HC>71045*199*0*0320*1~
DTM*472*20211216~
CAS*OA*23*199~
REF*6R*PMXP0101690643-9~
SVC*HC>71275>ME*2238*0*0352*1~
DTM*472*20211216~
CAS*OA*23*2238~
REF*6R*PMXP0101690643-10~
SVC*HC>G1004*.01*0*0352*1~
DTM*472*20211216~
CAS*OA*23*.01~
REF*6R*PMXP0101690643-11~
SVC*HC>99285>25>CS*1603*0*0450*1~
DTM*472*20211216~
CAS*OA*23*1603~
REF*6R*PMXP0101690643-12~
SVC*HC>93005>59*181*0*0730*1~
DTM*472*20211216~
CAS*OA*23*181~
REF*6R*PMXP0101690643-13~
CLP*H315336689600*4*4976*0**HM*200034887*13*3~
NM1*QC*1*FREDERICK*JILL*M***MI*0034239341~
NM1*82*2*MERCY MEMORIAL HOSPITAL*****XX*1811097223~
REF*CE*MEDICAID~
DTM*232*20211203~
DTM*233*20211227~
DTM*050*20220104~
SVC*HC>97110>GP>59>97*234*0*0421*2~
DTM*472*20211203~
CAS*CO*197*234~
REF*6R*PMXP0101357018-1~
SVC*HC>97110>GP>59>97*117*0*0421*1~
DTM*472*20211206~
CAS*CO*197*117~
REF*6R*PMXP0101357018-2~
SVC*HC>97110>GP>59>97*351*0*0421*3~
DTM*472*20211216~
CAS*CO*197*351~
REF*6R*PMXP0101357018-3~
SVC*HC>97110>GP>97*117*0*0421*1~
DTM*472*20211209~
CAS*CO*197*117~
REF*6R*PMXP0101357018-4~
SVC*HC>97110>GP>97*117*0*0421*1~
DTM*472*20211221~
CAS*CO*197*117~
REF*6R*PMXP0101357018-5~
SVC*HC>97110>GP>97*117*0*0421*1~
DTM*472*20211227~
CAS*CO*197*117~
REF*6R*PMXP0101357018-6~
SVC*HC>97112>GP>59>97*112*0*0421*1~
DTM*472*20211203~
CAS*CO*197*112~
REF*6R*PMXP0101357018-7~
SVC*HC>97112>GP>97*224*0*0421*2~
DTM*472*20211209~
CAS*CO*197*224~
REF*6R*PMXP0101357018-8~
SVC*HC>97112>GP>97*224*0*0421*2~
DTM*472*20211221~
CAS*CO*197*224~
REF*6R*PMXP0101357018-9~
SVC*HC>97112>GP>97*112*0*0421*1~
DTM*472*20211227~
CAS*CO*197*112~
REF*6R*PMXP0101357018-10~
SVC*HC>97116>GP>59>97*112*0*0421*1~
DTM*472*20211206~
CAS*CO*197*112~
REF*6R*PMXP0101357018-11~
SVC*HC>97530>GP>59>97*155*0*0421*1~
DTM*472*20211206~
CAS*CO*197*155~
REF*6R*PMXP0101357018-12~
SVC*HC>97110>GO>59>97*117*0*0431*1~
DTM*472*20211203~
CAS*CO*197*117~
REF*6R*PMXP0101357018-13~
SVC*HC>97110>GO>97*351*0*0431*3~
DTM*472*20211221~
CAS*CO*197*351~
REF*6R*PMXP0101357018-14~
SVC*HC>97112>GO>59>97*112*0*0431*1~
DTM*472*20211203~
CAS*CO*197*112~
REF*6R*PMXP0101357018-15~
SVC*HC>97112>GO>59>97*224*0*0431*2~
DTM*472*20211206~
CAS*CO*197*224~
REF*6R*PMXP0101357018-16~
SVC*HC>97112>GO>97*336*0*0431*3~
DTM*472*20211209~
CAS*CO*197*336~
REF*6R*PMXP0101357018-17~
SVC*HC>97112>GO>97*336*0*0431*3~
DTM*472*20211227~
CAS*CO*197*336~
REF*6R*PMXP0101357018-18~
SVC*HC>97530>GO>59>97*155*0*0431*1~
DTM*472*20211206~
CAS*CO*197*155~
REF*6R*PMXP0101357018-19~
SVC*HC>97535>GO>59>97*114*0*0431*1~
DTM*472*20211203~
CAS*CO*197*114~
REF*6R*PMXP0101357018-20~
SVC*HC>97535>GO>59>97*342*0*0431*3~
DTM*472*20211216~
CAS*CO*197*342~
REF*6R*PMXP0101357018-21~
SVC*HC>92507>GN>97*299*0*0441*1~
DTM*472*20211203~
CAS*CO*197*299~
REF*6R*PMXP0101357018-22~
SVC*HC>92507>GN>97*299*0*0441*1~
DTM*472*20211206~
CAS*CO*197*299~
REF*6R*PMXP0101357018-23~
SVC*HC>92507>GN>KX>97*299*0*0441*1~
DTM*472*20211216~
CAS*CO*197*299~
REF*6R*PMXP0101357018-24~
CLP*H315453238700*1*2193*336.89**HM*200305673*13*1~
NM1*QC*1*FRISINA*GIOVANNI*B***MI*1165414034~
NM1*82*2*MERCY MEMORIAL HOSPITAL*****XX*1811097223~
REF*CE*MEDICAID~
DTM*232*20220105~
DTM*050*20220113~
SVC*NU>0250*38*0**4~
DTM*472*20220105~
CAS*CO*97*38~
SVC*HC>96361*253*24.28*0260*1~
DTM*472*20220105~
CAS*CO*45*228.72~
REF*6R*PMXP0101653745-2~
AMT*B6*24.28~
SVC*HC>80048*96*0*0300*1~
DTM*472*20220105~
CAS*CO*97*96~
REF*6R*PMXP0101653745-3~
LQ*HE*M15~
SVC*HC>85025*60*0*0305*1~
DTM*472*20220105~
CAS*CO*97*60~
REF*6R*PMXP0101653745-4~
LQ*HE*M15~
SVC*HC>81001*48*0*0307*1~
DTM*472*20220105~
CAS*CO*97*48~
REF*6R*PMXP0101653745-5~
LQ*HE*M15~
SVC*HC>99283>25*1115*140.56*0450*1~
DTM*472*20220105~
CAS*CO*45*974.44~
REF*6R*PMXP0101653745-6~
AMT*B6*140.56~
SVC*HC>96374*255*123.5*0761*1~
DTM*472*20220105~
CAS*CO*45*131.5~
REF*6R*PMXP0101653745-7~
AMT*B6*123.5~
SVC*HC>96375*328*48.55*0761*2~
DTM*472*20220105~
CAS*CO*45*279.45~
REF*6R*PMXP0101653745-8~
AMT*B6*48.55~
CLP*H315465394400*1*72*10.96**HM*200347137*13*1~
NM1*QC*1*GALVAN*ISABELLA****MI*0097754407~
NM1*82*2*MERCY MEMORIAL HOSPITAL*****XX*1811097223~
REF*CE*MEDICAID~
DTM*232*20220110~
DTM*050*20220114~
SVC*HC>36415*21*1.83*0300*1~
DTM*472*20220110~
CAS*CO*45*19.17~
REF*6R*PMXP0101690680-1~
AMT*B6*1.83~
SVC*HC>84702*51*9.13*0301*1~
DTM*472*20220110~
CAS*CO*45*41.87~
REF*6R*PMXP0101690680-2~
AMT*B6*9.13~
CLP*H315460742700*1*1126*140.56**HM*200266446*13*1~
NM1*QC*1*GARCIA*DAVID*J***MI*1101076320~
NM1*82*2*MERCY MEMORIAL HOSPITAL*****XX*1811097223~
REF*CE*MEDICAID~
DTM*232*20220108~
DTM*050*20220112~
SVC*NU>0250*11*0**5~
DTM*472*20220108~
CAS*CO*97*11~
SVC*HC>99283>25*1115*140.56*0450*1~
DTM*472*20220108~
CAS*CO*45*974.44~
REF*6R*PMXP0101616526-2~
AMT*B6*140.56~
CLP*H315327091900*1*30569.96*7590.7**HM*199998882*13*1~
NM1*QC*1*GOES*KIMBERLY****MI*1227254377~
NM1*82*2*MERCY MEMORIAL HOSPITAL*****XX*1811097223~
REF*CE*MEDICAID~
DTM*232*20211230~
DTM*050*20220103~
SVC*NU>0250*2672*0**35~
DTM*472*20211230~
CAS*CO*97*2672~
SVC*NU>0272*1002.41*0**4~
DTM*472*20211230~
CAS*CO*97*1002.41~
SVC*HC>C1729*16.05*0*0272*1~
DTM*472*20211230~
CAS*CO*97*16.05~
REF*6R*PMXP0101316555-3~
SVC*HC>C1776*10359.5*0*0278*5~
DTM*472*20211230~
CAS*CO*97*10359.5~
REF*6R*PMXP0101316555-4~
LQ*HE*M15~
SVC*HC>88300*52*0*0312*1~
DTM*472*20211230~
CAS*CO*97*52~
REF*6R*PMXP0101316555-5~
LQ*HE*M15~
SVC*HC>73501>RT*149*0*0320*1~
DTM*472*20211230~
CAS*CO*97*149~
REF*6R*PMXP0101316555-6~
LQ*HE*M15~
SVC*HC>27130>RT*10651*7473.83*0360*1~
DTM*472*20211230~
CAS*CO*45*3177.17~
REF*6R*PMXP0101316555-7~
AMT*B6*7473.83~
SVC*HC>97116>GP>59>97*112*0*0421*1~
DTM*472*20211230~
CAS*CO*97*112~
REF*6R*PMXP0101316555-8~
LQ*HE*M15~
SVC*HC>97530>GP>97*155*0*0421*1~
DTM*472*20211230~
CAS*CO*97*155~
REF*6R*PMXP0101316555-9~
LQ*HE*M15~
SVC*HC>97162>GP>97*334*59.3*0424*1~
DTM*472*20211230~
CAS*CO*45*274.7~
REF*6R*PMXP0101316555-10~
AMT*B6*59.3~
SVC*HC>97530>GO>97*155*0*0431*1~
DTM*472*20211230~
CAS*CO*97*155~
REF*6R*PMXP0101316555-11~
LQ*HE*M15~
SVC*HC>97535>GO>59>97*114*0*0431*1~
DTM*472*20211230~
CAS*CO*97*114~
REF*6R*PMXP0101316555-12~
LQ*HE*M15~
SVC*HC>97166>GO>97*334*57.57*0434*1~
DTM*472*20211230~
CAS*CO*45*276.43~
REF*6R*PMXP0101316555-13~
AMT*B6*57.57~
SVC*NU>0710*4464*0**18~
DTM*472*20211230~
CAS*CO*97*4464~
CLP*H315460880400*1*1429*140.56**HM*200266423*13*1~
NM1*QC*1*GOLTOWSKI*MANDY****MI*0017450954~
NM1*82*2*MERCY MEMORIAL HOSPITAL*****XX*1811097223~
REF*CE*MEDICAID~
DTM*232*20220108~
DTM*050*20220112~
SVC*NU>0250*3*0**1~
DTM*472*20220108~
CAS*CO*97*3~
SVC*HC>73130>RT*311*0*0320*1~
DTM*472*20220108~
CAS*CO*97*311~
REF*6R*PMXP0101616565-2~
LQ*HE*M15~
SVC*HC>99283>25*1115*140.56*0450*1~
DTM*472*20220108~
CAS*CO*45*974.44~
REF*6R*PMXP0101616565-3~
AMT*B6*140.56~
CLP*H315464923500*1*847*81.99**HM*200341947*13*1~
NM1*QC*1*GORDON*SCOTTIE*A***MI*0074974651~
NM1*82*2*MERCY MEMORIAL HOSPITAL*****XX*1811097223~
REF*CE*MEDICAID~
DTM*232*20220110~
DTM*050*20220114~
SVC*HC>36415*21*1.83*0300*1~
DTM*472*20220110~
CAS*CO*45*19.17~
REF*6R*PMXP0101690869-1~
AMT*B6*1.83~
SVC*HC>80053*124*6.41*0300*1~
DTM*472*20220110~
CAS*CO*45*117.59~
REF*6R*PMXP0101690869-2~
AMT*B6*6.41~
SVC*HC>82306*98*17.96*0300*1~
DTM*472*20220110~
CAS*CO*45*80.04~
REF*6R*PMXP0101690869-3~
AMT*B6*17.96~
SVC*HC>80061*87*8.13*0301*1~
DTM*472*20220110~
CAS*CO*45*78.87~
REF*6R*PMXP0101690869-4~
AMT*B6*8.13~
SVC*HC>82607*85*9.15*0301*1~
DTM*472*20220110~
CAS*CO*45*75.85~
REF*6R*PMXP0101690869-5~
AMT*B6*9.15~
SVC*HC>82746*81*8.93*0301*1~
DTM*472*20220110~
CAS*CO*45*72.07~
REF*6R*PMXP0101690869-6~
AMT*B6*8.93~
SVC*HC>83036*59*5.9*0301*1~
DTM*472*20220110~
CAS*CO*45*53.1~
REF*6R*PMXP0101690869-7~
AMT*B6*5.9~
SVC*HC>83735*43*4.07*0301*1~
DTM*472*20220110~
CAS*CO*45*38.93~
REF*6R*PMXP0101690869-8~
AMT*B6*4.07~
SVC*HC>84439*98*5.48*0301*1~
DTM*472*20220110~
CAS*CO*45*92.52~
REF*6R*PMXP0101690869-9~
AMT*B6*5.48~
SVC*HC>84443*104*10.2*0301*1~
DTM*472*20220110~
CAS*CO*45*93.8~
REF*6R*PMXP0101690869-10~
AMT*B6*10.2~
SVC*HC>85027*47*3.93*0305*1~
DTM*472*20220110~
CAS*CO*45*43.07~
REF*6R*PMXP0101690869-11~
AMT*B6*3.93~
CLP*H315458854400*1*2150*140.56**HM*200266453*13*1~
NM1*QC*1*HANELINE*GRACIE*L***MI*1198026397~
NM1*82*2*MERCY MEMORIAL HOSPITAL*****XX*1811097223~
REF*CE*MEDICAID~
DTM*232*20220107~
DTM*050*20220112~
SVC*HC>0241U*1035*0*0306*1~
DTM*472*20220107~
CAS*CO*204*1035~
REF*6R*PMXP0101616438-1~
SVC*HC>99283>25*1115*140.56*0450*1~
DTM*472*20220107~
CAS*CO*45*974.44~
REF*6R*PMXP0101616438-2~
AMT*B6*140.56~
CLP*H315458847500*1*2150*140.56**HM*200266467*13*1~
NM1*QC*1*HANELINE*JESSE*J***MI*1104369344~
NM1*82*2*MERCY MEMORIAL HOSPITAL*****XX*1811097223~
REF*CE*MEDICAID~
DTM*232*20220107~
DTM*050*20220112~
SVC*HC>0241U*1035*0*0306*1~
DTM*472*20220107~
CAS*CO*204*1035~
REF*6R*PMXP0101616503-1~
SVC*HC>99283>25*1115*140.56*0450*1~
DTM*472*20220107~
CAS*CO*45*974.44~
REF*6R*PMXP0101616503-2~
AMT*B6*140.56~
CLP*H315458814800*1*2412*220.76**HM*200266473*13*1~
NM1*QC*1*HANELINE*SAMANTHA*K***MI*1052815786~
NM1*82*2*MERCY MEMORIAL HOSPITAL*****XX*1811097223~
REF*CE*MEDICAID~
DTM*232*20220107~
DTM*050*20220112~
SVC*HC>0241U*1035*0*0306*1~
DTM*472*20220107~
CAS*CO*204*1035~
REF*6R*PMXP0101616406-1~
SVC*HC>99284>25*1377*220.76*0450*1~
DTM*472*20220107~
CAS*CO*45*1156.24~
REF*6R*PMXP0101616406-2~
AMT*B6*220.76~
CLP*H315458838400*1*2150*140.56**HM*200266472*13*1~
NM1*QC*1*HANELINE*ZOEY*L***MI*1082098605~
NM1*82*2*MERCY MEMORIAL HOSPITAL*****XX*1811097223~
REF*CE*MEDICAID~
DTM*232*20220107~
DTM*050*20220112~
SVC*HC>0241U*1035*0*0306*1~
DTM*472*20220107~
CAS*CO*204*1035~
REF*6R*PMXP0101616603-1~
SVC*HC>99283>25*1115*140.56*0450*1~
DTM*472*20220107~
CAS*CO*45*974.44~
REF*6R*PMXP0101616603-2~
AMT*B6*140.56~
CLP*H315459423400*1*2329*139.67**HM*200305708*13*1~
NM1*QC*1*HATFIELD*MARK*H***MI*0032500625~
NM1*82*2*MERCY MEMORIAL HOSPITAL*****XX*1811097223~
REF*CE*MEDICAID~
DTM*232*20220108~
DTM*050*20220113~
SVC*HC>73721>LT*2329*139.67*0614*1~
DTM*472*20220108~
CAS*CO*45*2189.33~
REF*6R*PMXP0101653965-1~
AMT*B6*139.67~
CLP*H315452695400*1*8157*1600**HM*200266421*13*1~
NM1*QC*1*HELTON*DONALD****MI*0006758893~
NM1*82*2*MERCY MEMORIAL HOSPITAL*****XX*1811097223~
REF*CE*MEDICAID~
DTM*232*20220105~
DTM*233*20220106~
DTM*050*20220112~
SVC*NU>0250*81*0**4~
DTM*472*20220105~
CAS*CO*97*81~
SVC*NU>0250*11*0**24~
DTM*472*20220106~
CAS*CO*97*11~
SVC*HC>80053*124*0*0300*1~
DTM*472*20220105~
CAS*CO*97*124~
REF*6R*PMXP0101616352-3~
SVC*HC>U0003*420*0*0300*1~
DTM*472*20220105~
CAS*CO*97*420~
REF*6R*PMXP0101616352-4~
SVC*HC>U0005*100*0*0300*1~
DTM*472*20220105~
CAS*CO*97*100~
REF*6R*PMXP0101616352-5~
SVC*HC>81003*20*0*0301*1~
DTM*472*20220105~
CAS*CO*97*20~
REF*6R*PMXP0101616352-6~
SVC*HC>82550*50*0*0301*1~
DTM*472*20220105~
CAS*CO*97*50~
REF*6R*PMXP0101616352-7~
SVC*HC>83735*43*0*0301*1~
DTM*472*20220105~
CAS*CO*97*43~
REF*6R*PMXP0101616352-8~
SVC*HC>84484*90*0*0301*1~
DTM*472*20220105~
CAS*CO*97*90~
REF*6R*PMXP0101616352-9~
SVC*HC>85025*60*0*0305*1~
DTM*472*20220105~
CAS*CO*97*60~
REF*6R*PMXP0101616352-10~
SVC*HC>85610*64*0*0305*2~
DTM*472*20220105~
CAS*CO*97*64~
REF*6R*PMXP0101616352-11~
SVC*HC>85610*32*0*0305*1~
DTM*472*20220106~
CAS*CO*97*32~
REF*6R*PMXP0101616352-12~
SVC*HC>70450*1422*0*0351*1~
DTM*472*20220105~
CAS*CO*97*1422~
REF*6R*PMXP0101616352-13~
SVC*HC>72125*2100*0*0352*1~
DTM*472*20220105~
CAS*CO*97*2100~
REF*6R*PMXP0101616352-14~
SVC*HC>99285>25>CS*1667*0*0450*1~
DTM*472*20220105~
CAS*CO*97*1667~
REF*6R*PMXP0101616352-15~
SVC*HC>93005>59*194*0*0730*1~
DTM*472*20220105~
CAS*CO*97*194~
REF*6R*PMXP0101616352-16~
SVC*HC>96374*255*0*0761*1~
DTM*472*20220105~
CAS*CO*97*255~
REF*6R*PMXP0101616352-17~
SVC*HC>96375*164*0*0761*1~
DTM*472*20220105~
CAS*CO*97*164~
REF*6R*PMXP0101616352-18~
SVC*HC>G0378>CS*1260*1600*0762*20~
DTM*472*20220105~
CAS*CO*94*-340~
REF*6R*PMXP0101616352-19~
AMT*B6*1600~
CLP*H315439430300*1*1253*140.56**HM*200266428*13*1~
NM1*QC*1*HENDERSON*DANIEL****MI*0009423218~
NM1*82*2*MERCY MEMORIAL HOSPITAL*****XX*1811097223~
REF*CE*MEDICAID~
DTM*232*20211231~
DTM*233*20220101~
DTM*050*20220112~
SVC*HC>99283>25*1072*140.56*0450*1~
DTM*472*20211231~
CAS*CO*45*931.44~
REF*6R*PMXP0101616467-1~
AMT*B6*140.56~
SVC*HC>93005>59*181*0*0730*1~
DTM*472*20211231~
CAS*CO*97*181~
REF*6R*PMXP0101616467-2~
LQ*HE*M15~
CLP*H315155207901*2*3641*0**HM*200305611*13*1~
NM1*QC*1*HESS*KAYLIE*A***MI*0030935127~
NM1*82*2*MERCY MEMORIAL HOSPITAL*****XX*1811097223~
REF*CE*MEDICAID~
DTM*232*20210927~
DTM*050*20220113~
SVC*NU>0250*811*0**2~
DTM*472*20210927~
CAS*OA*23*811~
SVC*HC>94070*834*0*0460*1~
DTM*472*20210927~
CAS*OA*23*834~
REF*6R*PMXP0101653876-2~
SVC*HC>94726*951*0*0460*1~
DTM*472*20210927~
CAS*OA*23*951~
REF*6R*PMXP0101653876-3~
SVC*HC>94729*388*0*0460*1~
DTM*472*20210927~
CAS*OA*23*388~
REF*6R*PMXP0101653876-4~
SVC*HC>95070*657*0*0460*1~
DTM*472*20210927~
CAS*OA*23*657~
REF*6R*PMXP0101653876-5~
CLP*H315463920600*1*349*26.99**HM*200341833*13*1~
NM1*QC*1*HODGES*DEMETRIUS*D***MI*0037146405~
NM1*82*2*MERCY MEMORIAL HOSPITAL*****XX*1811097223~
REF*CE*MEDICAID~
DTM*232*20220110~
DTM*050*20220114~
SVC*HC>36415*21*1.83*0300*1~
DTM*472*20220110~
CAS*CO*45*19.17~
REF*6R*PMXP0101690572-1~
AMT*B6*1.83~
SVC*HC>80048*96*5.13*0300*1~
DTM*472*20220110~
CAS*CO*45*90.87~
REF*6R*PMXP0101690572-2~
AMT*B6*5.13~
SVC*HC>80076*87*4.96*0300*1~
DTM*472*20220110~
CAS*CO*45*82.04~
REF*6R*PMXP0101690572-3~
AMT*B6*4.96~
SVC*HC>80061*87*8.13*0301*1~
DTM*472*20220110~
CAS*CO*45*78.87~
REF*6R*PMXP0101690572-4~
AMT*B6*8.13~
SVC*HC>83525*58*6.94*0301*1~
DTM*472*20220110~
CAS*CO*45*51.06~
REF*6R*PMXP0101690572-5~
AMT*B6*6.94~
CLP*H315461593900*1*2366*269.86**HM*200341877*13*1~
NM1*QC*1*HOSKINS*CARLA****MI*0025997017~
NM1*82*2*MERCY MEMORIAL HOSPITAL*****XX*1811097223~
REF*CE*MEDICAID~
DTM*232*20220109~
DTM*050*20220114~
SVC*NU>0250*1*0**1~
DTM*472*20220109~
CAS*CO*97*1~
SVC*NU>0270*432*0**1~
DTM*472*20220109~
CAS*CO*97*432~
SVC*HC>84484*90*0*0301*1~
DTM*472*20220109~
CAS*CO*97*90~
REF*6R*PMXP0101690952-3~
LQ*HE*M15~
SVC*HC>85379*63*0*0305*1~
DTM*472*20220109~
CAS*CO*97*63~
REF*6R*PMXP0101690952-4~
LQ*HE*M15~
SVC*HC>71045*209*49.1*0320*1~
DTM*472*20220109~
CAS*CO*45*159.9~
REF*6R*PMXP0101690952-5~
AMT*B6*49.1~
SVC*HC>99284>25*1377*220.76*0450*1~
DTM*472*20220109~
CAS*CO*45*1156.24~
REF*6R*PMXP0101690952-6~
AMT*B6*220.76~
SVC*HC>93005>59*194*0*0730*1~
DTM*472*20220109~
CAS*CO*97*194~
REF*6R*PMXP0101690952-7~
LQ*HE*M15~
CLP*H315460701900*1*1123*140.56**HM*200266434*13*1~
NM1*QC*1*HUFFMAN*GRACE*A***MI*1238419161~
NM1*82*2*MERCY MEMORIAL HOSPITAL*****XX*1811097223~
REF*CE*MEDICAID~
DTM*232*20220108~
DTM*050*20220112~
SVC*NU>0250*8*0**1~
DTM*472*20220108~
CAS*CO*97*8~
SVC*HC>99283>25*1115*140.56*0450*1~
DTM*472*20220108~
CAS*CO*45*974.44~
REF*6R*PMXP0101616383-2~
AMT*B6*140.56~
CLP*H315460853800*1*1116*140.56**HM*200266463*13*1~
NM1*QC*1*JACKSON*SUMMER*J***MI*0009469665~
NM1*82*2*MERCY MEMORIAL HOSPITAL*****XX*1811097223~
REF*CE*MEDICAID~
DTM*232*20220108~
DTM*050*20220112~
SVC*NU>0250*1*0**1~
DTM*472*20220108~
CAS*CO*97*1~
SVC*HC>99283>25*1115*140.56*0450*1~
DTM*472*20220108~
CAS*CO*45*974.44~
REF*6R*PMXP0101616398-2~
AMT*B6*140.56~
CLP*H315451124500*1*1335*166.35**HM*200266445*13*1~
NM1*QC*1*JACOBS*VINSON*L***MI*0033959651~
NM1*82*2*MERCY MEMORIAL HOSPITAL*****XX*1811097223~
REF*CE*MEDICAID~
DTM*232*20220105~
DTM*050*20220112~
SVC*HC>U0002*220*25.79*0300*1~
DTM*472*20220105~
CAS*CO*45*194.21~
REF*6R*PMXP0101616292-1~
AMT*B6*25.79~
SVC*HC>99283>25>CS*1115*140.56*0450*1~
DTM*472*20220105~
CAS*CO*45*974.44~
REF*6R*PMXP0101616292-2~
AMT*B6*140.56~
CLP*H315363390100*1*2562*310.45**HM*200034719*13*3~
NM1*QC*1*JANSSEN*VICTORIA****MI*1255795726~
NM1*82*2*MERCY MEMORIAL HOSPITAL*****XX*1811097223~
REF*CE*MEDICAID~
DTM*232*20211206~
DTM*233*20211230~
DTM*050*20220104~
SVC*HC>97110>GP>97*234*31.46*0421*2~
DTM*472*20211206~
CAS*CO*45*202.54~
REF*6R*PMXP0101357412-1~
AMT*B6*31.46~
SVC*HC>97110>GP>97*234*31.46*0421*2~
DTM*472*20211209~
CAS*CO*45*202.54~
REF*6R*PMXP0101357412-2~
AMT*B6*31.46~
SVC*HC>97110>GP>97*234*31.46*0421*2~
DTM*472*20211213~
CAS*CO*45*202.54~
REF*6R*PMXP0101357412-3~
AMT*B6*31.46~
SVC*HC>97110>GP>97*234*31.46*0421*2~
DTM*472*20211216~
CAS*CO*45*202.54~
REF*6R*PMXP0101357412-4~
AMT*B6*31.46~
SVC*HC>97110>GP>97*234*31.46*0421*2~
DTM*472*20211220~
CAS*CO*45*202.54~
REF*6R*PMXP0101357412-5~
AMT*B6*31.46~
SVC*HC>97110>GP>97*234*31.46*0421*2~
DTM*472*20211227~
CAS*CO*45*202.54~
REF*6R*PMXP0101357412-6~
AMT*B6*31.46~
SVC*HC>97110>GP>97*234*31.46*0421*2~
DTM*472*20211230~
CAS*CO*45*202.54~
REF*6R*PMXP0101357412-7~
AMT*B6*31.46~
SVC*HC>97140>GP>97*132*12.89*0421*1~
DTM*472*20211206~
CAS*CO*45*119.11~
REF*6R*PMXP0101357412-8~
AMT*B6*12.89~
SVC*HC>97140>GP>97*132*12.89*0421*1~
DTM*472*20211209~
CAS*CO*45*119.11~
REF*6R*PMXP0101357412-9~
AMT*B6*12.89~
SVC*HC>97140>GP>97*132*12.89*0421*1~
DTM*472*20211213~
CAS*CO*45*119.11~
REF*6R*PMXP0101357412-10~
AMT*B6*12.89~
SVC*HC>97140>GP>97*132*12.89*0421*1~
DTM*472*20211216~
CAS*CO*45*119.11~
REF*6R*PMXP0101357412-11~
AMT*B6*12.89~
SVC*HC>97140>GP>97*132*12.89*0421*1~
DTM*472*20211220~
CAS*CO*45*119.11~
REF*6R*PMXP0101357412-12~
AMT*B6*12.89~
SVC*HC>97140>GP>97*132*12.89*0421*1~
DTM*472*20211227~
CAS*CO*45*119.11~
REF*6R*PMXP0101357412-13~
AMT*B6*12.89~
SVC*HC>97140>GP>97*132*12.89*0421*1~
DTM*472*20211230~
CAS*CO*45*119.11~
REF*6R*PMXP0101357412-14~
AMT*B6*12.89~
CLP*H315335086100*1*585*76.73**HM*200034886*13*3~
NM1*QC*1*JENNINGS*ANGELA*A***MI*0089323478~
NM1*82*2*MERCY MEMORIAL HOSPITAL*****XX*1811097223~
REF*CE*MEDICAID~
DTM*232*20211202~
DTM*233*20211206~
DTM*050*20220104~
SVC*HC>97110>GO>97*351*45.27*0431*3~
DTM*472*20211202~
CAS*CO*45*305.73~
REF*6R*PMXP0101357564-1~
AMT*B6*45.27~
SVC*HC>97110>GO>97*234*31.46*0431*2~
DTM*472*20211206~
CAS*CO*45*202.54~
REF*6R*PMXP0101357564-2~
AMT*B6*31.46~
CLP*H315352253200*1*361*47.15**HM*200034973*13*3~
NM1*QC*1*JOHNSON*STEPHANIE****MI*0022854553~
NM1*82*2*MERCY MEMORIAL HOSPITAL*****XX*1811097223~
REF*CE*MEDICAID~
DTM*232*20211201~
DTM*050*20220104~
SVC*HC>97110>GP>97*117*13.8*0421*1~
DTM*472*20211201~
CAS*CO*45*103.2~
REF*6R*PMXP0101357164-1~
AMT*B6*13.8~
SVC*HC>97112>GP>97*112*20.46*0421*1~
DTM*472*20211201~
CAS*CO*45*91.54~
REF*6R*PMXP0101357164-2~
AMT*B6*20.46~
SVC*HC>97140>GP>97*132*12.89*0421*1~
DTM*472*20211201~
CAS*CO*45*119.11~
REF*6R*PMXP0101357164-3~
AMT*B6*12.89~
CLP*H315459201700*1*5854*568.91**HM*200266451*13*1~
NM1*QC*1*JONAS*DONNA*J***MI*0032633761~
NM1*82*2*MERCY MEMORIAL HOSPITAL*****XX*1811097223~
REF*CE*MEDICAID~
DTM*232*20220107~
DTM*050*20220112~
SVC*NU>0250*13*0**1~
DTM*472*20220107~
CAS*CO*97*13~
SVC*NU>0270*330*0**1~
DTM*472*20220107~
CAS*CO*97*330~
SVC*HC>80053*124*0*0300*1~
DTM*472*20220107~
CAS*CO*97*124~
REF*6R*PMXP0101616231-3~
LQ*HE*M15~
SVC*HC>85025*60*0*0305*1~
DTM*472*20220107~
CAS*CO*97*60~
REF*6R*PMXP0101616231-4~
LQ*HE*M15~
SVC*HC>73552>LT*329*0*0320*1~
DTM*472*20220107~
CAS*CO*97*329~
REF*6R*PMXP0101616231-5~
LQ*HE*M15~
SVC*HC>73562>LT*297*0*0320*1~
DTM*472*20220107~
CAS*CO*97*297~
REF*6R*PMXP0101616231-6~
LQ*HE*M15~
SVC*HC>73590>LT*291*0*0320*1~
DTM*472*20220107~
CAS*CO*97*291~
REF*6R*PMXP0101616231-7~
LQ*HE*M15~
SVC*HC>73610>LT*305*0*0320*1~
DTM*472*20220107~
CAS*CO*97*305~
REF*6R*PMXP0101616231-8~
LQ*HE*M15~
SVC*HC>73620>LT*171*0*0320*1~
DTM*472*20220107~
CAS*CO*97*171~
REF*6R*PMXP0101616231-9~
LQ*HE*M15~
SVC*HC>73700>LT*1292*66.14*0352*1~
DTM*472*20220107~
CAS*CO*45*1225.86~
REF*6R*PMXP0101616231-10~
AMT*B6*66.14~
SVC*HC>20610>LT*1010*158.51*0361*1~
DTM*472*20220107~
CAS*CO*45*851.49~
REF*6R*PMXP0101616231-11~
AMT*B6*158.51~
SVC*HC>99284>25*1377*220.76*0450*1~
DTM*472*20220107~
CAS*CO*45*1156.24~
REF*6R*PMXP0101616231-12~
AMT*B6*220.76~
SVC*HC>96374>59*255*123.5*0761*1~
DTM*472*20220107~
CAS*CO*45*131.5~
REF*6R*PMXP0101616231-13~
AMT*B6*123.5~
CLP*H315465175800*1*592*53.13**HM*200347136*13*1~
NM1*QC*1*JUSTICE*SARAH*A***MI*0034199577~
NM1*82*2*MERCY MEMORIAL HOSPITAL*****XX*1811097223~
REF*CE*MEDICAID~
DTM*232*20220110~
DTM*050*20220114~
SVC*HC>36415*21*1.83*0300*1~
DTM*472*20220110~
CAS*CO*45*19.17~
REF*6R*PMXP0101690507-1~
AMT*B6*1.83~
SVC*HC>80053*124*6.41*0300*1~
DTM*472*20220110~
CAS*CO*45*117.59~
REF*6R*PMXP0101690507-2~
AMT*B6*6.41~
SVC*HC>82306*98*17.96*0300*1~
DTM*472*20220110~
CAS*CO*45*80.04~
REF*6R*PMXP0101690507-3~
AMT*B6*17.96~
SVC*HC>87086*73*4.9*0300*1~
DTM*472*20220110~
CAS*CO*45*68.1~
REF*6R*PMXP0101690507-4~
AMT*B6*4.9~
SVC*HC>84439*98*5.48*0301*1~
DTM*472*20220110~
CAS*CO*45*92.52~
REF*6R*PMXP0101690507-5~
AMT*B6*5.48~
SVC*HC>84443*104*10.2*0301*1~
DTM*472*20220110~
CAS*CO*45*93.8~
REF*6R*PMXP0101690507-6~
AMT*B6*10.2~
SVC*HC>85025*60*4.71*0305*1~
DTM*472*20220110~
CAS*CO*45*55.29~
REF*6R*PMXP0101690507-7~
AMT*B6*4.71~
SVC*HC>85652*14*1.64*0305*1~
DTM*472*20220110~
CAS*CO*45*12.36~
REF*6R*PMXP0101690507-8~
AMT*B6*1.64~
CLP*H315452672301*1*7463*689.05**HM*200266440*13*1~
NM1*QC*1*KEAN*KELLY*M***MI*0007158442~
NM1*82*2*MERCY MEMORIAL HOSPITAL*****XX*1811097223~
REF*CE*MEDICAID~
DTM*232*20220105~
DTM*050*20220112~
SVC*NU>0250*57*0**7~
DTM*472*20220105~
CAS*CO*97*57~
SVC*NU>0255*126*0**100~
DTM*472*20220105~
CAS*CO*97*126~
SVC*HC>96361*253*24.28*0260*1~
DTM*472*20220105~
CAS*CO*45*228.72~
REF*6R*PMXP0101616440-3~
AMT*B6*24.28~
SVC*HC>80048*96*0*0300*1~
DTM*472*20220105~
CAS*CO*97*96~
REF*6R*PMXP0101616440-4~
LQ*HE*M15~
SVC*HC>80076*87*0*0300*1~
DTM*472*20220105~
CAS*CO*97*87~
REF*6R*PMXP0101616440-5~
LQ*HE*M15~
SVC*HC>83690*51*0*0301*1~
DTM*472*20220105~
CAS*CO*97*51~
REF*6R*PMXP0101616440-6~
LQ*HE*M15~
SVC*HC>83735*43*0*0301*1~
DTM*472*20220105~
CAS*CO*97*43~
REF*6R*PMXP0101616440-7~
LQ*HE*M15~
SVC*HC>84484*90*0*0301*1~
DTM*472*20220105~
CAS*CO*97*90~
REF*6R*PMXP0101616440-8~
LQ*HE*M15~
SVC*HC>85025*60*0*0305*1~
DTM*472*20220105~
CAS*CO*97*60~
REF*6R*PMXP0101616440-9~
LQ*HE*M15~
SVC*HC>81003>QW*20*0*0307*1~
DTM*472*20220105~
CAS*CO*97*20~
REF*6R*PMXP0101616440-10~
LQ*HE*M15~
SVC*HC>74177*4098*223.41*0352*1~
DTM*472*20220105~
CAS*CO*45*3874.59~
REF*6R*PMXP0101616440-11~
AMT*B6*223.41~
SVC*HC>99284>25*1377*220.76*0450*1~
DTM*472*20220105~
CAS*CO*45*1156.24~
REF*6R*PMXP0101616440-12~
AMT*B6*220.76~
SVC*HC>93005>59*194*0*0730*1~
DTM*472*20220105~
CAS*CO*97*194~
REF*6R*PMXP0101616440-13~
LQ*HE*M15~
SVC*HC>96374>59*255*123.5*0761*1~
DTM*472*20220105~
CAS*CO*45*131.5~
REF*6R*PMXP0101616440-14~
AMT*B6*123.5~
SVC*HC>96375*656*97.1*0761*4~
DTM*472*20220105~
CAS*CO*45*558.9~
REF*6R*PMXP0101616440-15~
AMT*B6*97.1~
CLP*H315458078800*1*386*45.75**HM*200266448*13*1~
NM1*QC*1*KECK*BEVERLY****MI*0025193776~
NM1*82*2*MERCY MEMORIAL HOSPITAL*****XX*1811097223~
REF*CE*MEDICAID~
DTM*232*20220107~
DTM*050*20220112~
SVC*HC>36415*21*1.83*0300*1~
DTM*472*20220107~
CAS*CO*45*19.17~
REF*6R*PMXP0101616281-1~
AMT*B6*1.83~
SVC*HC>82306*98*17.96*0300*1~
DTM*472*20220107~
CAS*CO*45*80.04~
REF*6R*PMXP0101616281-2~
AMT*B6*17.96~
SVC*HC>84439*98*5.48*0301*1~
DTM*472*20220107~
CAS*CO*45*92.52~
REF*6R*PMXP0101616281-3~
AMT*B6*5.48~
SVC*HC>84443*104*10.2*0301*1~
DTM*472*20220107~
CAS*CO*45*93.8~
REF*6R*PMXP0101616281-4~
AMT*B6*10.2~
SVC*HC>84481*65*10.28*0301*1~
DTM*472*20220107~
CAS*CO*45*54.72~
REF*6R*PMXP0101616281-5~
AMT*B6*10.28~
CLP*H315446155200*1*2000*124.02**HM*200248263*13*1~
NM1*QC*1*KELLER*NICOLE*E***MI*0029340893~
NM1*82*2*MERCY MEMORIAL HOSPITAL*****XX*1811097223~
REF*CE*MEDICAID~
DTM*232*20220104~
DTM*050*20220111~
SVC*NU>0250*12*0**1~
DTM*472*20220104~
CAS*CO*97*12~
SVC*HC>96360*490*123.5*0260*1~
DTM*472*20220104~
CAS*CO*45*366.5~
REF*6R*PMXP0101583070-2~
AMT*B6*123.5~
SVC*HC>M0245*1496*0*0260*1~
DTM*472*20220104~
CAS*CO*6*1496~
REF*6R*PMXP0101583070-3~
SVC*HC>Q0245*1*.26*0636*1~
DTM*472*20220104~
CAS*CO*45*.74~
REF*6R*PMXP0101583070-4~
AMT*B6*.26~
SVC*HC>Q0245*1*.26*0636*1~
DTM*472*20220104~
CAS*CO*45*.74~
REF*6R*PMXP0101583070-5~
AMT*B6*.26~
CLP*H315439732900*1*2414*440.37**HM*200341932*13*1~
NM1*QC*1*KELLY*DEBRA*I***MI*0065158305~
NM1*82*2*MERCY MEMORIAL HOSPITAL*****XX*1811097223~
REF*CE*MEDICAID~
DTM*232*20220101~
DTM*050*20220114~
SVC*HC>96360*490*123.5*0260*1~
DTM*472*20220101~
CAS*CO*45*366.5~
REF*6R*PMXP0101690745-1~
AMT*B6*123.5~
SVC*HC>85379*63*0*0305*1~
DTM*472*20220101~
CAS*CO*97*63~
REF*6R*PMXP0101690745-2~
LQ*HE*M15~
SVC*HC>99285>25*1667*316.87*0450*1~
DTM*472*20220101~
CAS*CO*45*1350.13~
REF*6R*PMXP0101690745-3~
AMT*B6*316.87~
SVC*HC>93005>59*194*0*0730*1~
DTM*472*20220101~
CAS*CO*97*194~
REF*6R*PMXP0101690745-4~
LQ*HE*M15~
CLP*H315460844300*1*1115*140.56**HM*200266461*13*1~
NM1*QC*1*KESKENY*ROBBIN****MI*0061588999~
NM1*82*2*MERCY MEMORIAL HOSPITAL*****XX*1811097223~
REF*CE*MEDICAID~
DTM*232*20220108~
DTM*050*20220112~
SVC*HC>99283*1115*140.56*0450*1~
DTM*472*20220108~
CAS*CO*45*974.44~
REF*6R*PMXP0101616541-1~
AMT*B6*140.56~
CLP*H315336183100*1*2457*316.89**HM*200034833*13*3~
NM1*QC*1*KLATT*ANITA****MI*0013850569~
NM1*82*2*MERCY MEMORIAL HOSPITAL*****XX*1811097223~
REF*CE*MEDICAID~
DTM*232*20211207~
DTM*233*20211227~
DTM*050*20220104~
SVC*HC>97110>GP>97*351*45.27*0421*3~
DTM*472*20211207~
CAS*CO*45*305.73~
REF*6R*PMXP0101357169-1~
AMT*B6*45.27~
SVC*HC>97110>GP>97*351*45.27*0421*3~
DTM*472*20211210~
CAS*CO*45*305.73~
REF*6R*PMXP0101357169-2~
AMT*B6*45.27~
SVC*HC>97110>GP>97*351*45.27*0421*3~
DTM*472*20211213~
CAS*CO*45*305.73~
REF*6R*PMXP0101357169-3~
AMT*B6*45.27~
SVC*HC>97110>GP>97*351*45.27*0421*3~
DTM*472*20211216~
CAS*CO*45*305.73~
REF*6R*PMXP0101357169-4~
AMT*B6*45.27~
SVC*HC>97110>GP>97*351*45.27*0421*3~
DTM*472*20211221~
CAS*CO*45*305.73~
REF*6R*PMXP0101357169-5~
AMT*B6*45.27~
SVC*HC>97110>GP>97*351*45.27*0421*3~
DTM*472*20211223~
CAS*CO*45*305.73~
REF*6R*PMXP0101357169-6~
AMT*B6*45.27~
SVC*HC>97110>GP>97*351*45.27*0421*3~
DTM*472*20211227~
CAS*CO*45*305.73~
REF*6R*PMXP0101357169-7~
AMT*B6*45.27~
CLP*H315457211700*1*203*72.06**HM*200305669*13*1~
NM1*QC*1*KLATT*ASHLEY****MI*0032725405~
NM1*82*2*MERCY MEMORIAL HOSPITAL*****XX*1811097223~
REF*CE*MEDICAID~
DTM*232*20220107~
DTM*050*20220113~
SVC*HC>81003*20*0*0301*1~
DTM*472*20220107~
CAS*CO*97*20~
REF*6R*PMXP0101653778-1~
LQ*HE*M15~
SVC*HC>82570*18*0*0301*1~
DTM*472*20220107~
CAS*CO*97*18~
REF*6R*PMXP0101653778-2~
LQ*HE*M15~
SVC*HC>84156*34*0*0301*1~
DTM*472*20220107~
CAS*CO*97*34~
REF*6R*PMXP0101653778-3~
LQ*HE*M15~
SVC*HC>G0463*131*72.06*0761*1~
DTM*472*20220107~
CAS*CO*45*58.94~
REF*6R*PMXP0101653778-4~
AMT*B6*72.06~
CLP*H315465106500*1*537*42.35**HM*200341938*13*1~
NM1*QC*1*KLEIN*OLYVIA*M***MI*0090390179~
NM1*82*2*MERCY MEMORIAL HOSPITAL*****XX*1811097223~
REF*CE*MEDICAID~
DTM*232*20220110~
DTM*050*20220114~
SVC*HC>36415*21*1.83*0300*1~
DTM*472*20220110~
CAS*CO*45*19.17~
REF*6R*PMXP0101690474-1~
AMT*B6*1.83~
SVC*HC>80076*87*4.96*0300*1~
DTM*472*20220110~
CAS*CO*45*82.04~
REF*6R*PMXP0101690474-2~
AMT*B6*4.96~
SVC*HC>82784*87*5.64*0301*1~
DTM*472*20220110~
CAS*CO*45*81.36~
REF*6R*PMXP0101690474-3~
AMT*B6*5.64~
SVC*HC>83516*174*13.99*0301*2~
DTM*472*20220110~
CAS*CO*45*160.01~
REF*6R*PMXP0101690474-4~
AMT*B6*13.99~
SVC*HC>83690*51*4.18*0301*1~
DTM*472*20220110~
CAS*CO*45*46.82~
REF*6R*PMXP0101690474-5~
AMT*B6*4.18~
SVC*HC>85027*47*3.93*0305*1~
DTM*472*20220110~
CAS*CO*45*43.07~
REF*6R*PMXP0101690474-6~
AMT*B6*3.93~
SVC*HC>85610*32*2.6*0305*1~
DTM*472*20220110~
CAS*CO*45*29.4~
REF*6R*PMXP0101690474-7~
AMT*B6*2.6~
SVC*HC>81025*38*5.22*0307*1~
DTM*472*20220110~
CAS*CO*45*32.78~
REF*6R*PMXP0101690474-8~
AMT*B6*5.22~
CLP*H315465256700*1*120*12.01**HM*200341887*13*1~
NM1*QC*1*KLEIST*BROOKE*A***MI*1235057579~
NM1*82*2*MERCY MEMORIAL HOSPITAL*****XX*1811097223~
REF*CE*MEDICAID~
DTM*232*20220110~
DTM*050*20220114~
SVC*HC>36415*21*1.83*0300*1~
DTM*472*20220110~
CAS*CO*45*19.17~
REF*6R*PMXP0101690563-1~
AMT*B6*1.83~
SVC*HC>82105*99*10.18*0300*1~
DTM*472*20220110~
CAS*CO*45*88.82~
REF*6R*PMXP0101690563-2~
AMT*B6*10.18~
CLP*H315453457900*1*3478*286.9**HM*200305608*13*1~
NM1*QC*1*KNOWLES*ROSEMARY*E***MI*0024441079~
NM1*82*2*MERCY MEMORIAL HOSPITAL*****XX*1811097223~
REF*CE*MEDICAID~
DTM*232*20220105~
DTM*050*20220113~
SVC*NU>0250*1*0**1~
DTM*472*20220105~
CAS*CO*97*1~
SVC*HC>72125*2100*66.14*0352*1~
DTM*472*20220105~
CAS*CO*45*2033.86~
REF*6R*PMXP0101653728-2~
AMT*B6*66.14~
SVC*HC>99284>25*1377*220.76*0450*1~
DTM*472*20220105~
CAS*CO*45*1156.24~
REF*6R*PMXP0101653728-3~
AMT*B6*220.76~
CLP*H315366474700*1*520*60.7**HM*200266431*13*1~
NM1*QC*1*LAMBERT*ANNA*M***MI*0088204024~
NM1*82*2*MERCY MEMORIAL HOSPITAL*****XX*1811097223~
REF*CE*MEDICAID~
DTM*232*20211130~
DTM*050*20220112~
SVC*HC>U0003*420*45.52*0300*1~
DTM*472*20211130~
CAS*CO*45*374.48~
REF*6R*PMXP0101616258-1~
AMT*B6*45.52~
SVC*HC>U0005*100*15.18*0300*1~
DTM*472*20211130~
CAS*CO*45*84.82~
REF*6R*PMXP0101616258-2~
AMT*B6*15.18~
CLP*H315465787300*1*531*57.29**HM*200347140*13*1~
NM1*QC*1*LAPOINTE*GABRIELLE*E***MI*0021695219~
NM1*82*2*MERCY MEMORIAL HOSPITAL*****XX*1811097223~
REF*CE*MEDICAID~
DTM*232*20220110~
DTM*050*20220114~
SVC*HC>36415*21*1.83*0300*1~
DTM*472*20220110~
CAS*CO*45*19.17~
REF*6R*PMXP0101690568-1~
AMT*B6*1.83~
SVC*HC>80053*124*6.41*0300*1~
DTM*472*20220110~
CAS*CO*45*117.59~
REF*6R*PMXP0101690568-2~
AMT*B6*6.41~
SVC*HC>82306*98*17.96*0300*1~
DTM*472*20220110~
CAS*CO*45*80.04~
REF*6R*PMXP0101690568-3~
AMT*B6*17.96~
SVC*HC>83036*59*5.9*0301*1~
DTM*472*20220110~
CAS*CO*45*53.1~
REF*6R*PMXP0101690568-4~
AMT*B6*5.9~
SVC*HC>84443*104*10.2*0301*1~
DTM*472*20220110~
CAS*CO*45*93.8~
REF*6R*PMXP0101690568-5~
AMT*B6*10.2~
SVC*HC>84481*65*10.28*0301*1~
DTM*472*20220110~
CAS*CO*45*54.72~
REF*6R*PMXP0101690568-6~
AMT*B6*10.28~
SVC*HC>85025*60*4.71*0305*1~
DTM*472*20220110~
CAS*CO*45*55.29~
REF*6R*PMXP0101690568-7~
AMT*B6*4.71~
CLP*H315347707400*1*1684*200.63**HM*200034770*13*3~
NM1*QC*1*LINDSAY*DEBRA****MI*0023723452~
NM1*82*2*MERCY MEMORIAL HOSPITAL*****XX*1811097223~
REF*CE*MEDICAID~
DTM*232*20211201~
DTM*233*20211217~
DTM*050*20220104~
SVC*HC>97022>GO>97*100*7.09*0431*1~
DTM*472*20211201~
CAS*CO*45*92.91~
REF*6R*PMXP0101357148-1~
AMT*B6*7.09~
SVC*HC>97022>GO>97*100*7.09*0431*1~
DTM*472*20211206~
CAS*CO*45*92.91~
REF*6R*PMXP0101357148-2~
AMT*B6*7.09~
SVC*HC>97022>GO>97*100*7.09*0431*1~
DTM*472*20211208~
CAS*CO*45*92.91~
REF*6R*PMXP0101357148-3~
AMT*B6*7.09~
SVC*HC>97022>GO>97*100*7.09*0431*1~
DTM*472*20211217~
CAS*CO*45*92.91~
REF*6R*PMXP0101357148-4~
AMT*B6*7.09~
SVC*HC>97110>GO>97*234*31.46*0431*2~
DTM*472*20211201~
CAS*CO*45*202.54~
REF*6R*PMXP0101357148-5~
AMT*B6*31.46~
SVC*HC>97110>GO>97*117*13.8*0431*1~
DTM*472*20211206~
CAS*CO*45*103.2~
REF*6R*PMXP0101357148-6~
AMT*B6*13.8~
SVC*HC>97110>GO>97*117*13.8*0431*1~
DTM*472*20211208~
CAS*CO*45*103.2~
REF*6R*PMXP0101357148-7~
AMT*B6*13.8~
SVC*HC>97110>GO>97*117*13.8*0431*1~
DTM*472*20211214~
CAS*CO*45*103.2~
REF*6R*PMXP0101357148-8~
AMT*B6*13.8~
SVC*HC>97110>GO>97*234*31.46*0431*2~
DTM*472*20211217~
CAS*CO*45*202.54~
REF*6R*PMXP0101357148-9~
AMT*B6*31.46~
SVC*HC>97530>GO>97*155*22.65*0431*1~
DTM*472*20211206~
CAS*CO*45*132.35~
REF*6R*PMXP0101357148-10~
AMT*B6*22.65~
SVC*HC>97530>GO>97*155*22.65*0431*1~
DTM*472*20211208~
CAS*CO*45*132.35~
REF*6R*PMXP0101357148-11~
AMT*B6*22.65~
SVC*HC>97530>GO>97*155*22.65*0431*1~
DTM*472*20211214~
CAS*CO*45*132.35~
REF*6R*PMXP0101357148-12~
AMT*B6*22.65~
CLP*H315374423201*1*2239*139.67**HM*200248291*13*7~
NM1*QC*1*LJUCOVICH*DJOKA****MI*0011890622~
NM1*82*2*MERCY MEMORIAL HOSPITAL*****XX*1811097223~
REF*CE*MEDICAID~
DTM*232*20211223~
DTM*050*20220111~
SVC*HC>73221>RT*2239*139.67*0614*1~
DTM*472*20211223~
CAS*CO*45*2099.33~
REF*6R*PMXP0101583138-1~
AMT*B6*139.67~
CLP*H315314021000*1*451*76.96**HM*200034977*13*2~
NM1*QC*1*LONG*CHRISTINE*D***MI*0004999042~
NM1*82*2*MERCY MEMORIAL HOSPITAL*****XX*1811097223~
REF*CE*MEDICAID~
DTM*232*20211206~
DTM*050*20220104~
SVC*HC>97110>GP>97*117*17.66*0421*1~
DTM*472*20211206~
CAS*CO*45*99.34~
REF*6R*PMXP0101357185-1~
AMT*B6*17.66~
SVC*HC>97162>GP>97*334*59.3*0424*1~
DTM*472*20211206~
CAS*CO*45*274.7~
REF*6R*PMXP0101357185-2~
AMT*B6*59.3~
CLP*H315204226001*22*-3578*0**HM*198794385*13*7~
NM1*QC*1*LOVE*VALENTINA*M***MI*0006754689~
NM1*82*2*MERCY MEMORIAL HOSPITAL*****XX*1811097223~
REF*CE*MEDICAID~
DTM*232*20211005~
DTM*050*20211122~
SVC*NU>0250*-4*0**1~
DTM*472*20211005~
CAS*CO*97*-4~
LQ*HE*N377~
SVC*HC>77049*-3175*0*0614*1~
DTM*472*20211005~
CAS*CO*181*-3175~
REF*6R*PMXP0100067142-2~
LQ*HE*N377~
SVC*HC>A9579*-399*0*0636*20~
DTM*472*20211005~
CAS*CO*97*-399~
REF*6R*PMXP0100067142-3~
LQ*HE*N377~
CLP*H315204226002*1*3578*223.41**HM*200248271*13*7~
NM1*QC*1*LOVE*VALENTINA*M***MI*0006754689~
NM1*82*2*MERCY MEMORIAL HOSPITAL*****XX*1811097223~
REF*CE*MEDICAID~
DTM*232*20211005~
DTM*050*20220111~
SVC*NU>0250*4*0**1~
DTM*472*20211005~
CAS*CO*97*4~
SVC*HC>C8908*3175*223.41*0614*1~
DTM*472*20211005~
CAS*CO*45*2951.59~
REF*6R*PMXP0101582686-2~
AMT*B6*223.41~
SVC*HC>A9579*399*0*0636*20~
DTM*472*20211005~
CAS*CO*97*399~
REF*6R*PMXP0101582686-3~
LQ*HE*M15~
CLP*H315438151200*1*1256*205.81**HM*200305631*13*1~
NM1*QC*1*LOZANO*GLORIA****MI*0013705572~
NM1*82*2*MERCY MEMORIAL HOSPITAL*****XX*1811097223~
REF*CE*MEDICAID~
DTM*232*20220104~
DTM*050*20220113~
SVC*HC>76705>59*610*66.14*0402*1~
DTM*472*20220104~
CAS*CO*45*543.86~
REF*6R*PMXP0101653918-1~
AMT*B6*66.14~
SVC*HC>93975*646*139.67*0921*1~
DTM*472*20220104~
CAS*CO*45*506.33~
REF*6R*PMXP0101653918-2~
AMT*B6*139.67~
CLP*H315256080200*1*126*72.06**HM*200266417*13*2~
NM1*QC*1*MAES*MARCIA*L***MI*0042242959~
NM1*82*2*MERCY MEMORIAL HOSPITAL*****XX*1811097223~
REF*CE*MEDICAID~
DTM*232*20211214~
DTM*050*20220112~
SVC*HC>G0463*126*72.06*0761*1~
DTM*472*20211214~
CAS*CO*45*53.94~
REF*6R*PMXP0101616394-1~
AMT*B6*72.06~
CLP*H315451019200*1*448*41.12**HM*200266464*13*1~
NM1*QC*1*MARTELL*DONALD*E***MI*0074232617~
NM1*82*2*MERCY MEMORIAL HOSPITAL*****XX*1811097223~
REF*CE*MEDICAID~
DTM*232*20220105~
DTM*050*20220112~
SVC*HC>36415*21*1.83*0300*1~
DTM*472*20220105~
CAS*CO*45*19.17~
REF*6R*PMXP0101616478-1~
AMT*B6*1.83~
SVC*HC>80053*124*6.41*0300*1~
DTM*472*20220105~
CAS*CO*45*117.59~
REF*6R*PMXP0101616478-2~
AMT*B6*6.41~
SVC*HC>80061*87*8.13*0301*1~
DTM*472*20220105~
CAS*CO*45*78.87~
REF*6R*PMXP0101616478-3~
AMT*B6*8.13~
SVC*HC>82043*30*3.51*0301*1~
DTM*472*20220105~
CAS*CO*45*26.49~
REF*6R*PMXP0101616478-4~
AMT*B6*3.51~
SVC*HC>82570*18*3.14*0301*1~
DTM*472*20220105~
CAS*CO*45*14.86~
REF*6R*PMXP0101616478-5~
AMT*B6*3.14~
SVC*HC>82728*58*8.27*0301*1~
DTM*472*20220105~
CAS*CO*45*49.73~
REF*6R*PMXP0101616478-6~
AMT*B6*8.27~
SVC*HC>83036*59*5.9*0301*1~
DTM*472*20220105~
CAS*CO*45*53.1~
REF*6R*PMXP0101616478-7~
AMT*B6*5.9~
SVC*HC>83540*51*3.93*0301*1~
DTM*472*20220105~
CAS*CO*45*47.07~
REF*6R*PMXP0101616478-8~
AMT*B6*3.93~
CLP*H315442761400*2*949*0**HM*200340121*13*1~
NM1*QC*1*MARTIN*MICHELLE*D***MI*0011580277~
NM1*82*2*MERCY MEMORIAL HOSPITAL*****XX*1811097223~
REF*CE*MEDICAID~
DTM*232*20220103~
DTM*050*20220114~
SVC*HC>36415*21*0*0300*1~
DTM*472*20220103~
CAS*OA*23*21~
REF*6R*PMXP0101516348-1~
SVC*HC>80053*124*0*0300*1~
DTM*472*20220103~
CAS*OA*23*124~
REF*6R*PMXP0101516348-2~
SVC*HC>82306*98*0*0300*1~
DTM*472*20220103~
CAS*OA*23*98~
REF*6R*PMXP0101516348-3~
SVC*HC>80061*87*0*0301*1~
DTM*472*20220103~
CAS*OA*23*87~
REF*6R*PMXP0101516348-4~
SVC*HC>82607*85*0*0301*1~
DTM*472*20220103~
CAS*OA*23*85~
REF*6R*PMXP0101516348-5~
SVC*HC>82746*81*0*0301*1~
DTM*472*20220103~
CAS*OA*23*81~
REF*6R*PMXP0101516348-6~
SVC*HC>83036*59*0*0301*1~
DTM*472*20220103~
CAS*OA*23*59~
REF*6R*PMXP0101516348-7~
SVC*HC>83540*51*0*0301*1~
DTM*472*20220103~
CAS*OA*23*51~
REF*6R*PMXP0101516348-8~
SVC*HC>83550*51*0*0301*1~
DTM*472*20220103~
CAS*OA*23*51~
REF*6R*PMXP0101516348-9~
SVC*HC>83735*43*0*0301*1~
DTM*472*20220103~
CAS*OA*23*43~
REF*6R*PMXP0101516348-10~
SVC*HC>84439*98*0*0301*1~
DTM*472*20220103~
CAS*OA*23*98~
REF*6R*PMXP0101516348-11~
SVC*HC>84443*104*0*0301*1~
DTM*472*20220103~
CAS*OA*23*104~
REF*6R*PMXP0101516348-12~
SVC*HC>85027*47*0*0305*1~
DTM*472*20220103~
CAS*OA*23*47~
REF*6R*PMXP0101516348-13~
CLP*H315460608500*1*650*77.3**HM*200266471*13*1~
NM1*QC*1*MASON*KEVIN*D***MI*0022135998~
NM1*82*2*MERCY MEMORIAL HOSPITAL*****XX*1811097223~
REF*CE*MEDICAID~
DTM*232*20220108~
DTM*050*20220112~
SVC*HC>36415*21*1.83*0300*1~
DTM*472*20220108~
CAS*CO*45*19.17~
REF*6R*PMXP0101616609-1~
AMT*B6*1.83~
SVC*HC>80048*96*5.13*0300*1~
DTM*472*20220108~
CAS*CO*45*90.87~
REF*6R*PMXP0101616609-2~
AMT*B6*5.13~
SVC*HC>80076*87*4.96*0300*1~
DTM*472*20220108~
CAS*CO*45*82.04~
REF*6R*PMXP0101616609-3~
AMT*B6*4.96~
SVC*HC>82306*98*17.96*0300*1~
DTM*472*20220108~
CAS*CO*45*80.04~
REF*6R*PMXP0101616609-4~
AMT*B6*17.96~
SVC*HC>80061*87*8.13*0301*1~
DTM*472*20220108~
CAS*CO*45*78.87~
REF*6R*PMXP0101616609-5~
AMT*B6*8.13~
SVC*HC>82043*30*3.51*0301*1~
DTM*472*20220108~
CAS*CO*45*26.49~
REF*6R*PMXP0101616609-6~
AMT*B6*3.51~
SVC*HC>82570*18*3.14*0301*1~
DTM*472*20220108~
CAS*CO*45*14.86~
REF*6R*PMXP0101616609-7~
AMT*B6*3.14~
SVC*HC>83970*135*25.05*0301*1~
DTM*472*20220108~
CAS*CO*45*109.95~
REF*6R*PMXP0101616609-8~
AMT*B6*25.05~
SVC*HC>84100*18*2.88*0301*1~
DTM*472*20220108~
CAS*CO*45*15.12~
REF*6R*PMXP0101616609-9~
AMT*B6*2.88~
SVC*HC>85025*60*4.71*0305*1~
DTM*472*20220108~
CAS*CO*45*55.29~
REF*6R*PMXP0101616609-10~
AMT*B6*4.71~
CLP*H315374926800*1*1577*244.66**HM*200266412*13*2~
NM1*QC*1*MCCOY*STEVEN****MI*0040834929~
NM1*82*2*MERCY MEMORIAL HOSPITAL*****XX*1811097223~
REF*CE*MEDICAID~
DTM*232*20211207~
DTM*233*20211209~
DTM*050*20220112~
SVC*NU>0250*28*0**7~
DTM*472*20211207~
CAS*CO*97*28~
SVC*NU>0250*17*0**3~
DTM*472*20211209~
CAS*CO*97*17~
SVC*HC>96360*458*123.5*0260*1~
DTM*472*20211207~
CAS*CO*45*334.5~
REF*6R*PMXP0101616421-3~
AMT*B6*123.5~
SVC*HC>80053*122*0*0300*1~
DTM*472*20211207~
CAS*CO*97*122~
REF*6R*PMXP0101616421-4~
LQ*HE*M15~
SVC*HC>83735*42*0*0301*1~
DTM*472*20211207~
CAS*CO*97*42~
REF*6R*PMXP0101616421-5~
LQ*HE*M15~
SVC*HC>84439*96*0*0301*1~
DTM*472*20211207~
CAS*CO*97*96~
REF*6R*PMXP0101616421-6~
LQ*HE*M15~
SVC*HC>84443*102*0*0301*1~
DTM*472*20211207~
CAS*CO*97*102~
REF*6R*PMXP0101616421-7~
LQ*HE*M15~
SVC*HC>85025*59*0*0305*1~
DTM*472*20211207~
CAS*CO*97*59~
REF*6R*PMXP0101616421-8~
LQ*HE*M15~
SVC*HC>85379*62*0*0305*1~
DTM*472*20211209~
CAS*CO*97*62~
REF*6R*PMXP0101616421-9~
LQ*HE*M15~
SVC*HC>71046*205*49.1*0320*1~
DTM*472*20211207~
CAS*CO*45*155.9~
REF*6R*PMXP0101616421-10~
AMT*B6*49.1~
SVC*HC>36591*130*0*0761*1~
DTM*472*20211209~
CAS*CO*97*130~
REF*6R*PMXP0101616421-11~
LQ*HE*M15~
SVC*HC>36591>59*130*0*0761*1~
DTM*472*20211207~
CAS*CO*97*130~
REF*6R*PMXP0101616421-12~
LQ*HE*M15~
SVC*HC>G0463>25*126*72.06*0761*1~
DTM*472*20211209~
CAS*CO*45*53.94~
REF*6R*PMXP0101616421-13~
AMT*B6*72.06~
CLP*H315453550300*1*3323*453.52**HM*200266432*13*1~
NM1*QC*1*MCCOY*TASHA*M***MI*0058467196~
NM1*82*2*MERCY MEMORIAL HOSPITAL*****XX*1811097223~
REF*CE*MEDICAID~
DTM*232*20220105~
DTM*233*20220106~
DTM*050*20220112~
SVC*NU>0250*18*0**3~
DTM*472*20220105~
CAS*CO*97*18~
SVC*NU>0250*10*0**3~
DTM*472*20220106~
CAS*CO*97*10~
SVC*HC>96361*253*24.28*0260*1~
DTM*472*20220105~
CAS*CO*45*228.72~
REF*6R*PMXP0101616295-3~
AMT*B6*24.28~
SVC*HC>36415*21*0*0300*1~
DTM*472*20220105~
CAS*CO*97*21~
REF*6R*PMXP0101616295-4~
LQ*HE*M15~
SVC*HC>80048*96*0*0300*1~
DTM*472*20220105~
CAS*CO*97*96~
REF*6R*PMXP0101616295-5~
LQ*HE*M15~
SVC*HC>U0003*420*45.52*0300*1~
DTM*472*20220105~
CAS*CO*45*374.48~
REF*6R*PMXP0101616295-6~
AMT*B6*45.52~
SVC*HC>U0005*100*15.18*0300*1~
DTM*472*20220105~
CAS*CO*45*84.82~
REF*6R*PMXP0101616295-7~
AMT*B6*15.18~
SVC*HC>85025*60*0*0305*1~
DTM*472*20220105~
CAS*CO*97*60~
REF*6R*PMXP0101616295-8~
LQ*HE*M15~
SVC*HC>99284>25>CS*1377*220.76*0450*1~
DTM*472*20220105~
CAS*CO*45*1156.24~
REF*6R*PMXP0101616295-9~
AMT*B6*220.76~
SVC*HC>93005>59*194*0*0730*1~
DTM*472*20220105~
CAS*CO*97*194~
REF*6R*PMXP0101616295-10~
LQ*HE*M15~
SVC*HC>96372>59*355*0*0761*1~
DTM*472*20220105~
CAS*CO*97*355~
REF*6R*PMXP0101616295-11~
LQ*HE*M15~
SVC*HC>96374*255*123.5*0761*1~
DTM*472*20220105~
CAS*CO*45*131.5~
REF*6R*PMXP0101616295-12~
AMT*B6*123.5~
SVC*HC>96375*164*24.28*0761*1~
DTM*472*20220106~
CAS*CO*45*139.72~
REF*6R*PMXP0101616295-13~
AMT*B6*24.28~
CLP*H315363825200*1*1147*152.98**HM*200034807*13*3~
NM1*QC*1*MCDONALD*SOFIA*E***MI*1160572504~
NM1*82*2*MERCY MEMORIAL HOSPITAL*****XX*1811097223~
REF*CE*MEDICAID~
DTM*232*20211203~
DTM*233*20211220~
DTM*050*20220104~
SVC*HC>97530>GO>59>97*310*38.85*0431*2~
DTM*472*20211213~
CAS*CO*45*271.15~
REF*6R*PMXP0101357310-1~
AMT*B6*38.85~
SVC*HC>97530>GO>59>97*310*38.85*0431*2~
DTM*472*20211220~
CAS*CO*45*271.15~
REF*6R*PMXP0101357310-2~
AMT*B6*38.85~
SVC*HC>97535>GO>59>97*114*14.77*0431*1~
DTM*472*20211213~
CAS*CO*45*99.23~
REF*6R*PMXP0101357310-3~
AMT*B6*14.77~
SVC*HC>97535>GO>59>97*114*14.77*0431*1~
DTM*472*20211220~
CAS*CO*45*99.23~
REF*6R*PMXP0101357310-4~
AMT*B6*14.77~
SVC*HC>92507>GN>97*299*45.74*0441*1~
DTM*472*20211203~
CAS*CO*45*253.26~
REF*6R*PMXP0101357310-5~
AMT*B6*45.74~
CLP*H315366704200*1*1104*165.77**HM*200034875*13*2~
NM1*QC*1*MCINTOSH*RAEJEAN*M***MI*0025029836~
NM1*82*2*MERCY MEMORIAL HOSPITAL*****XX*1811097223~
REF*CE*MEDICAID~
DTM*232*20211206~
DTM*233*20211221~
DTM*050*20220104~
SVC*HC>97110>GO>97*117*17.66*0431*1~
DTM*472*20211206~
CAS*CO*45*99.34~
REF*6R*PMXP0101357108-1~
AMT*B6*17.66~
SVC*HC>97110>GO>97*351*45.27*0431*3~
DTM*472*20211215~
CAS*CO*45*305.73~
REF*6R*PMXP0101357108-2~
AMT*B6*45.27~
SVC*HC>97110>GO>97*351*45.27*0431*3~
DTM*472*20211221~
CAS*CO*45*305.73~
REF*6R*PMXP0101357108-3~
AMT*B6*45.27~
SVC*HC>97165>GO>97*285*57.57*0434*1~
DTM*472*20211206~
CAS*CO*45*227.43~
REF*6R*PMXP0101357108-4~
AMT*B6*57.57~
CLP*H315372300500*4*1240*0**HM*200074458*13*2~
NM1*QC*1*MCKENZIE*JOHN*L***MI*1166229326~
NM1*82*2*MERCY MEMORIAL HOSPITAL*****XX*1811097223~
REF*CE*MEDICAID~
DTM*232*20211206~
DTM*233*20211220~
DTM*050*20220105~
SVC*HC>97530>GO>59>97*310*0*0431*2~
DTM*472*20211206~
CAS*CO*197*310~
REF*6R*PMXP0101399002-1~
SVC*HC>97530>GO>59>97*465*0*0431*3~
DTM*472*20211220~
CAS*CO*197*465~
REF*6R*PMXP0101399002-2~
SVC*HC>97530>GO>97*465*0*0431*3~
DTM*472*20211213~
CAS*CO*197*465~
REF*6R*PMXP0101399002-3~
CLP*H315460431500*1*1670*220.76**HM*200266427*13*1~
NM1*QC*1*MCMULLEN*SERENNA****MI*0015529993~
NM1*82*2*MERCY MEMORIAL HOSPITAL*****XX*1811097223~
REF*CE*MEDICAID~
DTM*232*20220108~
DTM*050*20220112~
SVC*HC>80053*124*0*0300*1~
DTM*472*20220108~
CAS*CO*97*124~
REF*6R*PMXP0101616563-1~
LQ*HE*M15~
SVC*HC>84702*51*0*0301*1~
DTM*472*20220108~
CAS*CO*97*51~
REF*6R*PMXP0101616563-2~
LQ*HE*M15~
SVC*HC>85025*60*0*0305*1~
DTM*472*20220108~
CAS*CO*97*60~
REF*6R*PMXP0101616563-3~
LQ*HE*M15~
SVC*HC>81003>QW*20*0*0307*1~
DTM*472*20220108~
CAS*CO*97*20~
REF*6R*PMXP0101616563-4~
LQ*HE*M15~
SVC*HC>81025*38*0*0307*1~
DTM*472*20220108~
CAS*CO*97*38~
REF*6R*PMXP0101616563-5~
LQ*HE*M15~
SVC*HC>99284>25*1377*220.76*0450*1~
DTM*472*20220108~
CAS*CO*45*1156.24~
REF*6R*PMXP0101616563-6~
AMT*B6*220.76~
CLP*H315083642700*22*-1231*-194.79**HM*195222529*13*2~
NM1*QC*1*WILLIAMS*ELLY****MI*1089724601~
NM1*74*1*MCNEILL*ELLY*ANNA***C*1089724601~
NM1*82*2*MERCY MEMORIAL HOSPITAL*****XX*1811097223~
REF*CE*MEDICAID~
DTM*232*20210713~
DTM*233*20210727~
DTM*050*20210804~
SVC*HC>97166>GO>97*-334*-57.57*0434*1~
DTM*472*20210716~
CAS*CO*45*-276.43~
REF*6R*PMXP0096886019-2~
SVC*HC>92507>GN>97*-299*-45.74*0441*1~
DTM*472*20210713~
CAS*CO*45*-253.26~
REF*6R*PMXP0096886019-3~
SVC*HC>92507>GN>97*-299*-45.74*0441*1~
DTM*472*20210720~
CAS*CO*45*-253.26~
REF*6R*PMXP0096886019-4~
SVC*HC>92507>GN>97*-299*-45.74*0441*1~
DTM*472*20210727~
CAS*CO*45*-253.26~
REF*6R*PMXP0096886019-5~
CLP*H315083642700*1*1541*233.64**HM*200297043*13*2~
NM1*QC*1*WILLIAMS*ELLY****MI*1089724601~
NM1*74*1*MCNEILL*ELLY*ANNA***C*1089724601~
NM1*82*2*MERCY MEMORIAL HOSPITAL*****XX*1811097223~
REF*CE*MEDICAID~
DTM*232*20210713~
DTM*233*20210727~
DTM*050*20220113~
SVC*HC>97530>GO>97*310*38.85*0431*2~
DTM*472*20210723~
CAS*CO*45*271.15~
REF*6R*PMXP0096886019-1~
AMT*B6*38.85~
SVC*HC>97166>GO>97*334*57.57*0434*1~
DTM*472*20210716~
CAS*CO*45*276.43~
REF*6R*PMXP0096886019-2~
AMT*B6*57.57~
SVC*HC>92507>GN>97*299*45.74*0441*1~
DTM*472*20210713~
CAS*CO*45*253.26~
REF*6R*PMXP0096886019-3~
AMT*B6*45.74~
SVC*HC>92507>GN>97*299*45.74*0441*1~
DTM*472*20210720~
CAS*CO*45*253.26~
REF*6R*PMXP0096886019-4~
AMT*B6*45.74~
SVC*HC>92507>GN>97*299*45.74*0441*1~
DTM*472*20210727~
CAS*CO*45*253.26~
REF*6R*PMXP0096886019-5~
AMT*B6*45.74~
CLP*H315457841600*1*151*16.34**HM*200266435*13*1~
NM1*QC*1*MEHKI*RYAN*D***MI*1149977471~
NM1*82*2*MERCY MEMORIAL HOSPITAL*****XX*1811097223~
REF*CE*MEDICAID~
DTM*232*20220107~
DTM*050*20220112~
SVC*HC>36415*21*1.83*0300*1~
DTM*472*20220107~
CAS*CO*45*19.17~
REF*6R*PMXP0101616637-1~
AMT*B6*1.83~
SVC*HC>80061*87*8.13*0301*1~
DTM*472*20220107~
CAS*CO*45*78.87~
REF*6R*PMXP0101616637-2~
AMT*B6*8.13~
SVC*HC>83721>59*43*6.38*0301*1~
DTM*472*20220107~
CAS*CO*45*36.62~
REF*6R*PMXP0101616637-3~
AMT*B6*6.38~
CLP*H315461882400*1*1397*220.76**HM*200305671*13*1~
NM1*QC*1*MERRITT*ALAYZIAH****MI*1170547443~
NM1*82*2*MERCY MEMORIAL HOSPITAL*****XX*1811097223~
REF*CE*MEDICAID~
DTM*232*20220109~
DTM*050*20220113~
SVC*HC>81003>QW*20*0*0307*1~
DTM*472*20220109~
CAS*CO*97*20~
REF*6R*PMXP0101653757-1~
LQ*HE*M15~
SVC*HC>99284>25*1377*220.76*0450*1~
DTM*472*20220109~
CAS*CO*45*1156.24~
REF*6R*PMXP0101653757-2~
AMT*B6*220.76~
CLP*H315439789500*1*1509*273.67**HM*200109386*13*1~
NM1*QC*1*MILHAN*SHARI*L***MI*0042394858~
NM1*82*2*MERCY MEMORIAL HOSPITAL*****XX*1811097223~
REF*CE*MEDICAID~
DTM*232*20220101~
DTM*050*20220106~
SVC*NU>0250*12*0**1~
DTM*472*20220101~
CAS*CO*97*12~
SVC*HC>M0245*1496*273.41*0260*1~
DTM*472*20220101~
CAS*CO*45*1222.59~
REF*6R*PMXP0101431221-2~
AMT*B6*273.41~
SVC*HC>Q0245*1*.26*0636*1~
DTM*472*20220101~
CAS*CO*45*.74~
REF*6R*PMXP0101431221-3~
AMT*B6*.26~
CLP*H315327046600*1*6422*792.57**HM*200034856*13*2~
NM1*QC*1*MINK*TAMMY*J***MI*0008706706~
NM1*82*2*MERCY MEMORIAL HOSPITAL*****XX*1811097223~
REF*CE*MEDICAID~
DTM*232*20211202~
DTM*050*20220104~
SVC*NU>0250*14*0**2~
DTM*472*20211202~
CAS*CO*97*14~
SVC*HC>78452*5060*792.57*0341*1~
DTM*472*20211202~
CAS*CO*45*4267.43~
REF*6R*PMXP0101357109-2~
AMT*B6*792.57~
SVC*HC>A9500*468*0*0343*2~
DTM*472*20211202~
CAS*CO*97*468~
REF*6R*PMXP0101357109-3~
LQ*HE*M15~
SVC*HC>93017*880*0*0482*1~
DTM*472*20211202~
CAS*CO*97*880~
REF*6R*PMXP0101357109-4~
LQ*HE*M15~
CLP*H315147290101*1*52*4.43**HM*200138714*13*7~
NM1*QC*1*MIRACLE*BONITA****MI*0095935038~
NM1*82*2*MERCY MEMORIAL HOSPITAL*****XX*1811097223~
REF*CE*MEDICAID~
DTM*232*20210817~
DTM*050*20220107~
SVC*HC>36415*21*1.83*0300*1~
DTM*472*20210817~
CAS*CO*45*19.17~
REF*6R*PMXP0101482001-1~
AMT*B6*1.83~
SVC*HC>85610*31*2.6*0305*1~
DTM*472*20210817~
CAS*CO*45*28.4~
REF*6R*PMXP0101482001-2~
AMT*B6*2.6~
CLP*H313198877101*4*51*0**HM*200264762*13*7~
NM1*QC*1*MIRACLE*BONITA****MI*0095935038~
NM1*82*2*MERCY MEMORIAL HOSPITAL*****XX*1811097223~
REF*CE*MEDICAID~
DTM*232*20190624~
DTM*050*20220111~
SVC*HC>36415*21*0*0300*1~
DTM*472*20190624~
CAS*CO*29*21~
SVC*HC>85610*30*0*0305*1~
DTM*472*20190624~
CAS*CO*29*30~
CLP*H313798877102*4*51*0**HM*200264763*13*1~
NM1*QC*1*MIRACLE*BONITA****MI*0095935038~
NM1*82*2*MERCY MEMORIAL HOSPITAL*****XX*1811097223~
REF*CE*MEDICAID~
DTM*232*20190624~
DTM*050*20220111~
SVC*HC>36415*21*0*0300*1~
DTM*472*20190624~
CAS*CO*29*21~
SVC*HC>85610*30*0*0305*1~
DTM*472*20190624~
CAS*CO*29*30~
CLP*H313835365901*4*51*0**HM*200264764*13*7~
NM1*QC*1*MIRACLE*BONITA****MI*0095935038~
NM1*82*2*MERCY MEMORIAL HOSPITAL*****XX*1811097223~
REF*CE*MEDICAID~
DTM*232*20190719~
DTM*050*20220111~
SVC*HC>36415*21*0*0300*1~
DTM*472*20190719~
CAS*CO*29*21~
SVC*HC>85610*30*0*0305*1~
DTM*472*20190719~
CAS*CO*29*30~
CLP*H313934103101*4*51*0**HM*200264765*13*7~
NM1*QC*1*MIRACLE*BONITA****MI*0095935038~
NM1*82*2*MERCY MEMORIAL HOSPITAL*****XX*1811097223~
REF*CE*MEDICAID~
DTM*232*20190926~
DTM*050*20220111~
SVC*HC>36415*21*0*0300*1~
DTM*472*20190926~
CAS*CO*29*21~
SVC*HC>85610*30*0*0305*1~
DTM*472*20190926~
CAS*CO*29*30~
CLP*H313951132801*4*51*0**HM*200264766*13*7~
NM1*QC*1*MIRACLE*BONITA****MI*0095935038~
NM1*82*2*MERCY MEMORIAL HOSPITAL*****XX*1811097223~
REF*CE*MEDICAID~
DTM*232*20191008~
DTM*050*20220111~
SVC*HC>36415*21*0*0300*1~
DTM*472*20191008~
CAS*CO*29*21~
SVC*HC>85610*30*0*0305*1~
DTM*472*20191008~
CAS*CO*29*30~
CLP*H314041488901*4*51*0**HM*200264767*13*7~
NM1*QC*1*MIRACLE*BONITA****MI*0095935038~
NM1*82*2*MERCY MEMORIAL HOSPITAL*****XX*1811097223~
REF*CE*MEDICAID~
DTM*232*20191209~
DTM*050*20220111~
SVC*HC>36415*21*0*0300*1~
DTM*472*20191209~
CAS*CO*29*21~
SVC*HC>85610*30*0*0305*1~
DTM*472*20191209~
CAS*CO*29*30~
CLP*H314073883401*4*51*0**HM*200264768*13*7~
NM1*QC*1*MIRACLE*BONITA****MI*0095935038~
NM1*82*2*MERCY MEMORIAL HOSPITAL*****XX*1811097223~
REF*CE*MEDICAID~
DTM*232*20191230~
DTM*050*20220111~
SVC*HC>36415*21*0*0300*1~
DTM*472*20191230~
CAS*CO*29*21~
SVC*HC>85610*30*0*0305*1~
DTM*472*20191230~
CAS*CO*29*30~
CLP*H314145540601*4*51*0**HM*200264769*13*7~
NM1*QC*1*MIRACLE*BONITA****MI*0095935038~
NM1*82*2*MERCY MEMORIAL HOSPITAL*****XX*1811097223~
REF*CE*MEDICAID~
DTM*232*20200206~
DTM*050*20220111~
SVC*HC>36415*21*0*0300*1~
DTM*472*20200206~
CAS*CO*29*21~
SVC*HC>85610*30*0*0305*1~
DTM*472*20200206~
CAS*CO*29*30~
CLP*H314191253101*4*51*0**HM*200264770*13*7~
NM1*QC*1*MIRACLE*BONITA****MI*0095935038~
NM1*82*2*MERCY MEMORIAL HOSPITAL*****XX*1811097223~
REF*CE*MEDICAID~
DTM*232*20200302~
DTM*050*20220111~
SVC*HC>36415*21*0*0300*1~
DTM*472*20200302~
CAS*CO*29*21~
SVC*HC>85610*30*0*0305*1~
DTM*472*20200302~
CAS*CO*29*30~
CLP*H314235747701*4*51*0**HM*200264771*13*1~
NM1*QC*1*MIRACLE*BONITA****MI*0095935038~
NM1*82*2*MERCY MEMORIAL HOSPITAL*****XX*1811097223~
REF*CE*MEDICAID~
DTM*232*20200402~
DTM*050*20220111~
SVC*HC>36415*21*0*0300*1~
DTM*472*20200402~
CAS*CO*29*21~
SVC*HC>85610*30*0*0305*1~
DTM*472*20200402~
CAS*CO*29*30~
CLP*H314293778600*4*51*0**HM*200265746*13*1~
NM1*QC*1*MIRACLE*BONITA****MI*0095935038~
NM1*82*2*MERCY MEMORIAL HOSPITAL*****XX*1811097223~
REF*CE*MEDICAID~
DTM*232*20200528~
DTM*050*20220111~
SVC*HC>36415*21*0*0300*1~
DTM*472*20200528~
CAS*CO*29*21~
SVC*HC>85610*30*0*0305*1~
DTM*472*20200528~
CAS*CO*29*30~
CLP*H314343659100*4*51*0**HM*200265747*13*1~
NM1*QC*1*MIRACLE*BONITA****MI*0095935038~
NM1*82*2*MERCY MEMORIAL HOSPITAL*****XX*1811097223~
REF*CE*MEDICAID~
DTM*232*20200625~
DTM*050*20220111~
SVC*HC>36415*21*0*0300*1~
DTM*472*20200625~
CAS*CO*29*21~
SVC*HC>85610*30*0*0305*1~
DTM*472*20200625~
CAS*CO*29*30~
CLP*H314374264401*4*51*0**HM*200265748*13*1~
NM1*QC*1*MIRACLE*BONITA****MI*0095935038~
NM1*82*2*MERCY MEMORIAL HOSPITAL*****XX*1811097223~
REF*CE*MEDICAID~
DTM*232*20200713~
DTM*050*20220111~
SVC*HC>36415*21*0*0300*1~
DTM*472*20200713~
CAS*CO*29*21~
SVC*HC>85610*30*0*0305*1~
DTM*472*20200713~
CAS*CO*29*30~
CLP*H314408907301*4*51*0**HM*200265749*13*7~
NM1*QC*1*MIRACLE*BONITA****MI*0095935038~
NM1*82*2*MERCY MEMORIAL HOSPITAL*****XX*1811097223~
REF*CE*MEDICAID~
DTM*232*20200731~
DTM*050*20220111~
SVC*HC>36415*21*0*0300*1~
DTM*472*20200731~
CAS*CO*29*21~
SVC*HC>85610*30*0*0305*1~
DTM*472*20200731~
CAS*CO*29*30~
CLP*H314444781601*4*51*0**HM*200265750*13*7~
NM1*QC*1*MIRACLE*BONITA****MI*0095935038~
NM1*82*2*MERCY MEMORIAL HOSPITAL*****XX*1811097223~
REF*CE*MEDICAID~
DTM*232*20200820~
DTM*050*20220111~
SVC*HC>36415*21*0*0300*1~
DTM*472*20200820~
CAS*CO*29*21~
SVC*HC>85610*30*0*0305*1~
DTM*472*20200820~
CAS*CO*29*30~
CLP*H314495458301*4*51*0**HM*200265751*13*7~
NM1*QC*1*MIRACLE*BONITA****MI*0095935038~
NM1*82*2*MERCY MEMORIAL HOSPITAL*****XX*1811097223~
REF*CE*MEDICAID~
DTM*232*20200917~
DTM*050*20220111~
SVC*HC>36415*21*0*0300*1~
DTM*472*20200917~
CAS*CO*29*21~
SVC*HC>85610*30*0*0305*1~
DTM*472*20200917~
CAS*CO*29*30~
CLP*H314501835601*4*51*0**HM*200265752*13*7~
NM1*QC*1*MIRACLE*BONITA****MI*0095935038~
NM1*82*2*MERCY MEMORIAL HOSPITAL*****XX*1811097223~
REF*CE*MEDICAID~
DTM*232*20200921~
DTM*050*20220111~
SVC*HC>36415*21*0*0300*1~
DTM*472*20200921~
CAS*CO*29*21~
SVC*HC>85610*30*0*0305*1~
DTM*472*20200921~
CAS*CO*29*30~
CLP*H314524017201*4*51*0**HM*200265753*13*7~
NM1*QC*1*MIRACLE*BONITA****MI*0095935038~
NM1*82*2*MERCY MEMORIAL HOSPITAL*****XX*1811097223~
REF*CE*MEDICAID~
DTM*232*20201001~
DTM*050*20220111~
SVC*HC>36415*21*0*0300*1~
DTM*472*20201001~
CAS*CO*29*21~
SVC*HC>85610*30*0*0305*1~
DTM*472*20201001~
CAS*CO*29*30~
CLP*H314640054201*4*96*0**HM*200265755*13*7~
NM1*QC*1*MIRACLE*BONITA****MI*0095935038~
NM1*82*2*MERCY MEMORIAL HOSPITAL*****XX*1811097223~
REF*CE*MEDICAID~
DTM*232*20201202~
DTM*050*20220111~
SVC*HC>36415*21*0*0300*1~
DTM*472*20201202~
CAS*CO*29*21~
SVC*HC>85027*45*0*0305*1~
DTM*472*20201202~
CAS*CO*29*45~
SVC*HC>85610*30*0*0305*1~
DTM*472*20201202~
CAS*CO*29*30~
CLP*H312838929901*4*46*0**HM*200274903*13*7~
NM1*QC*1*MIRACLE*BONITA****MI*0095935038~
NM1*82*2*MERCY MEMORIAL HOSPITAL*****XX*1811097223~
REF*CE*MEDICAID~
DTM*232*20170811~
DTM*050*20220111~
SVC*HC>36415*16*0*0300*1~
DTM*472*20170811~
CAS*CO*29*16~
SVC*HC>85610*30*0*0305*1~
DTM*472*20170811~
CAS*CO*29*30~
CLP*H312855271501*4*46*0**HM*200274904*13*7~
NM1*QC*1*MIRACLE*BONITA****MI*0095935038~
NM1*82*2*MERCY MEMORIAL HOSPITAL*****XX*1811097223~
REF*CE*MEDICAID~
DTM*232*20170906~
DTM*050*20220111~
SVC*HC>36415*16*0*0300*1~
DTM*472*20170906~
CAS*CO*29*16~
SVC*HC>85610*30*0*0305*1~
DTM*472*20170906~
CAS*CO*29*30~
CLP*H312925485901*4*46*0**HM*200274907*13*7~
NM1*QC*1*MIRACLE*BONITA****MI*0095935038~
NM1*82*2*MERCY MEMORIAL HOSPITAL*****XX*1811097223~
REF*CE*MEDICAID~
DTM*232*20171011~
DTM*050*20220111~
SVC*HC>36415*16*0*0300*1~
DTM*472*20171011~
CAS*CO*29*16~
SVC*HC>85610*30*0*0305*1~
DTM*472*20171011~
CAS*CO*29*30~
CLP*H312968100701*4*46*0**HM*200274909*13*7~
NM1*QC*1*MIRACLE*BONITA****MI*0095935038~
NM1*82*2*MERCY MEMORIAL HOSPITAL*****XX*1811097223~
REF*CE*MEDICAID~
DTM*232*20171110~
DTM*050*20220111~
SVC*HC>36415*16*0*0300*1~
DTM*472*20171110~
CAS*CO*29*16~
SVC*HC>85610*30*0*0305*1~
DTM*472*20171110~
CAS*CO*29*30~
CLP*H31299214601*4*46*0**HM*200274910*13*7~
NM1*QC*1*MIRACLE*BONITA****MI*0095935038~
NM1*82*2*MERCY MEMORIAL HOSPITAL*****XX*1811097223~
REF*CE*MEDICAID~
DTM*232*20171130~
DTM*050*20220111~
SVC*HC>36415*16*0*0300*1~
DTM*472*20171130~
CAS*CO*29*16~
SVC*HC>85610*30*0*0305*1~
DTM*472*20171130~
CAS*CO*29*30~
CLP*H313028519502*4*46*0**HM*200274911*13*7~
NM1*QC*1*MIRACLE*BONITA****MI*0095935038~
NM1*82*2*MERCY MEMORIAL HOSPITAL*****XX*1811097223~
REF*CE*MEDICAID~
DTM*232*20171227~
DTM*050*20220111~
SVC*HC>36415*16*0*0300*1~
DTM*472*20171227~
CAS*CO*29*16~
SVC*HC>85610*30*0*0305*1~
DTM*472*20171227~
CAS*CO*29*30~
CLP*H313057828302*4*46*0**HM*200303393*13*7~
NM1*QC*1*MIRACLE*BONITA****MI*0095935038~
NM1*82*2*MERCY MEMORIAL HOSPITAL*****XX*1811097223~
REF*CE*MEDICAID~
DTM*232*20180118~
DTM*050*20220111~
SVC*HC>36415*16*0*0300*1~
DTM*472*20180118~
CAS*CO*29*16~
SVC*HC>85610*30*0*0305*1~
DTM*472*20180118~
CAS*CO*29*30~
CLP*H313171602402*4*46*0**HM*200303395*13*7~
NM1*QC*1*MIRACLE*BONITA****MI*0095935038~
NM1*82*2*MERCY MEMORIAL HOSPITAL*****XX*1811097223~
REF*CE*MEDICAID~
DTM*232*20180404~
DTM*050*20220111~
SVC*HC>36415*16*0*0300*1~
DTM*472*20180404~
CAS*CO*29*16~
SVC*HC>85610*30*0*0305*1~
DTM*472*20180404~
CAS*CO*29*30~
CLP*H313207471901*4*46*0**HM*200303396*13*7~
NM1*QC*1*MIRACLE*BONITA****MI*0095935038~
NM1*82*2*MERCY MEMORIAL HOSPITAL*****XX*1811097223~
REF*CE*MEDICAID~
DTM*232*20180430~
DTM*050*20220111~
SVC*HC>36415*16*0*0300*1~
DTM*472*20180430~
CAS*CO*29*16~
SVC*HC>85610*30*0*0305*1~
DTM*472*20180430~
CAS*CO*29*30~
CLP*H313229441101*4*46*0**HM*200303397*13*7~
NM1*QC*1*MIRACLE*BONITA****MI*0095935038~
NM1*82*2*MERCY MEMORIAL HOSPITAL*****XX*1811097223~
REF*CE*MEDICAID~
DTM*232*20180515~
DTM*050*20220111~
SVC*HC>36415*16*0*0300*1~
DTM*472*20180515~
CAS*CO*29*16~
SVC*HC>85610*30*0*0305*1~
DTM*472*20180515~
CAS*CO*29*30~
CLP*H313275166002*4*282*0**HM*200303398*13*7~
NM1*QC*1*MIRACLE*BONITA****MI*0095935038~
NM1*82*2*MERCY MEMORIAL HOSPITAL*****XX*1811097223~
REF*CE*MEDICAID~
DTM*232*20180710~
DTM*233*20180730~
DTM*050*20220111~
SVC*HC>36415*21*0*0300*1~
DTM*472*20180730~
CAS*CO*29*21~
SVC*HC>85610*30*0*0305*1~
DTM*472*20180730~
CAS*CO*29*30~
SVC*HC>G0424*231*0*0948*1~
DTM*472*20180710~
CAS*CO*29*231~
CLP*H313290707601*4*51*0**HM*200303399*13*1~
NM1*QC*1*MIRACLE*BONITA****MI*0095935038~
NM1*82*2*MERCY MEMORIAL HOSPITAL*****XX*1811097223~
REF*CE*MEDICAID~
DTM*232*20180628~
DTM*050*20220111~
SVC*HC>36415*21*0*0300*1~
DTM*472*20180628~
CAS*CO*29*21~
SVC*HC>85610*30*0*0305*1~
DTM*472*20180628~
CAS*CO*29*30~
CLP*H313351829501*4*46*0**HM*200303400*13*7~
NM1*QC*1*MIRACLE*BONITA****MI*0095935038~
NM1*82*2*MERCY MEMORIAL HOSPITAL*****XX*1811097223~
REF*CE*MEDICAID~
DTM*232*20180815~
DTM*050*20220111~
SVC*HC>36415*16*0*0300*1~
DTM*472*20180815~
CAS*CO*29*16~
SVC*HC>85610*30*0*0305*1~
DTM*472*20180815~
CAS*CO*29*30~
CLP*H313380694102*4*51*0**HM*200303401*13*7~
NM1*QC*1*MIRACLE*BONITA****MI*0095935038~
NM1*82*2*MERCY MEMORIAL HOSPITAL*****XX*1811097223~
REF*CE*MEDICAID~
DTM*232*20180906~
DTM*050*20220111~
SVC*HC>36415*21*0*0300*1~
DTM*472*20180906~
CAS*CO*29*21~
SVC*HC>85610*30*0*0305*1~
DTM*472*20180906~
CAS*CO*29*30~
CLP*H313384420901*4*51*0**HM*200303402*13*1~
NM1*QC*1*MIRACLE*BONITA****MI*0095935038~
NM1*82*2*MERCY MEMORIAL HOSPITAL*****XX*1811097223~
REF*CE*MEDICAID~
DTM*232*20180910~
DTM*050*20220111~
SVC*HC>36415*21*0*0300*1~
DTM*472*20180910~
CAS*CO*29*21~
SVC*HC>85610*30*0*0305*1~
DTM*472*20180910~
CAS*CO*29*30~
CLP*H314670925501*4*51*0**HM*200306163*13*7~
NM1*QC*1*MIRACLE*BONITA****MI*0095935038~
REF*CE*MEDICAID~
DTM*232*20201218~
DTM*050*20220111~
SVC*HC>36415*21*0*0300*1~
DTM*472*20201218~
CAS*CO*22*21~
LQ*HE*N479~
SVC*HC>85610*30*0*0305*1~
DTM*472*20201218~
CAS*CO*22*30~
LQ*HE*N479~
CLP*H314689584201*4*51*0**HM*200306164*13*7~
NM1*QC*1*MIRACLE*BONITA****MI*0095935038~
NM1*82*2*MERCY MEMORIAL HOSPITAL*****XX*1811097223~
REF*CE*MEDICAID~
DTM*232*20201230~
DTM*050*20220111~
SVC*HC>36415*21*0*0300*1~
DTM*472*20201230~
CAS*CO*29*21~
SVC*HC>85610*30*0*0305*1~
DTM*472*20201230~
CAS*CO*29*30~
CLP*H313384420902*4*51*0**HM*200306206*13*7~
NM1*QC*1*MIRACLE*BONITA****MI*0095935038~
NM1*82*2*MERCY MEMORIAL HOSPITAL*****XX*1811097223~
REF*CE*MEDICAID~
DTM*232*20180910~
DTM*050*20220111~
SVC*HC>36415*21*0*0300*1~
DTM*472*20180910~
CAS*CO*29*21~
SVC*HC>85610*30*0*0305*1~
DTM*472*20180910~
CAS*CO*29*30~
CLP*H313396477401*4*51*0**HM*200306207*13*1~
NM1*QC*1*MIRACLE*BONITA****MI*0095935038~
NM1*82*2*MERCY MEMORIAL HOSPITAL*****XX*1811097223~
REF*CE*MEDICAID~
DTM*232*20180918~
DTM*050*20220111~
SVC*HC>36415*21*0*0300*1~
DTM*472*20180918~
CAS*CO*29*21~
SVC*HC>85610*30*0*0305*1~
DTM*472*20180918~
CAS*CO*29*30~
CLP*H31345298301*4*989*0**HM*200306208*13*7~
NM1*QC*1*MIRACLE*BONITA****MI*0095935038~
NM1*82*2*MERCY MEMORIAL HOSPITAL*****XX*1811097223~
REF*CE*MEDICAID~
DTM*232*20181025~
DTM*050*20220111~
SVC*HC>36415*21*0*0300*1~
DTM*472*20181025~
CAS*CO*29*21~
SVC*HC>80053*120*0*0300*1~
DTM*472*20181025~
CAS*CO*29*120~
SVC*HC>82306*94*0*0300*1~
DTM*472*20181025~
CAS*CO*29*94~
SVC*HC>80061*83*0*0301*1~
DTM*472*20181025~
CAS*CO*29*83~
SVC*HC>82043*28*0*0301*1~
DTM*472*20181025~
CAS*CO*29*28~
SVC*HC>82570*18*0*0301*1~
DTM*472*20181025~
CAS*CO*29*18~
SVC*HC>82607*81*0*0301*1~
DTM*472*20181025~
CAS*CO*29*81~
SVC*HC>82746*77*0*0301*1~
DTM*472*20181025~
CAS*CO*29*77~
SVC*HC>83036*57*0*0301*1~
DTM*472*20181025~
CAS*CO*29*57~
SVC*HC>83880*128*0*0301*1~
DTM*472*20181025~
CAS*CO*29*128~
SVC*HC>84439*94*0*0301*1~
DTM*472*20181025~
CAS*CO*29*94~
SVC*HC>84443*100*0*0301*1~
DTM*472*20181025~
CAS*CO*29*100~
SVC*HC>85025*58*0*0305*1~
DTM*472*20181025~
CAS*CO*29*58~
SVC*HC>85610*30*0*0305*1~
DTM*472*20181025~
CAS*CO*29*30~
CLP*H313511908501*4*51*0**HM*200306209*13*7~
NM1*QC*1*MIRACLE*BONITA****MI*0095935038~
NM1*82*2*MERCY MEMORIAL HOSPITAL*****XX*1811097223~
REF*CE*MEDICAID~
DTM*232*20181205~
DTM*050*20220111~
SVC*HC>36415*21*0*0300*1~
DTM*472*20181205~
CAS*CO*29*21~
SVC*HC>85610*30*0*0305*1~
DTM*472*20181205~
CAS*CO*29*30~
CLP*H31354195711*4*51*0**HM*200306210*13*7~
NM1*QC*1*MIRACLE*BONITA****MI*0095935038~
NM1*82*2*MERCY MEMORIAL HOSPITAL*****XX*1811097223~
REF*CE*MEDICAID~
DTM*232*20190102~
DTM*050*20220111~
SVC*HC>36415*21*0*0300*1~
DTM*472*20190102~
CAS*CO*29*21~
SVC*HC>85610*30*0*0305*1~
DTM*472*20190102~
CAS*CO*29*30~
CLP*H313615112602*4*51*0**HM*200306211*13*7~
NM1*QC*1*MIRACLE*BONITA****MI*0095935038~
NM1*82*2*MERCY MEMORIAL HOSPITAL*****XX*1811097223~
REF*CE*MEDICAID~
DTM*232*20190218~
DTM*050*20220111~
SVC*HC>36415*21*0*0300*1~
DTM*472*20190218~
CAS*CO*29*21~
SVC*HC>85610*30*0*0305*1~
DTM*472*20190218~
CAS*CO*29*30~
CLP*H313696315103*4*51*0**HM*200306212*13*7~
NM1*QC*1*MIRACLE*BONITA****MI*0095935038~
NM1*82*2*MERCY MEMORIAL HOSPITAL*****XX*1811097223~
REF*CE*MEDICAID~
DTM*232*20190412~
DTM*050*20220111~
SVC*HC>36415*21*0*0300*1~
DTM*472*20190412~
CAS*CO*29*21~
SVC*HC>85610*30*0*0305*1~
DTM*472*20190412~
CAS*CO*29*30~
CLP*H313141664203*4*51*0**HM*200306213*13*7~
NM1*QC*1*MIRACLE*BONITA****MI*0095935038~
NM1*82*2*MERCY MEMORIAL HOSPITAL*****XX*1811097223~
REF*CE*MEDICAID~
DTM*232*20190514~
DTM*050*20220111~
SVC*HC>36415*21*0*0300*1~
DTM*472*20190514~
CAS*CO*29*21~
SVC*HC>85610*30*0*0305*1~
DTM*472*20190514~
CAS*CO*29*30~
CLP*H313169431102*4*51*0**HM*200306214*13*7~
NM1*QC*1*MIRACLE*BONITA****MI*0095935038~
NM1*82*2*MERCY MEMORIAL HOSPITAL*****XX*1811097223~
REF*CE*MEDICAID~
DTM*232*20190603~
DTM*050*20220111~
SVC*HC>36415*21*0*0300*1~
DTM*472*20190603~
CAS*CO*29*21~
SVC*HC>85610*30*0*0305*1~
DTM*472*20190603~
CAS*CO*29*30~
CLP*H313769431104*4*51*0**HM*200306215*13*7~
NM1*QC*1*MIRACLE*BONITA****MI*0095935038~
NM1*82*2*MERCY MEMORIAL HOSPITAL*****XX*1811097223~
REF*CE*MEDICAID~
DTM*232*20190603~
DTM*050*20220111~
SVC*HC>36415*21*0*0300*1~
DTM*472*20190603~
CAS*CO*29*21~
SVC*HC>85610*30*0*0305*1~
DTM*472*20190603~
CAS*CO*29*30~
CLP*H315385654700*1*5315*511.71**HM*199998864*13*1~
NM1*QC*1*MOORE*CHRISSY*M***MI*0090876453~
NM1*82*2*MERCY MEMORIAL HOSPITAL*****XX*1811097223~
REF*CE*MEDICAID~
DTM*232*20211230~
DTM*050*20220103~
SVC*HC>72141*2247*511.71*0612*1~
DTM*472*20211230~
CAS*CO*45*1735.29~
REF*6R*PMXP0101316497-1~
AMT*B6*511.71~
SVC*HC>73220*2669*0*0614*1~
DTM*472*20211230~
CAS*CO*97*2669~
REF*6R*PMXP0101316497-2~
LQ*HE*M15~
SVC*HC>A9579*399*0*0636*20~
DTM*472*20211230~
CAS*CO*97*399~
REF*6R*PMXP0101316497-3~
LQ*HE*M15~
CLP*H315384083100*1*126*72.06**HM*200305710*13*2~
NM1*QC*1*MORGAN*MARLA*S***MI*1216229699~
NM1*82*2*MERCY MEMORIAL HOSPITAL*****XX*1811097223~
REF*CE*MEDICAID~
DTM*232*20211213~
DTM*050*20220113~
SVC*HC>G0463*126*72.06*0761*1~
DTM*472*20211213~
CAS*CO*45*53.94~
REF*6R*PMXP0101653907-1~
AMT*B6*72.06~
CLP*H315464665900*1*153*23.62**HM*200341913*13*1~
NM1*QC*1*MORROW*MAURISSA****MI*0040922267~
NM1*82*2*MERCY MEMORIAL HOSPITAL*****XX*1811097223~
REF*CE*MEDICAID~
DTM*232*20220110~
DTM*050*20220114~
SVC*HC>36415*21*1.83*0300*1~
DTM*472*20220110~
CAS*CO*45*19.17~
REF*6R*PMXP0101690714-1~
AMT*B6*1.83~
SVC*HC>84144*81*12.66*0300*1~
DTM*472*20220110~
CAS*CO*45*68.34~
REF*6R*PMXP0101690714-2~
AMT*B6*12.66~
SVC*HC>84702*51*9.13*0301*1~
DTM*472*20220110~
CAS*CO*45*41.87~
REF*6R*PMXP0101690714-3~
AMT*B6*9.13~
CLP*H315443943500*1*2154*140.56**HM*200266452*13*1~
NM1*QC*1*MURRAY*QUENTIN*O***MI*1162500433~
NM1*82*2*MERCY MEMORIAL HOSPITAL*****XX*1811097223~
REF*CE*MEDICAID~
DTM*232*20220103~
DTM*050*20220112~
SVC*NU>0250*4*0**4~
DTM*472*20220103~
CAS*CO*97*4~
SVC*HC>0241U*1035*0*0306*1~
DTM*472*20220103~
CAS*CO*204*1035~
REF*6R*PMXP0101616374-2~
SVC*HC>99283>25*1115*140.56*0450*1~
DTM*472*20220103~
CAS*CO*45*974.44~
REF*6R*PMXP0101616374-3~
AMT*B6*140.56~
CLP*H315455674500*1*416*66.14**HM*200198415*13*1~
NM1*QC*1*MURRAY*TIMOTHY****MI*0010232040~
NM1*82*2*MERCY MEMORIAL HOSPITAL*****XX*1811097223~
REF*CE*MEDICAID~
DTM*232*20220106~
DTM*050*20220110~
SVC*HC>72110*416*66.14*0320*1~
DTM*472*20220106~
CAS*CO*45*349.86~
REF*6R*PMXP0101559975-1~
AMT*B6*66.14~
CLP*H315392042000*1*1330*209.89**HM*200305718*13*2~
NM1*QC*1*NAVARRE*JEFF*D***MI*1031825252~
NM1*82*2*MERCY MEMORIAL HOSPITAL*****XX*1811097223~
REF*CE*MEDICAID~
DTM*232*20211227~
DTM*050*20220113~
SVC*HC>87070*91*0*0306*1~
DTM*472*20211227~
CAS*CO*97*91~
REF*6R*PMXP0101653755-1~
LQ*HE*M15~
SVC*HC>87077*47*0*0306*1~
DTM*472*20211227~
CAS*CO*97*47~
REF*6R*PMXP0101653755-2~
LQ*HE*M15~
SVC*HC>87186*142*0*0306*1~
DTM*472*20211227~
CAS*CO*97*142~
REF*6R*PMXP0101653755-3~
LQ*HE*M15~
SVC*HC>87205*42*0*0306*1~
DTM*472*20211227~
CAS*CO*97*42~
REF*6R*PMXP0101653755-4~
LQ*HE*M15~
SVC*HC>11042*1008*209.89*0361*1~
DTM*472*20211227~
CAS*CO*45*798.11~
REF*6R*PMXP0101653755-5~
AMT*B6*209.89~
CLP*H315450251700*1*2399*368.54**HM*200341906*13*1~
NM1*QC*1*NICHOLAS*OPAL****MI*0015558921~
NM1*82*2*MERCY MEMORIAL HOSPITAL*****XX*1811097223~
REF*CE*MEDICAID~
DTM*232*20220105~
DTM*050*20220114~
SVC*NU>0250*7*0**3~
DTM*472*20220105~
CAS*CO*97*7~
SVC*HC>96361*253*24.28*0260*1~
DTM*472*20220105~
CAS*CO*45*228.72~
REF*6R*PMXP0101690611-2~
AMT*B6*24.28~
SVC*HC>80053*124*0*0300*1~
DTM*472*20220105~
CAS*CO*97*124~
REF*6R*PMXP0101690611-3~
LQ*HE*M15~
SVC*HC>83605*43*0*0301*1~
DTM*472*20220105~
CAS*CO*97*43~
REF*6R*PMXP0101690611-4~
LQ*HE*M15~
SVC*HC>85025*60*0*0305*1~
DTM*472*20220105~
CAS*CO*97*60~
REF*6R*PMXP0101690611-5~
LQ*HE*M15~
SVC*HC>81001*48*0*0307*1~
DTM*472*20220105~
CAS*CO*97*48~
REF*6R*PMXP0101690611-6~
LQ*HE*M15~
SVC*HC>81025*38*0*0307*1~
DTM*472*20220105~
CAS*CO*97*38~
REF*6R*PMXP0101690611-7~
LQ*HE*M15~
SVC*HC>99284>25*1377*220.76*0450*1~
DTM*472*20220105~
CAS*CO*45*1156.24~
REF*6R*PMXP0101690611-8~
AMT*B6*220.76~
SVC*HC>93005>59*194*0*0730*1~
DTM*472*20220105~
CAS*CO*97*194~
REF*6R*PMXP0101690611-9~
LQ*HE*M15~
SVC*HC>96374*255*123.5*0761*1~
DTM*472*20220105~
CAS*CO*45*131.5~
REF*6R*PMXP0101690611-10~
AMT*B6*123.5~
CLP*H315374952700*1*6595*336.14**HM*200074456*13*2~
NM1*QC*1*NOLFF*SCOTT*P***MI*0016467901~
NM1*82*2*MERCY MEMORIAL HOSPITAL*****XX*1811097223~
REF*CE*MEDICAID~
DTM*232*20211210~
DTM*233*20211214~
DTM*050*20220105~
SVC*NU>0250*16*0**4~
DTM*472*20211210~
CAS*CO*97*16~
SVC*NU>0255*126*0**100~
DTM*472*20211210~
CAS*CO*97*126~
SVC*HC>80053*122*0*0300*1~
DTM*472*20211210~
CAS*CO*97*122~
REF*6R*PMXP0101399076-3~
LQ*HE*M15~
SVC*HC>82378*64*0*0301*1~
DTM*472*20211210~
CAS*CO*97*64~
REF*6R*PMXP0101399076-4~
LQ*HE*M15~
SVC*HC>83735*42*0*0301*1~
DTM*472*20211210~
CAS*CO*97*42~
REF*6R*PMXP0101399076-5~
LQ*HE*M15~
SVC*HC>85025*59*0*0305*1~
DTM*472*20211210~
CAS*CO*97*59~
REF*6R*PMXP0101399076-6~
LQ*HE*M15~
SVC*HC>71260*1970*264.08*0352*1~
DTM*472*20211210~
CAS*CO*45*1705.92~
REF*6R*PMXP0101399076-7~
AMT*B6*264.08~
SVC*HC>74177*3940*0*0352*1~
DTM*472*20211210~
CAS*CO*97*3940~
REF*6R*PMXP0101399076-8~
LQ*HE*M15~
SVC*HC>36591*130*0*0761*1~
DTM*472*20211210~
CAS*CO*97*130~
REF*6R*PMXP0101399076-9~
LQ*HE*M15~
SVC*HC>G0463*126*72.06*0761*1~
DTM*472*20211214~
CAS*CO*45*53.94~
REF*6R*PMXP0101399076-10~
AMT*B6*72.06~
CLP*H315456566800*1*416*66.14**HM*200248284*13*1~
NM1*QC*1*OLSON*RICKY*O***MI*1130054544~
NM1*82*2*MERCY MEMORIAL HOSPITAL*****XX*1811097223~
REF*CE*MEDICAID~
DTM*232*20220106~
DTM*050*20220111~
SVC*HC>72110*416*66.14*0320*1~
DTM*472*20220106~
CAS*CO*45*349.86~
REF*6R*PMXP0101582919-1~
AMT*B6*66.14~
CLP*H315453651300*1*3753*501.07**HM*200266416*13*1~
NM1*QC*1*OTT*JODI*M***MI*0078698299~
NM1*82*2*MERCY MEMORIAL HOSPITAL*****XX*1811097223~
REF*CE*MEDICAID~
DTM*232*20220106~
DTM*050*20220112~
SVC*NU>0250*12*0**4~
DTM*472*20220106~
CAS*CO*97*12~
SVC*HC>80048*96*0*0300*1~
DTM*472*20220106~
CAS*CO*97*96~
REF*6R*PMXP0101616520-2~
LQ*HE*M15~
SVC*HC>80076*87*0*0300*1~
DTM*472*20220106~
CAS*CO*97*87~
REF*6R*PMXP0101616520-3~
LQ*HE*M15~
SVC*HC>80307*318*0*0300*1~
DTM*472*20220106~
CAS*CO*97*318~
REF*6R*PMXP0101616520-4~
LQ*HE*M15~
SVC*HC>82077*92*0*0300*1~
DTM*472*20220106~
CAS*CO*97*92~
REF*6R*PMXP0101616520-5~
LQ*HE*M15~
SVC*HC>U0003*420*45.52*0300*1~
DTM*472*20220106~
CAS*CO*45*374.48~
REF*6R*PMXP0101616520-6~
AMT*B6*45.52~
SVC*HC>U0005*100*15.18*0300*1~
DTM*472*20220106~
CAS*CO*45*84.82~
REF*6R*PMXP0101616520-7~
AMT*B6*15.18~
SVC*HC>80143*82*0*0301*1~
DTM*472*20220106~
CAS*CO*97*82~
REF*6R*PMXP0101616520-8~
LQ*HE*M15~
SVC*HC>80179*82*0*0301*1~
DTM*472*20220106~
CAS*CO*97*82~
REF*6R*PMXP0101616520-9~
LQ*HE*M15~
SVC*HC>84439*98*0*0301*1~
DTM*472*20220106~
CAS*CO*97*98~
REF*6R*PMXP0101616520-10~
LQ*HE*M15~
SVC*HC>84443*104*0*0301*1~
DTM*472*20220106~
CAS*CO*97*104~
REF*6R*PMXP0101616520-11~
LQ*HE*M15~
SVC*HC>85025*60*0*0305*1~
DTM*472*20220106~
CAS*CO*97*60~
REF*6R*PMXP0101616520-12~
LQ*HE*M15~
SVC*HC>81001>59*48*0*0307*1~
DTM*472*20220106~
CAS*CO*97*48~
REF*6R*PMXP0101616520-13~
LQ*HE*M15~
SVC*HC>81025*38*0*0307*1~
DTM*472*20220106~
CAS*CO*97*38~
REF*6R*PMXP0101616520-14~
LQ*HE*M15~
SVC*HC>99285>25>CS*1667*316.87*0450*1~
DTM*472*20220106~
CAS*CO*45*1350.13~
REF*6R*PMXP0101616520-15~
AMT*B6*316.87~
SVC*HC>93005>59*194*0*0730*1~
DTM*472*20220106~
CAS*CO*97*194~
REF*6R*PMXP0101616520-16~
LQ*HE*M15~
SVC*HC>96374*255*123.5*0761*1~
DTM*472*20220106~
CAS*CO*45*131.5~
REF*6R*PMXP0101616520-17~
AMT*B6*123.5~
CLP*H315411100600*1*2533*108.36**HM*200074443*13*1~
NM1*QC*1*PENA*MANNIX****MI*0039472877~
NM1*82*2*MERCY MEMORIAL HOSPITAL*****XX*1811097223~
REF*CE*MEDICAID~
DTM*232*20211220~
DTM*050*20220105~
SVC*NU>0250*4*0**1~
DTM*472*20211220~
CAS*CO*97*4~
SVC*NU>0255*126*0**100~
DTM*472*20211220~
CAS*CO*97*126~
SVC*HC>87070*91*0*0306*1~
DTM*472*20211220~
CAS*CO*97*91~
REF*6R*PMXP0101399102-3~
LQ*HE*M15~
SVC*HC>87077*94*0*0306*2~
DTM*472*20211220~
CAS*CO*97*94~
REF*6R*PMXP0101399102-4~
LQ*HE*M15~
SVC*HC>87186*142*0*0306*1~
DTM*472*20211220~
CAS*CO*97*142~
REF*6R*PMXP0101399102-5~
LQ*HE*M15~
SVC*HC>87205*42*0*0306*1~
DTM*472*20211220~
CAS*CO*97*42~
REF*6R*PMXP0101399102-6~
LQ*HE*M15~
SVC*HC>70487*2034*108.36*0351*1~
DTM*472*20211220~
CAS*CO*45*1925.64~
REF*6R*PMXP0101399102-7~
AMT*B6*108.36~
CLP*H315460712500*1*1479*140.56**HM*200266450*13*1~
NM1*QC*1*PENIX*CURTIS*J***MI*0009393816~
NM1*82*2*MERCY MEMORIAL HOSPITAL*****XX*1811097223~
REF*CE*MEDICAID~
DTM*232*20220108~
DTM*050*20220112~
SVC*NU>0250*9*0**3~
DTM*472*20220108~
CAS*CO*97*9~
SVC*HC>99283>25*1115*140.56*0450*1~
DTM*472*20220108~
CAS*CO*45*974.44~
REF*6R*PMXP0101616500-2~
AMT*B6*140.56~
SVC*HC>96372>59*355*0*0761*1~
DTM*472*20220108~
CAS*CO*97*355~
REF*6R*PMXP0101616500-3~
LQ*HE*M15~
CLP*H315460745700*1*2150*140.56**HM*200266425*13*1~
NM1*QC*1*PFEIFFER*KOLTON*M***MI*1254301376~
NM1*82*2*MERCY MEMORIAL HOSPITAL*****XX*1811097223~
REF*CE*MEDICAID~
DTM*232*20220108~
DTM*050*20220112~
SVC*HC>0241U*1035*0*0306*1~
DTM*472*20220108~
CAS*CO*204*1035~
REF*6R*PMXP0101616461-1~
SVC*HC>99283>25*1115*140.56*0450*1~
DTM*472*20220108~
CAS*CO*45*974.44~
REF*6R*PMXP0101616461-2~
AMT*B6*140.56~
CLP*H315327254900*1*2757*338.04**HM*200034872*13*3~
NM1*QC*1*PIERCE*GAVIN****MI*1031268785~
NM1*82*2*MERCY MEMORIAL HOSPITAL*****XX*1811097223~
REF*CE*MEDICAID~
DTM*232*20211201~
DTM*233*20211222~
DTM*050*20220104~
SVC*HC>97530>GO>59>97*465*48.59*0431*3~
DTM*472*20211201~
CAS*CO*45*416.41~
REF*6R*PMXP0101357007-1~
AMT*B6*48.59~
SVC*HC>97530>GO>59>97*465*48.59*0431*3~
DTM*472*20211208~
CAS*CO*45*416.41~
REF*6R*PMXP0101357007-2~
AMT*B6*48.59~
SVC*HC>97530>GO>59>97*465*48.59*0431*3~
DTM*472*20211215~
CAS*CO*45*416.41~
REF*6R*PMXP0101357007-3~
AMT*B6*48.59~
SVC*HC>97530>GO>97*465*55.05*0431*3~
DTM*472*20211222~
CAS*CO*45*409.95~
REF*6R*PMXP0101357007-4~
AMT*B6*55.05~
SVC*HC>92507>GN>97*299*45.74*0441*1~
DTM*472*20211201~
CAS*CO*45*253.26~
REF*6R*PMXP0101357007-5~
AMT*B6*45.74~
SVC*HC>92507>GN>97*299*45.74*0441*1~
DTM*472*20211208~
CAS*CO*45*253.26~
REF*6R*PMXP0101357007-6~
AMT*B6*45.74~
SVC*HC>92507>GN>97*299*45.74*0441*1~
DTM*472*20211215~
CAS*CO*45*253.26~
REF*6R*PMXP0101357007-7~
AMT*B6*45.74~
CLP*H315335312700*1*717*89.62**HM*200034801*13*3~
NM1*QC*1*PIERCE*JAMES*M***MI*0025962689~
NM1*82*2*MERCY MEMORIAL HOSPITAL*****XX*1811097223~
REF*CE*MEDICAID~
DTM*232*20211203~
DTM*233*20211206~
DTM*050*20220104~
SVC*HC>97110>GP>97*234*31.46*0421*2~
DTM*472*20211203~
CAS*CO*45*202.54~
REF*6R*PMXP0101357481-1~
AMT*B6*31.46~
SVC*HC>97110>GP>97*351*45.27*0421*3~
DTM*472*20211206~
CAS*CO*45*305.73~
REF*6R*PMXP0101357481-2~
AMT*B6*45.27~
SVC*HC>97140>GP>97*132*12.89*0421*1~
DTM*472*20211203~
CAS*CO*45*119.11~
REF*6R*PMXP0101357481-3~
AMT*B6*12.89~
CLP*H315432551900*1*23372*1600**HM*200305661*13*1~
NM1*QC*1*POOLE*SABRINA*A***MI*0095625607~
NM1*82*2*MERCY MEMORIAL HOSPITAL*****XX*1811097223~
REF*CE*MEDICAID~
DTM*232*20211229~
DTM*233*20211231~
DTM*050*20220113~
SVC*NU>0250*193*0**14~
DTM*472*20211229~
CAS*CO*97*193~
SVC*NU>0250*913*0**31~
DTM*472*20211230~
CAS*CO*97*913~
SVC*NU>0250*2*0**4~
DTM*472*20211231~
CAS*CO*97*2~
SVC*HC>96361>59*236*0*0260*1~
DTM*472*20211229~
CAS*CO*97*236~
REF*6R*PMXP0101653792-4~
SVC*HC>96365*457*0*0260*1~
DTM*472*20211229~
CAS*CO*97*457~
REF*6R*PMXP0101653792-5~
SVC*HC>96366>59*944*0*0260*4~
DTM*472*20211229~
CAS*CO*97*944~
REF*6R*PMXP0101653792-6~
SVC*HC>96368>59*89*0*0260*1~
DTM*472*20211229~
CAS*CO*97*89~
REF*6R*PMXP0101653792-7~
SVC*NU>0270*419*0**1~
DTM*472*20211230~
CAS*CO*97*419~
SVC*NU>0272*350.2*0**2~
DTM*472*20211230~
CAS*CO*97*350.2~
SVC*HC>C1773*81.8*0*0272*1~
DTM*472*20211230~
CAS*CO*97*81.8~
REF*6R*PMXP0101653792-10~
SVC*HC>80053*122*0*0300*1~
DTM*472*20211229~
CAS*CO*97*122~
REF*6R*PMXP0101653792-11~
SVC*HC>80053*122*0*0300*1~
DTM*472*20211230~
CAS*CO*97*122~
REF*6R*PMXP0101653792-12~
SVC*HC>80053*122*0*0300*1~
DTM*472*20211231~
CAS*CO*97*122~
REF*6R*PMXP0101653792-13~
SVC*HC>U0003*420*0*0300*1~
DTM*472*20211229~
CAS*CO*97*420~
REF*6R*PMXP0101653792-14~
SVC*HC>U0005*100*0*0300*1~
DTM*472*20211229~
CAS*CO*97*100~
REF*6R*PMXP0101653792-15~
SVC*HC>83690*50*0*0301*1~
DTM*472*20211229~
CAS*CO*97*50~
REF*6R*PMXP0101653792-16~
SVC*HC>85025*59*0*0305*1~
DTM*472*20211229~
CAS*CO*97*59~
REF*6R*PMXP0101653792-17~
SVC*HC>85027*46*0*0305*1~
DTM*472*20211230~
CAS*CO*97*46~
REF*6R*PMXP0101653792-18~
SVC*HC>85027*46*0*0305*1~
DTM*472*20211231~
CAS*CO*97*46~
REF*6R*PMXP0101653792-19~
SVC*HC>81003>QW*20*0*0307*1~
DTM*472*20211229~
CAS*CO*97*20~
REF*6R*PMXP0101653792-20~
SVC*HC>81025*37*0*0307*1~
DTM*472*20211229~
CAS*CO*97*37~
REF*6R*PMXP0101653792-21~
SVC*HC>88304*190*0*0312*1~
DTM*472*20211230~
CAS*CO*97*190~
REF*6R*PMXP0101653792-22~
SVC*HC>76376*217*0*0350*1~
DTM*472*20211229~
CAS*CO*97*217~
REF*6R*PMXP0101653792-23~
SVC*HC>47562*8966*0*0360*1~
DTM*472*20211230~
CAS*CO*97*8966~
REF*6R*PMXP0101653792-24~
SVC*HC>76705*587*0*0402*1~
DTM*472*20211229~
CAS*CO*97*587~
REF*6R*PMXP0101653792-25~
SVC*HC>99285>25>CS*1603*0*0450*1~
DTM*472*20211229~
CAS*CO*97*1603~
REF*6R*PMXP0101653792-26~
SVC*HC>74181*2272*0*0614*1~
DTM*472*20211229~
CAS*CO*97*2272~
REF*6R*PMXP0101653792-27~
SVC*NU>0710*2728*0**11~
DTM*472*20211230~
CAS*CO*97*2728~
SVC*HC>96372>59*332*0*0761*1~
DTM*472*20211229~
CAS*CO*97*332~
REF*6R*PMXP0101653792-29~
SVC*HC>96375*306*0*0761*2~
DTM*472*20211229~
CAS*CO*97*306~
REF*6R*PMXP0101653792-30~
SVC*HC>G0378>CS*1342*1600*0762*22~
DTM*472*20211230~
CAS*CO*94*-258~
REF*6R*PMXP0101653792-31~
AMT*B6*1600~
CLP*H315460543000*1*494*36.76**HM*200266438*13*1~
NM1*QC*1*REDICH*KAY*M***MI*0045196309~
NM1*82*2*MERCY MEMORIAL HOSPITAL*****XX*1811097223~
REF*CE*MEDICAID~
DTM*232*20220108~
DTM*050*20220112~
SVC*HC>36415*21*1.83*0300*1~
DTM*472*20220108~
CAS*CO*45*19.17~
REF*6R*PMXP0101616614-1~
AMT*B6*1.83~
SVC*HC>80053*124*6.41*0300*1~
DTM*472*20220108~
CAS*CO*45*117.59~
REF*6R*PMXP0101616614-2~
AMT*B6*6.41~
SVC*HC>80061*87*8.13*0301*1~
DTM*472*20220108~
CAS*CO*45*78.87~
REF*6R*PMXP0101616614-3~
AMT*B6*8.13~
SVC*HC>84439*98*5.48*0301*1~
DTM*472*20220108~
CAS*CO*45*92.52~
REF*6R*PMXP0101616614-4~
AMT*B6*5.48~
SVC*HC>84443*104*10.2*0301*1~
DTM*472*20220108~
CAS*CO*45*93.8~
REF*6R*PMXP0101616614-5~
AMT*B6*10.2~
SVC*HC>85025*60*4.71*0305*1~
DTM*472*20220108~
CAS*CO*45*55.29~
REF*6R*PMXP0101616614-6~
AMT*B6*4.71~
CLP*H315268605900*1*1677*216.66**HM*200034774*13*3~
NM1*QC*1*RIGSBY*PAUL*H***MI*0006740010~
NM1*82*2*MERCY MEMORIAL HOSPITAL*****XX*1811097223~
REF*CE*MEDICAID~
DTM*232*20211202~
DTM*233*20211230~
DTM*050*20220104~
SVC*HC>97535*114*0*0410*1~
DTM*472*20211202~
CAS*CO*197*114~
REF*6R*PMXP0101357010-1~
SVC*HC>97535*114*0*0410*1~
DTM*472*20211214~
CAS*CO*197*114~
REF*6R*PMXP0101357010-2~
SVC*HC>99406*63*15.92*0942*1~
DTM*472*20211202~
CAS*CO*45*47.08~
REF*6R*PMXP0101357010-3~
AMT*B6*15.92~
SVC*HC>99406*63*15.92*0942*1~
DTM*472*20211214~
CAS*CO*45*47.08~
REF*6R*PMXP0101357010-4~
AMT*B6*15.92~
SVC*HC>99407*63*15.92*0942*1~
DTM*472*20211228~
CAS*CO*45*47.08~
REF*6R*PMXP0101357010-5~
AMT*B6*15.92~
SVC*HC>G0424*252*33.78*0948*1~
DTM*472*20211202~
CAS*CO*45*218.22~
REF*6R*PMXP0101357010-6~
AMT*B6*33.78~
SVC*HC>G0424*252*33.78*0948*1~
DTM*472*20211214~
CAS*CO*45*218.22~
REF*6R*PMXP0101357010-7~
AMT*B6*33.78~
SVC*HC>G0424*252*33.78*0948*1~
DTM*472*20211216~
CAS*CO*45*218.22~
REF*6R*PMXP0101357010-8~
AMT*B6*33.78~
SVC*HC>G0424*252*33.78*0948*1~
DTM*472*20211228~
CAS*CO*45*218.22~
REF*6R*PMXP0101357010-9~
AMT*B6*33.78~
SVC*HC>G0424*252*33.78*0948*1~
DTM*472*20211230~
CAS*CO*45*218.22~
REF*6R*PMXP0101357010-10~
AMT*B6*33.78~
CLP*H315370992500*1*1373*172.47**HM*200074436*13*2~
NM1*QC*1*RIGSBY*SEBASTIAN*D***MI*1222380807~
NM1*82*2*MERCY MEMORIAL HOSPITAL*****XX*1811097223~
REF*CE*MEDICAID~
DTM*232*20211213~
DTM*233*20211220~
DTM*050*20220105~
SVC*HC>97530>GO>59>97*465*48.59*0431*3~
DTM*472*20211213~
CAS*CO*45*416.41~
REF*6R*PMXP0101399006-1~
AMT*B6*48.59~
SVC*HC>97530>GO>59>97*310*32.4*0431*2~
DTM*472*20211220~
CAS*CO*45*277.6~
REF*6R*PMXP0101399006-2~
AMT*B6*32.4~
SVC*HC>92507>GN>97*299*45.74*0441*1~
DTM*472*20211213~
CAS*CO*45*253.26~
REF*6R*PMXP0101399006-3~
AMT*B6*45.74~
SVC*HC>92507>GN>97*299*45.74*0441*1~
DTM*472*20211220~
CAS*CO*45*253.26~
REF*6R*PMXP0101399006-4~
AMT*B6*45.74~
CLP*H315452980200*1*121*23**HM*200266470*13*1~
NM1*QC*1*ROSE*LORENE****MI*0007982997~
NM1*82*2*MERCY MEMORIAL HOSPITAL*****XX*1811097223~
REF*CE*MEDICAID~
DTM*232*20220105~
DTM*050*20220112~
SVC*HC>36415*21*1.83*0300*1~
DTM*472*20220105~
CAS*CO*45*19.17~
REF*6R*PMXP0101616362-1~
AMT*B6*1.83~
SVC*HC>86769*100*21.17*0302*1~
DTM*472*20220105~
CAS*CO*45*78.83~
REF*6R*PMXP0101616362-2~
AMT*B6*21.17~
CLP*H315428361101*1*1072*140.56**HM*200341909*13*1~
NM1*QC*1*ROSE*WILLOW*M***MI*1208761231~
NM1*82*2*MERCY MEMORIAL HOSPITAL*****XX*1811097223~
REF*CE*MEDICAID~
DTM*232*20211227~
DTM*050*20220114~
SVC*HC>99283*1072*140.56*0450*1~
DTM*472*20211227~
CAS*CO*45*931.44~
REF*6R*PMXP0101690955-1~
AMT*B6*140.56~
CLP*H315440991001*1*1335*166.35**HM*200341911*13*1~
NM1*QC*1*RUSSEAU*DUSTIE*S***MI*0093848120~
NM1*82*2*MERCY MEMORIAL HOSPITAL*****XX*1811097223~
REF*CE*MEDICAID~
DTM*232*20220102~
DTM*050*20220114~
SVC*HC>U0002*220*25.79*0300*1~
DTM*472*20220102~
CAS*CO*45*194.21~
REF*6R*PMXP0101690660-1~
AMT*B6*25.79~
SVC*HC>99283>25>CS*1115*140.56*0450*1~
DTM*472*20220102~
CAS*CO*45*974.44~
REF*6R*PMXP0101690660-2~
AMT*B6*140.56~
CLP*H315300595602*2*451*0**HM*199966784*13*2~
NM1*QC*1*SAAM*SUSAN*M***MI*0029388715~
NM1*82*2*MERCY MEMORIAL HOSPITAL*****XX*1811097223~
REF*CE*MEDICAID~
DTM*232*20211123~
DTM*050*20211231~
SVC*HC>97110>GP>PO>97*117*0*0421*1~
DTM*472*20211123~
CAS*OA*23*117~
REF*6R*PMXP0101285441-1~
SVC*HC>97162>GP>PO>97*334*0*0424*1~
DTM*472*20211123~
CAS*OA*23*334~
REF*6R*PMXP0101285441-2~
CLP*H315445211601*1*835*114.47**HM*200266436*13*1~
NM1*QC*1*SANCHEZ*DALILAH*J***MI*0015600327~
NM1*82*2*MERCY MEMORIAL HOSPITAL*****XX*1811097223~
REF*CE*MEDICAID~
DTM*232*20220103~
DTM*050*20220112~
SVC*HC>36415*21*1.83*0300*1~
DTM*472*20220103~
CAS*CO*45*19.17~
REF*6R*PMXP0101616334-1~
AMT*B6*1.83~
SVC*HC>80053*124*6.41*0300*1~
DTM*472*20220103~
CAS*CO*45*117.59~
REF*6R*PMXP0101616334-2~
AMT*B6*6.41~
SVC*HC>84410*75*31.12*0300*1~
DTM*472*20220103~
CAS*CO*45*43.88~
REF*6R*PMXP0101616334-3~
AMT*B6*31.12~
SVC*HC>84403*93*15.67*0301*1~
DTM*472*20220103~
CAS*CO*45*77.33~
REF*6R*PMXP0101616334-4~
AMT*B6*15.67~
SVC*HC>84443*104*10.2*0301*1~
DTM*472*20220103~
CAS*CO*45*93.8~
REF*6R*PMXP0101616334-5~
AMT*B6*10.2~
SVC*HC>85025*60*4.71*0305*1~
DTM*472*20220103~
CAS*CO*45*55.29~
REF*6R*PMXP0101616334-6~
AMT*B6*4.71~
SVC*HC>87491*155*21.3*0306*1~
DTM*472*20220103~
CAS*CO*45*133.7~
REF*6R*PMXP0101616334-7~
AMT*B6*21.3~
SVC*HC>87591*155*21.3*0306*1~
DTM*472*20220103~
CAS*CO*45*133.7~
REF*6R*PMXP0101616334-8~
AMT*B6*21.3~
SVC*HC>81001*48*1.93*0307*1~
DTM*472*20220103~
CAS*CO*45*46.07~
REF*6R*PMXP0101616334-9~
AMT*B6*1.93~
CLP*H315460900600*1*2215*147.7**HM*200305619*13*1~
NM1*QC*1*SAWICKI*DAVID*W***MI*1173922922~
NM1*82*2*MERCY MEMORIAL HOSPITAL*****XX*1811097223~
REF*CE*MEDICAID~
DTM*232*20220108~
DTM*233*20220109~
DTM*050*20220113~
SVC*NU>0250*22*0**2~
DTM*472*20220108~
CAS*CO*97*22~
SVC*HC>81003>QW*20*0*0307*1~
DTM*472*20220108~
CAS*CO*97*20~
REF*6R*PMXP0101653779-2~
LQ*HE*M15~
SVC*HC>12002*719*0*0361*1~
DTM*472*20220108~
CAS*CO*97*719~
REF*6R*PMXP0101653779-3~
LQ*HE*M15~
SVC*HC>99283>25*1115*140.56*0450*1~
DTM*472*20220108~
CAS*CO*45*974.44~
REF*6R*PMXP0101653779-4~
AMT*B6*140.56~
SVC*HC>90715*237*0*0636*1~
DTM*472*20220108~
CAS*CO*45*237~
REF*6R*PMXP0101653779-5~
SVC*HC>90471*102*7.14*0771*1~
DTM*472*20220108~
CAS*CO*45*94.86~
REF*6R*PMXP0101653779-6~
AMT*B6*7.14~
CLP*H315378456002*2*16303*229**HM*200341857*13*1~
NM1*QC*1*SHARP*LAURIE*M***MI*0040929835~
NM1*82*2*MERCY MEMORIAL HOSPITAL*****XX*1811097223~
REF*CE*MEDICAID~
DTM*232*20211206~
DTM*233*20211207~
DTM*050*20220114~
SVC*NU>0250*11*0**10~
DTM*472*20211206~
CAS*OA*23*11~
SVC*NU>0250*264*0**8~
DTM*472*20211207~
CAS*OA*23*264~
SVC*HC>96360*458*0*0260*1~
DTM*472*20211206~
CAS*CO*97*458~
REF*6R*PMXP0101690499-3~
SVC*HC>80048*94*0*0300*1~
DTM*472*20211206~
CAS*CO*97*94~
REF*6R*PMXP0101690499-4~
SVC*HC>80048*94*0*0300*1~
DTM*472*20211207~
CAS*CO*97*94~
REF*6R*PMXP0101690499-5~
SVC*HC>U0003*420*0*0300*1~
DTM*472*20211206~
CAS*CO*97*420~
REF*6R*PMXP0101690499-6~
SVC*HC>U0005*100*0*0300*1~
DTM*472*20211206~
CAS*CO*97*100~
REF*6R*PMXP0101690499-7~
SVC*HC>80061*85*0*0301*1~
DTM*472*20211207~
CAS*CO*97*85~
REF*6R*PMXP0101690499-8~
SVC*HC>83735*42*0*0301*1~
DTM*472*20211206~
CAS*CO*97*42~
REF*6R*PMXP0101690499-9~
SVC*HC>84484*176*0*0301*2~
DTM*472*20211206~
CAS*CO*97*176~
REF*6R*PMXP0101690499-10~
SVC*HC>84484*88*0*0301*1~
DTM*472*20211207~
CAS*CO*97*88~
REF*6R*PMXP0101690499-11~
SVC*HC>85025*59*0*0305*1~
DTM*472*20211206~
CAS*CO*97*59~
REF*6R*PMXP0101690499-12~
SVC*HC>85025*59*0*0305*1~
DTM*472*20211207~
CAS*CO*97*59~
REF*6R*PMXP0101690499-13~
SVC*HC>85379*62*0*0305*1~
DTM*472*20211206~
CAS*CO*97*62~
REF*6R*PMXP0101690499-14~
SVC*HC>71045*199*0*0320*1~
DTM*472*20211206~
CAS*CO*97*199~
REF*6R*PMXP0101690499-15~
SVC*HC>78452>MH*5060*0*0341*1~
DTM*472*20211207~
CAS*CO*97*5060~
REF*6R*PMXP0101690499-16~
SVC*HC>A9500*468*0*0343*2~
DTM*472*20211207~
CAS*CO*97*468~
REF*6R*PMXP0101690499-17~
SVC*HC>94640*620*0*0410*1~
DTM*472*20211206~
CAS*CO*97*620~
REF*6R*PMXP0101690499-18~
SVC*HC>99285>25>CS*1603*0*0450*1~
DTM*472*20211206~
CAS*CO*97*1603~
REF*6R*PMXP0101690499-19~
SVC*HC>94760*76*0*0460*1~
DTM*472*20211206~
CAS*CO*97*76~
REF*6R*PMXP0101690499-20~
SVC*HC>93017*880*0*0482*1~
DTM*472*20211207~
CAS*CO*97*880~
REF*6R*PMXP0101690499-21~
SVC*HC>93306*1851*0*0483*1~
DTM*472*20211207~
CAS*CO*97*1851~
REF*6R*PMXP0101690499-22~
SVC*HC>J2785*1315*0*0636*4~
DTM*472*20211207~
CAS*CO*97*1315~
REF*6R*PMXP0101690499-23~
SVC*HC>93005>59*362*0*0730*2~
DTM*472*20211206~
CAS*CO*97*362~
REF*6R*PMXP0101690499-24~
SVC*HC>96372>59*332*0*0761*1~
DTM*472*20211207~
CAS*CO*97*332~
REF*6R*PMXP0101690499-25~
SVC*HC>G0378>CS*1525*229*0762*25~
DTM*472*20211206~
CAS*OA*23*1296~
REF*6R*PMXP0101690499-26~
CLP*H315391894102*2*2625*0**HM*200341962*13*1~
NM1*QC*1*SIEVERT*DANIEL****MI*0060658417~
NM1*82*2*MERCY MEMORIAL HOSPITAL*****XX*1811097223~
REF*CE*MEDICAID~
DTM*232*20211213~
DTM*050*20220114~
SVC*NU>0250*45*0**5~
DTM*472*20211213~
CAS*OA*23*45~
SVC*HC>99283>25*1072*0*0450*1~
DTM*472*20211213~
CAS*OA*23*1072~
REF*6R*PMXP0101690831-2~
SVC*HC>96372>59*664*0*0761*2~
DTM*472*20211213~
CAS*OA*23*664~
REF*6R*PMXP0101690831-3~
SVC*HC>93970*844*0*0921*1~
DTM*472*20211213~
CAS*OA*23*844~
REF*6R*PMXP0101690831-4~
CLP*H315458006300*1*2151*140.56**HM*200266449*13*1~
NM1*QC*1*SILER*VICKIE*L***MI*1256953955~
NM1*82*2*MERCY MEMORIAL HOSPITAL*****XX*1811097223~
REF*CE*MEDICAID~
DTM*232*20220107~
DTM*050*20220112~
SVC*NU>0250*1*0**1~
DTM*472*20220107~
CAS*CO*97*1~
SVC*HC>0241U*1035*0*0306*1~
DTM*472*20220107~
CAS*CO*204*1035~
REF*6R*PMXP0101616273-2~
SVC*HC>99283>25*1115*140.56*0450*1~
DTM*472*20220107~
CAS*CO*45*974.44~
REF*6R*PMXP0101616273-3~
AMT*B6*140.56~
CLP*H315461649100*1*2153*140.56**HM*200341831*13*1~
NM1*QC*1*SILVA RAMIREZ*DAVID****MI*1261881338~
NM1*82*2*MERCY MEMORIAL HOSPITAL*****XX*1811097223~
REF*CE*MEDICAID~
DTM*232*20220109~
DTM*050*20220114~
SVC*NU>0250*3*0**1~
DTM*472*20220109~
CAS*CO*97*3~
SVC*HC>0241U*1035*0*0306*1~
DTM*472*20220109~
CAS*CO*204*1035~
REF*6R*PMXP0101690513-2~
SVC*HC>99283>25*1115*140.56*0450*1~
DTM*472*20220109~
CAS*CO*45*974.44~
REF*6R*PMXP0101690513-3~
AMT*B6*140.56~
CLP*H315457108600*1*8244*701.2**HM*200305650*13*1~
NM1*QC*1*SIMONELLI*CHRISTINA*M***MI*0029644511~
NM1*82*2*MERCY MEMORIAL HOSPITAL*****XX*1811097223~
REF*CE*MEDICAID~
DTM*232*20220106~
DTM*233*20220107~
DTM*050*20220113~
SVC*NU>0250*177*0**5~
DTM*472*20220106~
CAS*CO*97*177~
SVC*NU>0255*126*0**100~
DTM*472*20220106~
CAS*CO*97*126~
SVC*HC>96361*253*24.28*0260*1~
DTM*472*20220106~
CAS*CO*45*228.72~
REF*6R*PMXP0101653963-3~
AMT*B6*24.28~
SVC*HC>80053*124*0*0300*1~
DTM*472*20220106~
CAS*CO*97*124~
REF*6R*PMXP0101653963-4~
LQ*HE*M15~
SVC*HC>U0003*420*45.52*0300*1~
DTM*472*20220106~
CAS*CO*45*374.48~
REF*6R*PMXP0101653963-5~
AMT*B6*45.52~
SVC*HC>U0005*100*15.18*0300*1~
DTM*472*20220106~
CAS*CO*45*84.82~
REF*6R*PMXP0101653963-6~
AMT*B6*15.18~
SVC*HC>82248*24*0*0301*1~
DTM*472*20220106~
CAS*CO*97*24~
REF*6R*PMXP0101653963-7~
LQ*HE*M15~
SVC*HC>82803*126*0*0301*1~
DTM*472*20220106~
CAS*CO*97*126~
REF*6R*PMXP0101653963-8~
LQ*HE*M15~
SVC*HC>83690*51*0*0301*1~
DTM*472*20220106~
CAS*CO*97*51~
REF*6R*PMXP0101653963-9~
LQ*HE*M15~
SVC*HC>84484*90*0*0301*1~
DTM*472*20220106~
CAS*CO*97*90~
REF*6R*PMXP0101653963-10~
LQ*HE*M15~
SVC*HC>85025*60*0*0305*1~
DTM*472*20220106~
CAS*CO*97*60~
REF*6R*PMXP0101653963-11~
LQ*HE*M15~
SVC*HC>81001*48*0*0307*1~
DTM*472*20220106~
CAS*CO*97*48~
REF*6R*PMXP0101653963-12~
LQ*HE*M15~
SVC*HC>81025*38*0*0307*1~
DTM*472*20220106~
CAS*CO*97*38~
REF*6R*PMXP0101653963-13~
LQ*HE*M15~
SVC*HC>74177*4098*223.41*0352*1~
DTM*472*20220106~
CAS*CO*45*3874.59~
REF*6R*PMXP0101653963-14~
AMT*B6*223.41~
SVC*HC>99284>25>CS*1377*220.76*0450*1~
DTM*472*20220106~
CAS*CO*45*1156.24~
REF*6R*PMXP0101653963-15~
AMT*B6*220.76~
SVC*HC>93005>59*194*0*0730*1~
DTM*472*20220106~
CAS*CO*97*194~
REF*6R*PMXP0101653963-16~
LQ*HE*M15~
SVC*HC>96372>59*355*0*0761*1~
DTM*472*20220106~
CAS*CO*97*355~
REF*6R*PMXP0101653963-17~
LQ*HE*M15~
SVC*HC>96374>59*255*123.5*0761*1~
DTM*472*20220106~
CAS*CO*45*131.5~
REF*6R*PMXP0101653963-18~
AMT*B6*123.5~
SVC*HC>96375*328*48.55*0761*2~
DTM*472*20220106~
CAS*CO*45*279.45~
REF*6R*PMXP0101653963-19~
AMT*B6*48.55~
CLP*H315463986200*1*173*12.61**HM*200341971*13*1~
NM1*QC*1*SITTO*AMANDA****MI*1227982404~
NM1*82*2*MERCY MEMORIAL HOSPITAL*****XX*1811097223~
REF*CE*MEDICAID~
DTM*232*20220110~
DTM*050*20220114~
SVC*HC>36415*21*1.83*0300*1~
DTM*472*20220110~
CAS*CO*45*19.17~
REF*6R*PMXP0101690735-1~
AMT*B6*1.83~
SVC*HC>80076*87*4.96*0300*1~
DTM*472*20220110~
CAS*CO*45*82.04~
REF*6R*PMXP0101690735-2~
AMT*B6*4.96~
SVC*HC>83690*51*4.18*0301*1~
DTM*472*20220110~
CAS*CO*45*46.82~
REF*6R*PMXP0101690735-3~
AMT*B6*4.18~
SVC*HC>85652*14*1.64*0305*1~
DTM*472*20220110~
CAS*CO*45*12.36~
REF*6R*PMXP0101690735-4~
AMT*B6*1.64~
CLP*H315140919602*1*2597*319.75**HM*200340746*13*1~
NM1*QC*1*SKEEN*SAMANTHA****MI*0023560361~
NM1*82*2*MERCY MEMORIAL HOSPITAL*****XX*1811097223~
REF*CE*MEDICAID~
DTM*232*20210813~
DTM*050*20220113~
SVC*NU>0250*57*0**4~
DTM*472*20210813~
CAS*CO*97*57~
SVC*HC>73110>RT*296*0*0320*1~
DTM*472*20210813~
CAS*CO*97*296~
LQ*HE*M15~
SVC*HC>73130>RT*296*0*0320*1~
DTM*472*20210813~
CAS*CO*97*296~
LQ*HE*M15~
SVC*HC>99283>25*1072*140.56*0450*1~
DTM*472*20210813~
CAS*CO*45*931.44~
AMT*B6*140.56~
SVC*HC>90715*237*0*0636*1~
DTM*472*20210813~
CAS*CO*45*237~
SVC*HC>96374*238*123.5*0761*1~
DTM*472*20210813~
CAS*CO*45*114.5~
AMT*B6*123.5~
SVC*HC>96375*306*48.55*0761*2~
DTM*472*20210813~
CAS*CO*45*257.45~
AMT*B6*48.55~
SVC*HC>90471*95*7.14*0771*1~
DTM*472*20210813~
CAS*CO*45*87.86~
AMT*B6*7.14~
CLP*H315465456600*1*145*8.24**HM*200341986*13*1~
NM1*QC*1*SLOVER*BILLY*G***MI*0081920202~
NM1*82*2*MERCY MEMORIAL HOSPITAL*****XX*1811097223~
REF*CE*MEDICAID~
DTM*232*20220110~
DTM*050*20220114~
SVC*HC>36415*21*1.83*0300*1~
DTM*472*20220110~
CAS*CO*45*19.17~
REF*6R*PMXP0101690830-1~
AMT*B6*1.83~
SVC*HC>80053*124*6.41*0300*1~
DTM*472*20220110~
CAS*CO*45*117.59~
REF*6R*PMXP0101690830-2~
AMT*B6*6.41~
CLP*H315460432700*1*1120*140.56**HM*200266456*13*1~
NM1*QC*1*SMITH*CODY*M***MI*0092277466~
NM1*82*2*MERCY MEMORIAL HOSPITAL*****XX*1811097223~
REF*CE*MEDICAID~
DTM*232*20220108~
DTM*050*20220112~
SVC*NU>0250*5*0**1~
DTM*472*20220108~
CAS*CO*97*5~
SVC*HC>99283>25*1115*140.56*0450*1~
DTM*472*20220108~
CAS*CO*45*974.44~
REF*6R*PMXP0101616550-2~
AMT*B6*140.56~
CLP*H315442747400*1*4179*601.84**HM*200341939*13*1~
NM1*QC*1*SOTO*LETICIA****MI*0076690685~
NM1*82*2*MERCY MEMORIAL HOSPITAL*****XX*1811097223~
REF*CE*MEDICAID~
DTM*232*20220103~
DTM*050*20220114~
SVC*NU>0250*102*0**6~
DTM*472*20220103~
CAS*CO*97*102~
SVC*HC>96361*253*24.28*0260*1~
DTM*472*20220103~
CAS*CO*45*228.72~
REF*6R*PMXP0101690890-2~
AMT*B6*24.28~
SVC*HC>96365*489*123.5*0260*1~
DTM*472*20220103~
CAS*CO*45*365.5~
REF*6R*PMXP0101690890-3~
AMT*B6*123.5~
SVC*HC>80048*96*0*0300*1~
DTM*472*20220103~
CAS*CO*97*96~
REF*6R*PMXP0101690890-4~
LQ*HE*M15~
SVC*HC>U0003*420*45.52*0300*1~
DTM*472*20220103~
CAS*CO*45*374.48~
REF*6R*PMXP0101690890-5~
AMT*B6*45.52~
SVC*HC>U0005*100*15.18*0300*1~
DTM*472*20220103~
CAS*CO*45*84.82~
REF*6R*PMXP0101690890-6~
AMT*B6*15.18~
SVC*HC>83735*43*0*0301*1~
DTM*472*20220103~
CAS*CO*97*43~
REF*6R*PMXP0101690890-7~
LQ*HE*M15~
SVC*HC>83880*134*0*0301*1~
DTM*472*20220103~
CAS*CO*97*134~
REF*6R*PMXP0101690890-8~
LQ*HE*M15~
SVC*HC>84439*98*0*0301*1~
DTM*472*20220103~
CAS*CO*97*98~
REF*6R*PMXP0101690890-9~
LQ*HE*M15~
SVC*HC>84443*104*0*0301*1~
DTM*472*20220103~
CAS*CO*97*104~
REF*6R*PMXP0101690890-10~
LQ*HE*M15~
SVC*HC>84484*90*0*0301*1~
DTM*472*20220103~
CAS*CO*97*90~
REF*6R*PMXP0101690890-11~
LQ*HE*M15~
SVC*HC>85025*60*0*0305*1~
DTM*472*20220103~
CAS*CO*97*60~
REF*6R*PMXP0101690890-12~
LQ*HE*M15~
SVC*HC>81003>QW*20*0*0307*1~
DTM*472*20220103~
CAS*CO*97*20~
REF*6R*PMXP0101690890-13~
LQ*HE*M15~
SVC*HC>71046*215*49.1*0320*1~
DTM*472*20220103~
CAS*CO*45*165.9~
REF*6R*PMXP0101690890-14~
AMT*B6*49.1~
SVC*HC>94640*129*0*0410*1~
DTM*472*20220103~
CAS*CO*97*129~
REF*6R*PMXP0101690890-15~
LQ*HE*M15~
SVC*HC>99284>25>CS*1377*220.76*0450*1~
DTM*472*20220103~
CAS*CO*45*1156.24~
REF*6R*PMXP0101690890-16~
AMT*B6*220.76~
SVC*HC>93005>59*194*0*0730*1~
DTM*472*20220103~
CAS*CO*97*194~
REF*6R*PMXP0101690890-17~
LQ*HE*M15~
SVC*HC>96374>59*255*123.5*0761*1~
DTM*472*20220103~
CAS*CO*45*131.5~
REF*6R*PMXP0101690890-18~
AMT*B6*123.5~
CLP*H315447457900*1*120*12.01**HM*200248289*13*1~
NM1*QC*1*STANGO*MAKAYLA****MI*0022246745~
NM1*82*2*MERCY MEMORIAL HOSPITAL*****XX*1811097223~
REF*CE*MEDICAID~
DTM*232*20220104~
DTM*050*20220111~
SVC*HC>36415*21*1.83*0300*1~
DTM*472*20220104~
CAS*CO*45*19.17~
REF*6R*PMXP0101583166-1~
AMT*B6*1.83~
SVC*HC>82105*99*10.18*0300*1~
DTM*472*20220104~
CAS*CO*45*88.82~
REF*6R*PMXP0101583166-2~
AMT*B6*10.18~
CLP*H314966110300*22*-389*-1.83**HM*189455946*13*1~
NM1*QC*1*STEELE*NATALIE*J***MI*0024928173~
NM1*82*2*MERCY MEMORIAL HOSPITAL*****XX*1811097223~
REF*CE*MEDICAID~
DTM*232*20210513~
DTM*050*20210517~
SVC*HC>36415*-21*-1.83*0300*1~
DTM*472*20210513~
CAS*CO*45*-19.17~
REF*6R*PMXP0094644106-1~
LQ*HE*N377~
SVC*HC>81596*-368*0*0300*1~
DTM*472*20210513~
CAS*CO*197*-368~
REF*6R*PMXP0094644106-2~
LQ*HE*N377~
CLP*H314966110300*4*389*0**HM*189455946*13*1~
NM1*QC*1*STEELE*NATALIE*J***MI*0024928173~
NM1*82*2*MERCY MEMORIAL HOSPITAL*****XX*1811097223~
REF*CE*MEDICAID~
DTM*232*20210513~
DTM*050*20210517~
SVC*HC>36415*21*0*0300*1~
DTM*472*20210513~
CAS*CO*104*1.83**45*19.17~
REF*6R*PMXP0094644106-1~
SVC*HC>81596*368*0*0300*1~
DTM*472*20210513~
CAS*CO*197*368~
REF*6R*PMXP0094644106-2~
CLP*H314966110300X*4*389*0**HM*199102527*13*8~
NM1*QC*1*STEELE*NATALIE*J***MI*0024928173~
NM1*82*2*MERCY MEMORIAL HOSPITAL*****XX*1811097223~
REF*CE*MEDICAID~
DTM*232*20210513~
DTM*050*20211202~
SVC*HC>36415*21*0*0300*1~
DTM*472*20210513~
CAS*OA*115*21~
REF*6R*PMXP0100377223-1~
SVC*HC>81596*368*0*0300*1~
DTM*472*20210513~
CAS*OA*115*368~
REF*6R*PMXP0100377223-2~
CLP*H315390171901*1*3390*373.32**HM*200340748*13*1~
NM1*QC*1*SUNSERI*MICHAEL*J***MI*1210812730~
NM1*82*2*MERCY MEMORIAL HOSPITAL*****XX*1811097223~
REF*CE*MEDICAID~
DTM*232*20211211~
DTM*050*20220113~
SVC*NU>0250*37*0**15~
DTM*472*20211211~
CAS*CO*97*37~
SVC*HC>96361*236*24.28*0260*1~
DTM*472*20211211~
CAS*CO*45*211.72~
AMT*B6*24.28~
SVC*HC>80048*94*0*0300*1~
DTM*472*20211211~
CAS*CO*97*94~
LQ*HE*M15~
SVC*HC>U0003*420*45.52*0300*1~
DTM*472*20211211~
CAS*CO*45*374.48~
AMT*B6*45.52~
SVC*HC>U0005*100*15.18*0300*1~
DTM*472*20211211~
CAS*CO*45*84.82~
AMT*B6*15.18~
SVC*HC>82010*64*0*0301*1~
DTM*472*20211211~
CAS*CO*97*64~
LQ*HE*M15~
SVC*HC>82803*124*0*0301*1~
DTM*472*20211211~
CAS*CO*97*124~
LQ*HE*M15~
SVC*HC>84484*88*0*0301*1~
DTM*472*20211211~
CAS*CO*97*88~
LQ*HE*M15~
SVC*HC>85025*59*0*0305*1~
DTM*472*20211211~
CAS*CO*97*59~
LQ*HE*M15~
SVC*HC>74018*192*0*0320*1~
DTM*472*20211211~
CAS*CO*97*192~
LQ*HE*M15~
SVC*HC>99283>25>CS*1072*140.56*0450*1~
DTM*472*20211211~
CAS*CO*45*931.44~
AMT*B6*140.56~
SVC*HC>93005>59*181*0*0730*1~
DTM*472*20211211~
CAS*CO*97*181~
LQ*HE*M15~
SVC*HC>96372>59*332*0*0761*1~
DTM*472*20211211~
CAS*CO*97*332~
LQ*HE*M15~
SVC*HC>96374*238*123.5*0761*1~
DTM*472*20211211~
CAS*CO*45*114.5~
AMT*B6*123.5~
SVC*HC>96375*153*24.28*0761*1~
DTM*472*20211211~
CAS*CO*45*128.72~
AMT*B6*24.28~
CLP*H315363733700*1*2664*329.03**HM*200034903*13*3~
NM1*QC*1*SYDENSTRICKER*KARRY*M***MI*0020256832~
NM1*82*2*MERCY MEMORIAL HOSPITAL*****XX*1811097223~
REF*CE*MEDICAID~
DTM*232*20211202~
DTM*233*20211227~
DTM*050*20220104~
SVC*HC>97110>GP>97*234*31.46*0421*2~
DTM*472*20211202~
CAS*CO*45*202.54~
REF*6R*PMXP0101357081-1~
AMT*B6*31.46~
SVC*HC>97110>GP>97*117*17.66*0421*1~
DTM*472*20211207~
CAS*CO*45*99.34~
REF*6R*PMXP0101357081-2~
AMT*B6*17.66~
SVC*HC>97110>GP>97*234*31.46*0421*2~
DTM*472*20211208~
CAS*CO*45*202.54~
REF*6R*PMXP0101357081-3~
AMT*B6*31.46~
SVC*HC>97110>GP>97*234*31.46*0421*2~
DTM*472*20211213~
CAS*CO*45*202.54~
REF*6R*PMXP0101357081-4~
AMT*B6*31.46~
SVC*HC>97110>GP>97*234*31.46*0421*2~
DTM*472*20211214~
CAS*CO*45*202.54~
REF*6R*PMXP0101357081-5~
AMT*B6*31.46~
SVC*HC>97110>GP>97*234*31.46*0421*2~
DTM*472*20211220~
CAS*CO*45*202.54~
REF*6R*PMXP0101357081-6~
AMT*B6*31.46~
SVC*HC>97110>GP>97*234*31.46*0421*2~
DTM*472*20211222~
CAS*CO*45*202.54~
REF*6R*PMXP0101357081-7~
AMT*B6*31.46~
SVC*HC>97110>GP>97*351*45.27*0421*3~
DTM*472*20211227~
CAS*CO*45*305.73~
REF*6R*PMXP0101357081-8~
AMT*B6*45.27~
SVC*HC>97140>GP>97*132*12.89*0421*1~
DTM*472*20211207~
CAS*CO*45*119.11~
REF*6R*PMXP0101357081-9~
AMT*B6*12.89~
SVC*HC>97140>GP>97*132*12.89*0421*1~
DTM*472*20211208~
CAS*CO*45*119.11~
REF*6R*PMXP0101357081-10~
AMT*B6*12.89~
SVC*HC>97140>GP>97*132*12.89*0421*1~
DTM*472*20211213~
CAS*CO*45*119.11~
REF*6R*PMXP0101357081-11~
AMT*B6*12.89~
SVC*HC>97140>GP>97*132*12.89*0421*1~
DTM*472*20211214~
CAS*CO*45*119.11~
REF*6R*PMXP0101357081-12~
AMT*B6*12.89~
SVC*HC>97140>GP>97*132*12.89*0421*1~
DTM*472*20211220~
CAS*CO*45*119.11~
REF*6R*PMXP0101357081-13~
AMT*B6*12.89~
SVC*HC>97140>GP>97*132*12.89*0421*1~
DTM*472*20211222~
CAS*CO*45*119.11~
REF*6R*PMXP0101357081-14~
AMT*B6*12.89~
CLP*H315454619300*1*1335*166.35**HM*200266457*13*1~
NM1*QC*1*TEACHOUT*AMBER*N***MI*0071273151~
NM1*82*2*MERCY MEMORIAL HOSPITAL*****XX*1811097223~
REF*CE*MEDICAID~
DTM*232*20220106~
DTM*050*20220112~
SVC*HC>U0002*220*25.79*0300*1~
DTM*472*20220106~
CAS*CO*45*194.21~
REF*6R*PMXP0101616466-1~
AMT*B6*25.79~
SVC*HC>99283>25>CS*1115*140.56*0450*1~
DTM*472*20220106~
CAS*CO*45*974.44~
REF*6R*PMXP0101616466-2~
AMT*B6*140.56~
CLP*H315363607800*1*1989*257.81**HM*200034842*13*3~
NM1*QC*1*TELYCENAS*TYLER*J***MI*0080862919~
NM1*82*2*MERCY MEMORIAL HOSPITAL*****XX*1811097223~
REF*CE*MEDICAID~
DTM*232*20211203~
DTM*233*20211228~
DTM*050*20220104~
SVC*HC>97110>GO>97*351*45.27*0431*3~
DTM*472*20211203~
CAS*CO*45*305.73~
REF*6R*PMXP0101357192-1~
AMT*B6*45.27~
SVC*HC>97110>GO>97*351*45.27*0431*3~
DTM*472*20211206~
CAS*CO*45*305.73~
REF*6R*PMXP0101357192-2~
AMT*B6*45.27~
SVC*HC>97110>GO>97*351*45.27*0431*3~
DTM*472*20211210~
CAS*CO*45*305.73~
REF*6R*PMXP0101357192-3~
AMT*B6*45.27~
SVC*HC>97110>GO>97*234*31.46*0431*2~
DTM*472*20211214~
CAS*CO*45*202.54~
REF*6R*PMXP0101357192-4~
AMT*B6*31.46~
SVC*HC>97110>GO>97*351*45.27*0431*3~
DTM*472*20211217~
CAS*CO*45*305.73~
REF*6R*PMXP0101357192-5~
AMT*B6*45.27~
SVC*HC>97110>GO>97*351*45.27*0431*3~
DTM*472*20211228~
CAS*CO*45*305.73~
REF*6R*PMXP0101357192-6~
AMT*B6*45.27~
CLP*H315449573900*1*3743*140.56**HM*200341919*13*1~
NM1*QC*1*TERRY*JAXSON*V***MI*1225005701~
NM1*82*2*MERCY MEMORIAL HOSPITAL*****XX*1811097223~
REF*CE*MEDICAID~
DTM*232*20220104~
DTM*050*20220114~
SVC*NU>0250*11*0**4~
DTM*472*20220104~
CAS*CO*97*11~
SVC*HC>0202U*2551*0*0306*1~
DTM*472*20220104~
CAS*CO*204*2551~
REF*6R*PMXP0101690652-2~
SVC*HC>87880*66*0*0306*1~
DTM*472*20220104~
CAS*CO*97*66~
REF*6R*PMXP0101690652-3~
LQ*HE*M15~
SVC*HC>99283>25*1115*140.56*0450*1~
DTM*472*20220104~
CAS*CO*45*974.44~
REF*6R*PMXP0101690652-4~
AMT*B6*140.56~
CLP*H315401626700*1*402*76.96**HM*200074474*13*2~
NM1*QC*1*THILL*DAVID*D***MI*1130160879~
NM1*82*2*MERCY MEMORIAL HOSPITAL*****XX*1811097223~
REF*CE*MEDICAID~
DTM*232*20211229~
DTM*050*20220105~
SVC*HC>97110>GP>97*117*17.66*0421*1~
DTM*472*20211229~
CAS*CO*45*99.34~
REF*6R*PMXP0101399055-1~
AMT*B6*17.66~
SVC*HC>97161>GP>97*285*59.3*0424*1~
DTM*472*20211229~
CAS*CO*45*225.7~
REF*6R*PMXP0101399055-2~
AMT*B6*59.3~
CLP*H315338199900*1*1158*94.38**HM*200034960*13*3~
NM1*QC*1*THOMAS*DARYL*L***MI*0069215992~
NM1*82*2*MERCY MEMORIAL HOSPITAL*****XX*1811097223~
REF*CE*MEDICAID~
DTM*232*20211201~
DTM*233*20211207~
DTM*050*20220104~
SVC*HC>97110>GP>97*234*31.46*0421*2~
DTM*472*20211201~
CAS*CO*45*202.54~
REF*6R*PMXP0101357127-1~
AMT*B6*31.46~
SVC*HC>97110>GP>97*234*31.46*0421*2~
DTM*472*20211206~
CAS*CO*45*202.54~
REF*6R*PMXP0101357127-2~
AMT*B6*31.46~
SVC*HC>97110>GP>97*234*31.46*0421*2~
DTM*472*20211207~
CAS*CO*45*202.54~
REF*6R*PMXP0101357127-3~
AMT*B6*31.46~
SVC*HC>G0283>GP>97*152*0*0421*1~
DTM*472*20211201~
CAS*CO*204*152~
REF*6R*PMXP0101357127-4~
SVC*HC>G0283>GP>97*152*0*0421*1~
DTM*472*20211206~
CAS*CO*204*152~
REF*6R*PMXP0101357127-5~
SVC*HC>G0283>GP>97*152*0*0421*1~
DTM*472*20211207~
CAS*CO*204*152~
REF*6R*PMXP0101357127-6~
CLP*H315446399700*1*1509*.26**HM*200248275*13*1~
NM1*QC*1*THOMAS*DARYL****MI*0069215992~
NM1*82*2*MERCY MEMORIAL HOSPITAL*****XX*1811097223~
REF*CE*MEDICAID~
DTM*232*20220104~
DTM*050*20220111~
SVC*NU>0250*12*0**1~
DTM*472*20220104~
CAS*CO*97*12~
SVC*HC>M0245*1496*0*0260*1~
DTM*472*20220104~
CAS*CO*6*1496~
REF*6R*PMXP0101582664-2~
SVC*HC>Q0245*1*.26*0636*1~
DTM*472*20220104~
CAS*CO*45*.74~
REF*6R*PMXP0101582664-3~
AMT*B6*.26~
CLP*H315445229800*1*1115*140.56**HM*200266439*13*1~
NM1*QC*1*THOMAS*DARYL****MI*0069215992~
NM1*82*2*MERCY MEMORIAL HOSPITAL*****XX*1811097223~
REF*CE*MEDICAID~
DTM*232*20220103~
DTM*050*20220112~
SVC*HC>99283*1115*140.56*0450*1~
DTM*472*20220103~
CAS*CO*45*974.44~
REF*6R*PMXP0101616269-1~
AMT*B6*140.56~
CLP*H315370464802*2*414*0**HM*200266410*13*1~
NM1*QC*1*THOMAS*SANDRA*K***MI*0051296186~
NM1*82*2*MERCY MEMORIAL HOSPITAL*****XX*1811097223~
REF*CE*MEDICAID~
DTM*232*20211215~
DTM*050*20220112~
SVC*HC>76881>LT*414*0*0402*1~
DTM*472*20211215~
CAS*OA*23*414~
REF*6R*PMXP0101616382-1~
CLP*H315366914205*2*7213.01*0**HM*200341976*13*1~
NM1*QC*1*THOMAS*SANDRA*K***MI*0051296186~
NM1*82*2*MERCY MEMORIAL HOSPITAL*****XX*1811097223~
REF*CE*MEDICAID~
DTM*232*20211130~
DTM*233*20211201~
DTM*050*20220114~
SVC*NU>0250*266*0**3~
DTM*472*20211130~
CAS*OA*23*266~
SVC*NU>0250*9*0**2~
DTM*472*20211201~
CAS*OA*23*9~
SVC*NU>0255*126*0**100~
DTM*472*20211130~
CAS*OA*23*126~
SVC*HC>96361*236*0*0260*1~
DTM*472*20211130~
CAS*OA*23*236~
REF*6R*PMXP0101690640-4~
SVC*HC>80053*122*0*0300*1~
DTM*472*20211130~
CAS*OA*23*122~
REF*6R*PMXP0101690640-5~
SVC*HC>83690*50*0*0301*1~
DTM*472*20211130~
CAS*OA*23*50~
REF*6R*PMXP0101690640-6~
SVC*HC>83735*42*0*0301*1~
DTM*472*20211130~
CAS*OA*23*42~
REF*6R*PMXP0101690640-7~
SVC*HC>84484*88*0*0301*1~
DTM*472*20211130~
CAS*OA*23*88~
REF*6R*PMXP0101690640-8~
SVC*HC>85025*59*0*0305*1~
DTM*472*20211130~
CAS*OA*23*59~
REF*6R*PMXP0101690640-9~
SVC*HC>81001*47*0*0307*1~
DTM*472*20211130~
CAS*OA*23*47~
REF*6R*PMXP0101690640-10~
SVC*HC>G1004*.01*0*0329*1~
DTM*472*20211130~
CAS*OA*23*.01~
REF*6R*PMXP0101690640-11~
SVC*HC>74177*3940*0*0352*1~
DTM*472*20211130~
CAS*OA*23*3940~
REF*6R*PMXP0101690640-12~
SVC*HC>99284>25*1324*0*0450*1~
DTM*472*20211130~
CAS*OA*23*1324~
REF*6R*PMXP0101690640-13~
SVC*HC>93005>59*181*0*0730*1~
DTM*472*20211130~
CAS*OA*23*181~
REF*6R*PMXP0101690640-14~
SVC*HC>96372>59*332*0*0761*1~
DTM*472*20211130~
CAS*OA*23*332~
REF*6R*PMXP0101690640-15~
SVC*HC>96374>59*238*0*0761*1~
DTM*472*20211130~
CAS*OA*23*238~
REF*6R*PMXP0101690640-16~
SVC*HC>96375*153*0*0761*1~
DTM*472*20211201~
CAS*OA*23*153~
REF*6R*PMXP0101690640-17~
CLP*H315128445701*1*1080*140.56**HM*200266419*13*1~
NM1*QC*1*THOMPSON*MELANISE****MI*0071587162~
NM1*82*2*MERCY MEMORIAL HOSPITAL*****XX*1811097223~
REF*CE*MEDICAID~
DTM*232*20210807~
DTM*050*20220112~
SVC*NU>0250*8*0**5~
DTM*472*20210807~
CAS*CO*97*8~
SVC*HC>99283>25*1072*140.56*0450*1~
DTM*472*20210807~
CAS*CO*45*931.44~
REF*6R*PMXP0101616298-2~
AMT*B6*140.56~
CLP*H315438694800*1*6440*1600**HM*200266429*13*1~
NM1*QC*1*THORNTON*ISAIAH*P***MI*0016633636~
NM1*82*2*MERCY MEMORIAL HOSPITAL*****XX*1811097223~
REF*CE*MEDICAID~
DTM*232*20211231~
DTM*233*20220101~
DTM*050*20220112~
SVC*NU>0250*45*0**10~
DTM*472*20211231~
CAS*CO*97*45~
SVC*NU>0250*35*0**3~
DTM*472*20220101~
CAS*CO*97*35~
SVC*HC>80053*122*0*0300*1~
DTM*472*20211231~
CAS*CO*97*122~
REF*6R*PMXP0101616437-3~
SVC*HC>80053*124*0*0300*1~
DTM*472*20220101~
CAS*CO*97*124~
REF*6R*PMXP0101616437-4~
SVC*HC>84145*198*0*0300*1~
DTM*472*20211231~
CAS*CO*97*198~
REF*6R*PMXP0101616437-5~
SVC*HC>U0003*420*0*0300*1~
DTM*472*20211231~
CAS*CO*97*420~
REF*6R*PMXP0101616437-6~
SVC*HC>U0005*100*0*0300*1~
DTM*472*20211231~
CAS*CO*97*100~
REF*6R*PMXP0101616437-7~
SVC*HC>80061*87*0*0301*1~
DTM*472*20220101~
CAS*CO*97*87~
REF*6R*PMXP0101616437-8~
SVC*HC>80074*196*0*0301*1~
DTM*472*20220101~
CAS*CO*97*196~
REF*6R*PMXP0101616437-9~
SVC*HC>82150*49*0*0301*1~
DTM*472*20220101~
CAS*CO*97*49~
REF*6R*PMXP0101616437-10~
SVC*HC>83036*58*0*0301*1~
DTM*472*20211231~
CAS*CO*97*58~
REF*6R*PMXP0101616437-11~
SVC*HC>83690*51*0*0301*1~
DTM*472*20220101~
CAS*CO*97*51~
REF*6R*PMXP0101616437-12~
SVC*HC>83735*42*0*0301*1~
DTM*472*20211231~
CAS*CO*97*42~
REF*6R*PMXP0101616437-13~
SVC*HC>84484*264*0*0301*3~
DTM*472*20211231~
CAS*CO*97*264~
REF*6R*PMXP0101616437-14~
SVC*HC>86140*48*0*0302*1~
DTM*472*20220101~
CAS*CO*97*48~
REF*6R*PMXP0101616437-15~
SVC*HC>85025*59*0*0305*1~
DTM*472*20211231~
CAS*CO*97*59~
REF*6R*PMXP0101616437-16~
SVC*HC>85025*60*0*0305*1~
DTM*472*20220101~
CAS*CO*97*60~
REF*6R*PMXP0101616437-17~
SVC*HC>85379*62*0*0305*1~
DTM*472*20211231~
CAS*CO*97*62~
REF*6R*PMXP0101616437-18~
SVC*HC>85652*14*0*0305*1~
DTM*472*20211231~
CAS*CO*97*14~
REF*6R*PMXP0101616437-19~
SVC*HC>71045*199*0*0320*1~
DTM*472*20211231~
CAS*CO*97*199~
REF*6R*PMXP0101616437-20~
SVC*HC>99285>25>CS*1603*0*0450*1~
DTM*472*20211231~
CAS*CO*97*1603~
REF*6R*PMXP0101616437-21~
SVC*HC>93005>59*181*0*0730*1~
DTM*472*20211231~
CAS*CO*97*181~
REF*6R*PMXP0101616437-22~
SVC*HC>96372>59*332*0*0761*1~
DTM*472*20211231~
CAS*CO*97*332~
REF*6R*PMXP0101616437-23~
SVC*HC>96372>59*355*0*0761*1~
DTM*472*20220101~
CAS*CO*97*355~
REF*6R*PMXP0101616437-24~
SVC*HC>G0378>CS*1736*1600*0762*28~
DTM*472*20211231~
CAS*CO*45*136~
REF*6R*PMXP0101616437-25~
AMT*B6*1600~
CLP*H315464369800*1*94*8.08**HM*200341950*13*1~
NM1*QC*1*TILLMAN*LISA*M***MI*0010486083~
NM1*82*2*MERCY MEMORIAL HOSPITAL*****XX*1811097223~
REF*CE*MEDICAID~
DTM*232*20220110~
DTM*050*20220114~
SVC*HC>36415*21*1.83*0300*1~
DTM*472*20220110~
CAS*CO*45*19.17~
REF*6R*PMXP0101690463-1~
AMT*B6*1.83~
SVC*HC>85610*32*2.6*0305*1~
DTM*472*20220110~
CAS*CO*45*29.4~
REF*6R*PMXP0101690463-2~
AMT*B6*2.6~
SVC*HC>85730*41*3.65*0305*1~
DTM*472*20220110~
CAS*CO*45*37.35~
REF*6R*PMXP0101690463-3~
AMT*B6*3.65~
CLP*H315352170900*1*1121*137.22**HM*200034858*13*3~
NM1*QC*1*TROTTER*LILITH****MI*1249323710~
NM1*82*2*MERCY MEMORIAL HOSPITAL*****XX*1811097223~
REF*CE*MEDICAID~
DTM*232*20211210~
DTM*233*20211230~
DTM*050*20220104~
SVC*HC>97112>GP>59>97*224*0*0421*2~
DTM*472*20211230~
CAS*CO*197*224~
REF*6R*PMXP0101357475-1~
SVC*HC>92507>GN>97*299*45.74*0441*1~
DTM*472*20211210~
CAS*CO*45*253.26~
REF*6R*PMXP0101357475-2~
AMT*B6*45.74~
SVC*HC>92507>GN>97*299*45.74*0441*1~
DTM*472*20211217~
CAS*CO*45*253.26~
REF*6R*PMXP0101357475-3~
AMT*B6*45.74~
SVC*HC>92507>GN>97*299*45.74*0441*1~
DTM*472*20211230~
CAS*CO*45*253.26~
REF*6R*PMXP0101357475-4~
AMT*B6*45.74~
CLP*H315460821600*1*1478*140.56**HM*200266418*13*1~
NM1*QC*1*TROUTEN*DAVID****MI*0021381221~
NM1*82*2*MERCY MEMORIAL HOSPITAL*****XX*1811097223~
REF*CE*MEDICAID~
DTM*232*20220108~
DTM*050*20220112~
SVC*NU>0250*8*0**1~
DTM*472*20220108~
CAS*CO*97*8~
SVC*HC>99283>25*1115*140.56*0450*1~
DTM*472*20220108~
CAS*CO*45*974.44~
REF*6R*PMXP0101616369-2~
AMT*B6*140.56~
SVC*HC>96372>59*355*0*0761*1~
DTM*472*20220108~
CAS*CO*97*355~
REF*6R*PMXP0101616369-3~
LQ*HE*M15~
CLP*H315380563600*1*645*67.54**HM*200266468*13*1~
NM1*QC*1*ULRICH*BONNIE*H***MI*0033295565~
NM1*82*2*MERCY MEMORIAL HOSPITAL*****XX*1811097223~
REF*CE*MEDICAID~
DTM*232*20220107~
DTM*050*20220112~
SVC*HC>77063*58*14.08*0403*1~
DTM*472*20220107~
CAS*CO*45*43.92~
REF*6R*PMXP0101616392-1~
AMT*B6*14.08~
SVC*HC>77067*587*53.46*0403*1~
DTM*472*20220107~
CAS*CO*45*533.54~
REF*6R*PMXP0101616392-2~
AMT*B6*53.46~
CLP*H315431911901*2*1853*140.56**HM*200341968*13*1~
NM1*QC*1*VALLADE*ALLYSA****MI*0078476218~
NM1*82*2*MERCY MEMORIAL HOSPITAL*****XX*1811097223~
REF*CE*MEDICAID~
DTM*232*20211228~
DTM*050*20220114~
SVC*NU>0250*1*0**1~
DTM*472*20211228~
CAS*OA*23*1~
SVC*NU>0270*155*0**1~
DTM*472*20211228~
CAS*OA*23*155~
SVC*HC>73030>LT*324*0*0320*1~
DTM*472*20211228~
CAS*OA*23*324~
REF*6R*PMXP0101690514-3~
SVC*HC>73080>LT*301*0*0320*1~
DTM*472*20211228~
CAS*OA*23*301~
REF*6R*PMXP0101690514-4~
SVC*HC>99283>25*1072*140.56*0450*1~
DTM*472*20211228~
CAS*OA*23*931.44~
REF*6R*PMXP0101690514-5~
CLP*H315460423400*1*1140*140.56**HM*200305704*13*1~
NM1*QC*1*VULAJ*SOFIA****MI*1059726472~
NM1*82*2*MERCY MEMORIAL HOSPITAL*****XX*1811097223~
REF*CE*MEDICAID~
DTM*232*20220108~
DTM*050*20220113~
SVC*NU>0250*25*0**12~
DTM*472*20220108~
CAS*CO*97*25~
SVC*HC>99283>25*1115*140.56*0450*1~
DTM*472*20220108~
CAS*CO*45*974.44~
REF*6R*PMXP0101653830-2~
AMT*B6*140.56~
CLP*H315415072300*1*2337*139.67**HM*200266408*13*1~
NM1*QC*1*WALLIN*CHARLENE*E***MI*0087984753~
NM1*82*2*MERCY MEMORIAL HOSPITAL*****XX*1811097223~
REF*CE*MEDICAID~
DTM*232*20220108~
DTM*050*20220112~
SVC*HC>72141*2337*139.67*0612*1~
DTM*472*20220108~
CAS*CO*45*2197.33~
REF*6R*PMXP0101616262-1~
AMT*B6*139.67~
CLP*H315407561402*2*3125*0**HM*200341841*13*1~
NM1*QC*1*WARD*PATRICIA****MI*0001245349~
NM1*82*2*MERCY MEMORIAL HOSPITAL*****XX*1811097223~
REF*CE*MEDICAID~
DTM*232*20211218~
DTM*050*20220114~
SVC*NU>0250*11*0**7~
DTM*472*20211218~
CAS*OA*23*11~
SVC*HC>80053*122*0*0300*1~
DTM*472*20211218~
CAS*OA*23*122~
REF*6R*PMXP0101690802-2~
SVC*HC>83605*42*0*0301*1~
DTM*472*20211218~
CAS*OA*23*42~
REF*6R*PMXP0101690802-3~
SVC*HC>84484*88*0*0301*1~
DTM*472*20211218~
CAS*OA*23*88~
REF*6R*PMXP0101690802-4~
SVC*HC>85025*59*0*0305*1~
DTM*472*20211218~
CAS*OA*23*59~
REF*6R*PMXP0101690802-5~
SVC*HC>85379*62*0*0305*1~
DTM*472*20211218~
CAS*OA*23*62~
REF*6R*PMXP0101690802-6~
SVC*HC>87040*170*0*0306*2~
DTM*472*20211218~
CAS*OA*23*170~
REF*6R*PMXP0101690802-7~
SVC*HC>71045*199*0*0320*1~
DTM*472*20211218~
CAS*OA*23*199~
REF*6R*PMXP0101690802-8~
SVC*HC>94640*372*0*0410*1~
DTM*472*20211218~
CAS*OA*23*372~
REF*6R*PMXP0101690802-9~
SVC*HC>94664>59*216*0*0410*1~
DTM*472*20211218~
CAS*OA*23*216~
REF*6R*PMXP0101690802-10~
SVC*HC>99285>25*1603*0*0450*1~
DTM*472*20211218~
CAS*OA*23*1603~
REF*6R*PMXP0101690802-11~
SVC*HC>93005>59*181*0*0730*1~
DTM*472*20211218~
CAS*OA*23*181~
REF*6R*PMXP0101690802-12~
CLP*H315439275501*1*2152*140.56**HM*200341902*13*1~
NM1*QC*1*WARTHEN*ELAINA****MI*1055163798~
NM1*82*2*MERCY MEMORIAL HOSPITAL*****XX*1811097223~
REF*CE*MEDICAID~
DTM*232*20211231~
DTM*050*20220114~
SVC*HC>0241U*1015*0*0306*1~
DTM*472*20211231~
CAS*CO*204*1015~
REF*6R*PMXP0101690753-1~
SVC*HC>87880*65*0*0306*1~
DTM*472*20211231~
CAS*CO*97*65~
REF*6R*PMXP0101690753-2~
LQ*HE*M15~
SVC*HC>99283>25*1072*140.56*0450*1~
DTM*472*20211231~
CAS*CO*45*931.44~
REF*6R*PMXP0101690753-3~
AMT*B6*140.56~
CLP*H315460166700*1*2739*344.26**HM*200266444*13*1~
NM1*QC*1*WEST*NATHAN*R***MI*0094874288~
NM1*82*2*MERCY MEMORIAL HOSPITAL*****XX*1811097223~
REF*CE*MEDICAID~
DTM*232*20220107~
DTM*050*20220112~
SVC*HC>96360*490*123.5*0260*1~
DTM*472*20220107~
CAS*CO*45*366.5~
REF*6R*PMXP0101616592-1~
AMT*B6*123.5~
SVC*NU>0270*432*0**1~
DTM*472*20220107~
CAS*CO*97*432~
SVC*HC>80048*96*0*0300*1~
DTM*472*20220107~
CAS*CO*97*96~
REF*6R*PMXP0101616592-3~
LQ*HE*M15~
SVC*HC>84484*90*0*0301*1~
DTM*472*20220107~
CAS*CO*97*90~
REF*6R*PMXP0101616592-4~
LQ*HE*M15~
SVC*HC>85025*60*0*0305*1~
DTM*472*20220107~
CAS*CO*97*60~
REF*6R*PMXP0101616592-5~
LQ*HE*M15~
SVC*HC>99284>25*1377*220.76*0450*1~
DTM*472*20220107~
CAS*CO*45*1156.24~
REF*6R*PMXP0101616592-6~
AMT*B6*220.76~
SVC*HC>93005>59*194*0*0730*1~
DTM*472*20220107~
CAS*CO*97*194~
REF*6R*PMXP0101616592-7~
LQ*HE*M15~
CLP*H315328357402*2*1219*0**HM*200266413*13*2~
NM1*QC*1*WILLIAMS*DOUGLAS****MI*0020733478~
NM1*82*2*MERCY MEMORIAL HOSPITAL*****XX*1811097223~
REF*CE*MEDICAID~
DTM*232*20211111~
DTM*233*20211129~
DTM*050*20220112~
SVC*NU>0250*19*0**1~
DTM*472*20211112~
CAS*OA*23*19~
SVC*NU>0250*39*0**1~
DTM*472*20211119~
CAS*OA*23*39~
SVC*NU>0250*39*0**1~
DTM*472*20211129~
CAS*OA*23*39~
SVC*HC>96372*332*0*0761*1~
DTM*472*20211112~
CAS*OA*23*332~
REF*6R*PMXP0101616508-4~
SVC*HC>96372*332*0*0761*1~
DTM*472*20211119~
CAS*OA*23*332~
REF*6R*PMXP0101616508-5~
SVC*HC>96372*332*0*0761*1~
DTM*472*20211129~
CAS*OA*23*332~
REF*6R*PMXP0101616508-6~
SVC*HC>G0463*126*0*0761*1~
DTM*472*20211111~
CAS*OA*23*126~
REF*6R*PMXP0101616508-7~
CLP*H315370463000*1*4221*401.43**HM*199988603*13*1~
NM1*QC*1*WILSON*MARY*K***MI*0077045251~
NM1*82*2*MERCY MEMORIAL HOSPITAL*****XX*1811097223~
REF*CE*MEDICAID~
DTM*232*20211228~
DTM*050*20220103~
SVC*NU>0250*4*0**1~
DTM*472*20211228~
CAS*CO*97*4~
SVC*NU>0255*128*0**100~
DTM*472*20211228~
CAS*CO*97*128~
SVC*HC>71275*2238*108.36*0352*1~
DTM*472*20211228~
CAS*CO*45*2129.64~
REF*6R*PMXP0101313122-3~
AMT*B6*108.36~
SVC*HC>93306*1851*293.07*0483*1~
DTM*472*20211228~
CAS*CO*45*1557.93~
REF*6R*PMXP0101313122-4~
AMT*B6*293.07~
CLP*H315459905200*1*1287*140.56**HM*200266426*13*1~
NM1*QC*1*WOLFE*CHRISTINA****MI*1254009476~
NM1*82*2*MERCY MEMORIAL HOSPITAL*****XX*1811097223~
REF*CE*MEDICAID~
DTM*232*20220107~
DTM*050*20220112~
SVC*NU>0250*1*0**2~
DTM*472*20220107~
CAS*CO*97*1~
SVC*HC>73660>T4*171*0*0320*1~
DTM*472*20220107~
CAS*CO*97*171~
REF*6R*PMXP0101616619-2~
LQ*HE*M15~
SVC*HC>99283>25*1115*140.56*0450*1~
DTM*472*20220107~
CAS*CO*45*974.44~
REF*6R*PMXP0101616619-3~
AMT*B6*140.56~
CLP*H315369273500*1*7089.76*1064.74**HM*200266455*13*1~
NM1*QC*1*WOOD*JAMIE*D***MI*1257011084~
NM1*82*2*MERCY MEMORIAL HOSPITAL*****XX*1811097223~
REF*CE*MEDICAID~
DTM*232*20220107~
DTM*050*20220112~
SVC*NU>0250*211*0**22~
DTM*472*20220107~
CAS*CO*97*211~
SVC*HC>L3809*13.76*0*0270*2~
DTM*472*20220107~
CAS*CO*97*13.76~
REF*6R*PMXP0101616312-2~
SVC*HC>64721>RT*5825*1064.74*0360*1~
DTM*472*20220107~
CAS*CO*45*4760.26~
REF*6R*PMXP0101616312-3~
AMT*B6*1064.74~
SVC*NU>0710*1040*0**4~
DTM*472*20220107~
CAS*CO*97*1040~
CLP*H315439730000*1*2026*269.86**HM*200341896*13*1~
NM1*QC*1*WRIGHT*ANDREW*W***MI*1225918440~
NM1*82*2*MERCY MEMORIAL HOSPITAL*****XX*1811097223~
REF*CE*MEDICAID~
DTM*232*20220101~
DTM*050*20220114~
SVC*HC>80048*96*0*0300*1~
DTM*472*20220101~
CAS*CO*97*96~
REF*6R*PMXP0101690541-1~
LQ*HE*M15~
SVC*HC>84484*90*0*0301*1~
DTM*472*20220101~
CAS*CO*97*90~
REF*6R*PMXP0101690541-2~
LQ*HE*M15~
SVC*HC>85025*60*0*0305*1~
DTM*472*20220101~
CAS*CO*97*60~
REF*6R*PMXP0101690541-3~
LQ*HE*M15~
SVC*HC>71045*209*49.1*0320*1~
DTM*472*20220101~
CAS*CO*45*159.9~
REF*6R*PMXP0101690541-4~
AMT*B6*49.1~
SVC*HC>99284>25*1377*220.76*0450*1~
DTM*472*20220101~
CAS*CO*45*1156.24~
REF*6R*PMXP0101690541-5~
AMT*B6*220.76~
SVC*HC>93005>59*194*0*0730*1~
DTM*472*20220101~
CAS*CO*97*194~
REF*6R*PMXP0101690541-6~
LQ*HE*M15~
CLP*H315459987400*1*2657*373.32**HM*200305712*13*1~
NM1*QC*1*WRIGHT*JASON*D***MI*0095151726~
NM1*82*2*MERCY MEMORIAL HOSPITAL*****XX*1811097223~
REF*CE*MEDICAID~
DTM*232*20220107~
DTM*050*20220113~
SVC*NU>0250*13*0**2~
DTM*472*20220107~
CAS*CO*97*13~
SVC*HC>96361*253*24.28*0260*1~
DTM*472*20220107~
CAS*CO*45*228.72~
REF*6R*PMXP0101653897-2~
AMT*B6*24.28~
SVC*HC>80048*96*0*0300*1~
DTM*472*20220107~
CAS*CO*97*96~
REF*6R*PMXP0101653897-3~
LQ*HE*M15~
SVC*HC>80076*87*0*0300*1~
DTM*472*20220107~
CAS*CO*97*87~
REF*6R*PMXP0101653897-4~
LQ*HE*M15~
SVC*HC>U0003*420*45.52*0300*1~
DTM*472*20220107~
CAS*CO*45*374.48~
REF*6R*PMXP0101653897-5~
AMT*B6*45.52~
SVC*HC>U0005*100*15.18*0300*1~
DTM*472*20220107~
CAS*CO*45*84.82~
REF*6R*PMXP0101653897-6~
AMT*B6*15.18~
SVC*HC>83690*51*0*0301*1~
DTM*472*20220107~
CAS*CO*97*51~
REF*6R*PMXP0101653897-7~
LQ*HE*M15~
SVC*HC>83735*43*0*0301*1~
DTM*472*20220107~
CAS*CO*97*43~
REF*6R*PMXP0101653897-8~
LQ*HE*M15~
SVC*HC>85025*60*0*0305*1~
DTM*472*20220107~
CAS*CO*97*60~
REF*6R*PMXP0101653897-9~
LQ*HE*M15~
SVC*HC>99283>25>CS*1115*140.56*0450*1~
DTM*472*20220107~
CAS*CO*45*974.44~
REF*6R*PMXP0101653897-10~
AMT*B6*140.56~
SVC*HC>96374*255*123.5*0761*1~
DTM*472*20220107~
CAS*CO*45*131.5~
REF*6R*PMXP0101653897-11~
AMT*B6*123.5~
SVC*HC>96375*164*24.28*0761*1~
DTM*472*20220107~
CAS*CO*45*139.72~
REF*6R*PMXP0101653897-12~
AMT*B6*24.28~
CLP*H335347669701*4*267*0**HM*200273076*13*1~
NM1*QC*1*YANCEY*DANTALE*D***MI*0010669140~
NM1*82*2*MERCY MEMORIAL HOSPITAL*****XX*1811097223~
REF*CE*MEDICAID~
DTM*232*20211122~
DTM*050*20220110~
SVC*HC>76882>RT*267*0*0402*1~
DTM*472*20211122~
CAS*CO*B13*267~
LX*4~
TS3*1811097223*14*20221231*4*914~
CLP*H315465140000*1*59*3.05**HM*200341988*14*1~
NM1*QC*1*BRANCHE*MESSIAH****MI*1268058089~
NM1*82*2*MERCY MEMORIAL HOSPITAL*****XX*1811097223~
REF*CE*MEDICAID~
DTM*232*20220110~
DTM*050*20220114~
SVC*HC>36416*30*0*0300*1~
DTM*472*20220110~
CAS*CO*97*30~
REF*6R*PMXP0101690724-1~
LQ*HE*M15~
SVC*HC>82247*29*3.05*0301*1~
DTM*472*20220110~
CAS*CO*45*25.95~
REF*6R*PMXP0101690724-2~
AMT*B6*3.05~
CLP*H315454181700*4*121*0**HM*200198417*14*1~
NM1*QC*1*BROOKS*ERYN****MI*1035910979~
REF*CE*MEDICAID~
DTM*232*20220106~
DTM*050*20220110~
SVC*HC>87086*73*0*0300*1~
DTM*472*20220106~
CAS*CO*22*73~
REF*6R*PMXP0101559959-1~
SVC*HC>81001*48*0*0307*1~
DTM*472*20220106~
CAS*CO*22*48~
REF*6R*PMXP0101559959-2~
CLP*H312906725901*4*704*0**HM*200274905*14*1~
NM1*QC*1*MIRACLE*BONITA****MI*0095935038~
NM1*82*2*MERCY MEMORIAL HOSPITAL*****XX*1811097223~
REF*CE*MEDICAID~
DTM*232*20170926~
DTM*050*20220111~
SVC*HC>80053*120*0*0300*1~
DTM*472*20170926~
CAS*CO*29*120~
SVC*HC>82306*94*0*0300*1~
DTM*472*20170926~
CAS*CO*29*94~
SVC*HC>80061*83*0*0301*1~
DTM*472*20170926~
CAS*CO*29*83~
SVC*HC>82607*81*0*0301*1~
DTM*472*20170926~
CAS*CO*29*81~
SVC*HC>83036*57*0*0301*1~
DTM*472*20170926~
CAS*CO*29*57~
SVC*HC>84439*94*0*0301*1~
DTM*472*20170926~
CAS*CO*29*94~
SVC*HC>84443*100*0*0301*1~
DTM*472*20170926~
CAS*CO*29*100~
SVC*HC>85027*45*0*0305*1~
DTM*472*20170926~
CAS*CO*29*45~
SVC*HC>85610*30*0*0305*1~
DTM*472*20170926~
CAS*CO*29*30~
CLP*H313115499901*4*30*0**HM*200303394*14*7~
NM1*QC*1*MIRACLE*BONITA****MI*0095935038~
NM1*82*2*MERCY MEMORIAL HOSPITAL*****XX*1811097223~
REF*CE*MEDICAID~
DTM*232*20180226~
DTM*050*20220111~
SVC*HC>85610*30*0*0305*1~
DTM*472*20180226~
CAS*CO*29*30~
SE*7689*1051~
ST*835*1068~
BPR*H*0*C*NON************20220117~
TRN*1*38198428908033811*1383253977~
DTM*405*20220115~
N1*PR*MERIDIAN HEALTH PLAN~
N3*777 WOODWARD AVE*SUITE 600~
N4*DETROIT*MI*48226~
REF*2U*52563~
PER*BL*EDI TEAM*EM*EDITEAM@MHPLAN.COM~
PER*IC**UR*WWW.MHPLAN.COM/MI~
N1*PE*MERCY MEMORIAL HOSPITAL*FI*381984289~
N3*9402 SOLUTIONS CTR~
N4*CHICAGO*IL*60677~
LX*1~
TS3*1811097223*13*20221231*2*0~
CLP*2600787408-0001*22*-145*-30.95**HM*75975717*13*1~
NM1*QC*1*JAMES*CARRIE*L***MI*0097602755~
NM1*82*2*MERCY MEMORIAL HOSPITAL*****XX*1811097223~
REF*CE*MEDICAID~
DTM*232*20170120~
DTM*050*20170126~
SVC*HC>71020*-145*-30.95*0324*1~
DTM*472*20170120~
CAS*CO*45*-114.05~
CLP*2600787408-0001*2*145*0**HM*75975717*13*1~
NM1*QC*1*JAMES*CARRIE*L***MI*0097602755~
NM1*82*2*MERCY MEMORIAL HOSPITAL*****XX*1811097223~
REF*CE*MEDICAID~
DTM*232*20170120~
DTM*050*20170126~
SVC*HC>71020*145*0*0324*1~
DTM*472*20170120~
CAS*CO*45*114.05~
CAS*OA*23*30.95~
PLB*381984289100365*20220116*FB>BF*-30.95~
SE*36*1068~
ST*835*1073~
BPR*I*53.55*C*ACH*CCP*01* 121000248*DA*4649685948*3383253977**01*041200050*DA*7342810459*20220117~
TRN*1*00000963918*1383253977~
DTM*405*20220115~
N1*PR*MERIDIAN HEALTH PLAN~
N3*777 WOODWARD AVE*SUITE 600~
N4*DETROIT*MI*48226~
REF*2U*52563~
PER*BL*EDI TEAM*EM*EDITEAM@MHPLAN.COM~
PER*IC**UR*WWW.MHPLAN.COM/MI~
N1*PE*MERCY MEMORIAL HOSPITAL*FI*381984289~
N3*9402 SOLUTIONS CTR~
N4*CHICAGO*IL*60677~
LX*1~
TS3*1841490265*11*20221231*1*237~
CLP*P218984240*1*237*53.55**HM*200275275*11~
NM1*QC*1*JOHNSON*STEPHANIE****MI*0022854553~
NM1*82*1*MURDOCH*WILLIAM*J***XX*1841490265~
REF*CE*MEDICAID~
DTM*050*20220112~
SVC*HC>99213>GE*237*53.55**1~
DTM*472*20220110~
CAS*CO*45*183.45~
REF*6R*XPPB0101610568-1~
AMT*B6*53.55~
SE*26*1073~
GE*4*1~
IEA*1*262455724~
