ISA*00*          *00*          *01*030240928      *ZZ*XXXXXXXXXXXXXXX*220118*1531*^*00501*262455724*0*P*>~
GS*HP*364559356*XX*20220118*1531*1*X*005010X221A1~
ST*835*1009~
BPR*I*114.5*C*ACH*CCP*01* 121000248*DA*4649685948*3383253977**01*072403473*DA*01382347419*20220117~
TRN*1*00000964860*1383253977~
DTM*405*20220115~
N1*PR*MERIDIAN HEALTH PLAN~
N3*777 WOODWARD AVE*SUITE 600~
N4*DETROIT*MI*48226~
REF*2U*52563~
PER*BL*EDI TEAM*EM*EDITEAM@MHPLAN.COM~
PER*IC**UR*WWW.MHPLAN.COM/MI~
N1*PE*HEART RHYTHM CLINIC OF MICHIGAN, PC*XX*1659816882~
N3*1335 S LINDEN RD*SUITE A~
N4*FLINT*MI*48532~
REF*TJ*813338485~
LX*1~
TS3*1942481643*11*20221231*1*375.84~
CLP*HC1000755420*1*375.84*114.5**HM*200286159*11~
NM1*QC*1*SANDERS*LESHAWN****MI*0071864413~
NM1*82*1*MAHMOUD HASSAN*MUSTAFA*H***XX*1942481643~
REF*CE*MEDICAID~
DTM*050*20220112~
SVC*HC>93268*375.84*114.5**1~
DTM*472*20220105~
CAS*CO*45*261.34~
REF*6R*HRCM0000164978-1~
AMT*B6*114.5~
LX*2~
TS3*1942481643*21*20221231*1*420~
CLP*HC1000755430*4*420*0**HM*200286160*21~
NM1*QC*1*HILL*VENCENT*E***MI*0082344500~
NM1*PR*2*MAHMOUD HASSAN*****FI*813338485~
REF*CE*MEDICAID~
DTM*050*20220112~
SVC*HC>93306>26*420*0**1~
DTM*472*20211126~
CAS*CO*22*420~
REF*6R*HRCM0000164955-1~
LQ*HE*MA04~
SE*39*1009~
GE*1*1~
IEA*1*262455724~
