ISA*00*          *00*          *ZZ*133052274      *ZZ*XXXXXXXXXXXXXXX*220119*0250*^*00501*100358959*0*P*>~
GS*HP*133052274*XX*20220119*0250*1*X*005010X221A1~
ST*835*0737~
BPR*H*0*C*NON************20220119~
TRN*1*922019000238081*1066033492~
REF*EV*XXXXXXXXXXXXXXXXXXXXXXXXXXXXXX~
DTM*405*20220119~
N1*PR*AETNA~
N3*151 FARMINGTON AVENUE~
N4*HARTFORD*CT*06156~
REF*2U*60054~
PER*BL*Provider Service~
N1*PE*BLANCHARD VALLEY HEALTH SYSTEM*XX*1831137827~
N3*1900 S MAIN ST~
N4*FINDLAY*OH*458401214~
REF*PQ*366407690~
REF*TJ*341369963~
LX*1~
TS3*1831137827*23*20221231*1*1185~
CLP*3007790671*1*1185*0*221.03*12*E2200705850000*13*1~
NM1*QC*1*ALFALOUJI*JEFFERY~
NM1*IL*1*ABDULSAID*NAWAL****MI*W258749893~
NM1*82*2*BLANCHARD VALLEY PAIN MANAGEMENT*****XX*1831137827~
REF*1L*0686166-032-00101-QA~
REF*CE*PPO-Medical NET 00061~
DTM*232*20211216~
DTM*233*20211216~
DTM*050*20220107~
PER*CX**TE*8886323862~
AMT*AU*1185~
SVC*HC>84484*67*0**1~
DTM*472*20211216~
CAS*CO*45*50.89~
CAS*PR*1*16.11~
REF*6R*BLXP0014550424-1~
AMT*B6*16.11~
SVC*HC>71045*172*0**1~
DTM*472*20211216~
CAS*CO*45*143.09~
CAS*PR*1*28.91~
REF*6R*BLXP0014550424-2~
AMT*B6*28.91~
SVC*HC>99284>25*846*0**1~
DTM*472*20211216~
CAS*CO*45*682.26~
CAS*PR*1*149.25**3*14.49~
REF*6R*BLXP0014550424-3~
AMT*B6*163.74~
SVC*HC>93005*100*0**1~
DTM*472*20211216~
CAS*CO*45*87.73~
CAS*PR*3*12.27~
REF*6R*BLXP0014550424-4~
AMT*B6*12.27~
SE*53*0737~
ST*835*1141~
BPR*I*49.14*C*ACH*CCP*01*031100209*DA*0038865237*1066033492**01*041200050*DA*7340253736*20220121~
TRN*1*160118220238004*1066033492~
REF*EV*XXXXXXXXXXXXXXXXXXXXXXXXXXXXXX~
DTM*405*20220119~
N1*PR*AETNA~
N3*151 FARMINGTON AVENUE~
N4*HARTFORD*CT*06156~
REF*2U*60054~
PER*BL*Provider Service~
N1*PE*BLANCHARD VALLEY HEALTH SYSTEM*XX*1831137827~
N3*1900 SOUTH MAIN STREET~
N4*FINDLAY*OH*45840~
REF*PQ*366407690~
REF*TJ*341369963~
LX*1~
TS3*1831137827*85*20221231*1*145~
CLP*3007700713*1*145*49.14**13*220113C204310000*85*1~
NM1*QC*1*DETERS*PATRICIA****MI*MEBR02ZJ~
NM1*82*2*BLANCHARD VALLEY HEALTH SYSTEM*****XX*1831137827~
REF*1L*441299-005~
REF*CE*MEDICARE (S02) PPO PLAN NET 03418~
DTM*232*20211210~
DTM*233*20211210~
DTM*050*20220113~
PER*CX**TE*8006240756~
AMT*AU*126~
SVC*HC>84443*29*11.31*0301*1~
DTM*472*20211210~
CAS*CO*45*17.69~
REF*6R*BLXP0014462698-2~
AMT*B6*11.31~
LQ*HE*N59~
SVC*HC>84439*16*6.24*0301*1~
DTM*472*20211210~
CAS*CO*45*9.76~
REF*6R*BLXP0014462698-3~
AMT*B6*6.24~
LQ*HE*N59~
SVC*HC>83036*17*6.63*0301*1~
DTM*472*20211210~
CAS*CO*45*10.37~
REF*6R*BLXP0014462698-4~
AMT*B6*6.63~
LQ*HE*N59~
SVC*HC>80061*32*12.48*0301*1~
DTM*472*20211210~
CAS*CO*45*19.52~
REF*6R*BLXP0014462698-5~
AMT*B6*12.48~
LQ*HE*N59~
SVC*HC>80053*18*7.02*0301*1~
DTM*472*20211210~
CAS*CO*45*10.98~
REF*6R*BLXP0014462698-6~
AMT*B6*7.02~
LQ*HE*N59~
SVC*HC>85025*14*5.46*0305*1~
DTM*472*20211210~
CAS*CO*45*8.54~
REF*6R*BLXP0014462698-7~
AMT*B6*5.46~
LQ*HE*N59~
SVC*HC>36415*19*0*0300*0**1~
DTM*472*20211210~
CAS*CO*97*19*1~
REF*6R*BLXP0014462698-1~
LQ*HE*N19~
SE*69*1141~
ST*835*1143~
BPR*I*650.26*C*ACH*CCP*01*031100209*DA*0038865237*1066033492**01*041200050*DA*7340253736*20220121~
TRN*1*160118220238261*1066033492~
REF*EV*XXXXXXXXXXXXXXXXXXXXXXXXXXXXXX~
DTM*405*20220119~
N1*PR*AETNA~
N3*151 FARMINGTON AVENUE~
N4*HARTFORD*CT*06156~
REF*2U*60054~
PER*BL*Provider Service~
N1*PE*BLANCHARD VALLEY REGIONAL HEALT*XX*1831137827~
N3*1900 SOUTH MAIN STREET~
N4*FINDLAY*OH*45840~
REF*PQ*366407690~
REF*TJ*341369963~
LX*1~
TS3*1831137827*11*20221231*4*2301.62~
CLP*3007821071*1*1464*441.91*.85*13*220113E049620000*85*1~
NM1*QC*1*SCHLICK*JEROME*F***MI*MEBHN74F~
NM1*82*2*BLANCHARD VALLEY REGIONAL HEALT*****XX*1831137827~
REF*1L*455716-056~
REF*CE*STRS PPO PLAN NET 03418~
DTM*232*20211231~
DTM*233*20211231~
DTM*050*20220113~
PER*CX**TE*8006240756~
AMT*AU*1444.15~
SVC*HC>A9270>GY*.85*0*0637*0**2~
DTM*472*20211231~
CAS*PR*96*.85*2~
REF*6R*BLXP0014577980-10~
LQ*HE*N130~
SVC*HC>86922*260*79.56*0302*1~
DTM*472*20211231~
CAS*CO*45*180.44~
REF*6R*BLXP0014577980-3~
AMT*B6*79.56~
LQ*HE*N59~
SVC*HC>86901*60*18.36*0302*1~
DTM*472*20211231~
CAS*CO*45*41.64~
REF*6R*BLXP0014577980-4~
AMT*B6*18.36~
LQ*HE*N59~
SVC*HC>86900*44*13.46*0302*1~
DTM*472*20211231~
CAS*CO*45*30.54~
REF*6R*BLXP0014577980-5~
AMT*B6*13.46~
LQ*HE*N59~
SVC*HC>86850*118*36.11*0302*1~
DTM*472*20211231~
CAS*CO*45*81.89~
REF*6R*BLXP0014577980-6~
AMT*B6*36.11~
LQ*HE*N59~
SVC*HC>36415*19*0*0300*0**1~
DTM*472*20211231~
CAS*CO*97*19*1~
REF*6R*BLXP0014577980-2~
LQ*HE*N19~
SVC*HC>P9016*355*108.63*0390*1~
DTM*472*20211231~
CAS*CO*45*246.37~
REF*6R*BLXP0014577980-7~
AMT*B6*108.63~
LQ*HE*N59~
SVC*HC>36430*530*162.18*0391*1~
DTM*472*20211231~
CAS*CO*45*367.82~
REF*6R*BLXP0014577980-8~
AMT*B6*162.18~
LQ*HE*N59~
SVC*HC>Q0163>GY*.85*.26*0637*1~
DTM*472*20211231~
CAS*CO*45*.59~
REF*6R*BLXP0014577980-9~
AMT*B6*.26~
LQ*HE*N59~
SVC*NU>0250*76.3*23.35**2~
DTM*472*20211231~
CAS*CO*45*52.95~
REF*6R*BLXP0014577980-1~
AMT*B6*23.35~
LQ*HE*N59~
CLP*3007835897*1*7*0*2.14*13*220114E195070000*13*1~
NM1*QC*1*BASINGER*JOAN****MI*MEBVKYSJ~
NM1*82*2*BLANCHARD VALLEY REGIONAL HEALT*****XX*1831137827~
REF*1L*467094-012~
REF*CE*VALUE PPO NET 03418~
DTM*232*20211223~
DTM*233*20211223~
DTM*050*20220114~
PER*CX**TE*8006240756~
AMT*AU*7~
SVC*HC>81001*7*0*0307*1~
DTM*472*20211223~
CAS*CO*45*4.86~
CAS*PR*3*2.14~
REF*6R*BLXP0014593875-1~
AMT*B6*2.14~
CLP*3007835722*1*237*26.7*40*13*220114E234260000*13*1~
NM1*QC*1*ARENS*HOWARD*D***MI*MEBVDD8G~
NM1*82*2*BLANCHARD VALLEY REGIONAL HEALT*****XX*1831137827~
REF*1L*467094-012~
REF*CE*VALUE PPO NET 03418~
DTM*232*20211217~
DTM*233*20211217~
DTM*050*20220114~
PER*CX**TE*8006240756~
AMT*AU*218~
SVC*HC>G0463*107*0*0761*1~
DTM*472*20211217~
CAS*CO*45*74.26~
CAS*PR*3*32.74~
REF*6R*BLXP0014593818-6~
AMT*B6*32.74~
SVC*HC>84443*29*1.61*0301*1~
DTM*472*20211217~
CAS*CO*45*20.13~
CAS*PR*3*7.26~
REF*6R*BLXP0014593818-2~
AMT*B6*8.87~
LQ*HE*N59~
SVC*HC>G0103*32*9.79*0301*1~
DTM*472*20211217~
CAS*CO*45*22.21~
REF*6R*BLXP0014593818-3~
AMT*B6*9.79~
LQ*HE*N59~
SVC*HC>80061*32*9.79*0301*1~
DTM*472*20211217~
CAS*CO*45*22.21~
REF*6R*BLXP0014593818-4~
AMT*B6*9.79~
LQ*HE*N59~
SVC*HC>80053*18*5.51*0301*1~
DTM*472*20211217~
CAS*CO*45*12.49~
REF*6R*BLXP0014593818-5~
AMT*B6*5.51~
LQ*HE*N59~
SVC*HC>36415*19*0*0300*0**1~
DTM*472*20211217~
CAS*CO*97*19*1~
REF*6R*BLXP0014593818-1~
LQ*HE*N19~
CLP*3007836016*1*593.62*181.65**13*220114E311300000*85*1~
NM1*QC*1*LENTZ*MICHAEL****MI*MEBSX58R~
NM1*82*2*BLANCHARD VALLEY REGIONAL HEALT*****XX*1831137827~
REF*1L*467094-012~
REF*CE*VALUE PPO NET 03418~
DTM*232*20211227~
DTM*233*20211227~
DTM*050*20220114~
PER*CX**TE*8006240756~
AMT*AU*593.62~
SVC*HC>U0002>QW>CR*102.62*31.4*0306*1~
DTM*472*20211227~
CAS*CO*45*71.22~
REF*6R*BLXP0014594003-1~
AMT*B6*31.4~
LQ*HE*N59~
SVC*HC>99283>CS>CR*491*150.25*0450*1~
DTM*472*20211227~
CAS*CO*45*340.75~
REF*6R*BLXP0014594003-2~
AMT*B6*150.25~
LQ*HE*N59~
SE*170*1143~
ST*835*1144~
BPR*I*187.19*C*ACH*CCP*01*031100209*DA*0038865237*1066033492**01*041200050*DA*7340253736*20220121~
TRN*1*160118220250906*1066033492~
REF*EV*XXXXXXXXXXXXXXXXXXXXXXXXXXXXXX~
DTM*405*20220119~
N1*PR*AETNA~
N3*151 FARMINGTON AVENUE~
N4*HARTFORD*CT*06156~
REF*2U*60054~
PER*BL*Provider Service~
N1*PE*BLANCHARD VALLEY HEALTH SYSTEM*XX*1699718320~
N3*1900 S MAIN ST~
N4*FINDLAY*OH*458401214~
REF*PQ*366407690~
REF*TJ*341369963~
LX*1~
TS3*1134650534*21*20221231*1*439.05~
CLP*3007840164*1*439.05*187.19**13*220114E424850000*21*1~
NM1*QC*1*GATCHELL*WAYNE*A***MI*MEBT63CK~
NM1*82*2*BLANCHARD VALLEY HEALTH SYSTEM*****XX*1134650534~
REF*1L*467094-012~
REF*CE*VALUE PPO NET 03418~
DTM*232*20211030~
DTM*233*20211030~
DTM*050*20220114~
PER*CX**TE*8006240756~
AMT*AU*439.05~
SVC*HC>99236>CS>CR*439.05*187.19**1~
DTM*472*20211030~
CAS*CO*45*251.86~
REF*6R*B9XP0014591447-1~
AMT*B6*187.19~
LX*2~
TS3*1225478316*22*20221231*1*550.7~
CLP*3007827995*1*550.7*0**13*220113E352640000*22*1~
NM1*QC*1*SALTZMAN*LEWIS*W***MI*MEBS9PNH~
NM1*82*2*BLANCHARD VALLEY HEALTH SYSTEM*****XX*1225478316~
REF*1L*467098-029~
REF*CE*VALUE PPO~
DTM*232*20210508~
DTM*233*20210510~
DTM*050*20220113~
PER*CX**TE*8006240756~
SVC*HC>99220>AI*310.2*0**0**1~
DTM*472*20210508~
CAS*CO*97*310.2*1~
REF*6R*B9XP0014583252-1~
LQ*HE*N20~
SVC*HC>99226*167*0**0**1~
DTM*472*20210509~
CAS*CO*97*167*1~
REF*6R*B9XP0014583252-2~
LQ*HE*N20~
SVC*HC>99225*73.5*0**0**1~
DTM*472*20210510~
CAS*CO*29*73.5*1~
REF*6R*B9XP0014583252-3~
SE*58*1144~
ST*835*1145~
BPR*I*95.89*C*ACH*CCP*01*031100209*DA*0038865237*1066033492**01*041200050*DA*7340253736*20220121~
TRN*1*160118220243336*1066033492~
REF*EV*XXXXXXXXXXXXXXXXXXXXXXXXXXXXXX~
DTM*405*20220119~
N1*PR*AETNA~
N3*151 FARMINGTON AVENUE~
N4*HARTFORD*CT*06156~
REF*2U*60054~
PER*BL*Provider Service~
N1*PE*BLANCHARD VALLEY HEALTH SYSTEM*XX*1699718320~
N3*1900 S MAIN ST~
N4*FINDLAY*OH*458401214~
REF*PQ*366407690~
REF*TJ*341369963~
LX*1~
TS3*1053729509*22*20221231*1*798.7~
CLP*3007826582*1*798.7*95.89**13*220112E597260000*22*1~
NM1*QC*1*WHITE*DENNIS*L***MI*MEBD5TTX~
NM1*82*2*BLANCHARD VALLEY HEALTH SYSTEM*****XX*1053729509~
REF*1L*455716-056~
REF*CE*STRS PPO PLAN~
DTM*232*20211230~
DTM*233*20211230~
DTM*050*20220112~
PER*CX**TE*8006240756~
AMT*AU*776.7~
SVC*HC>99100*22*0**0**1~
DTM*472*20211230~
CAS*CO*97*22*1~
REF*6R*B9XP0014576594-2~
LQ*HE*N19~
SVC*HC>00912>QX>P3*776.7*95.89**59~
DTM*472*20211230~
CAS*CO*45*680.81~
REF*6R*B9XP0014576594-1~
AMT*B6*95.89~
LQ*HE*N6~
LQ*HE*N807~
SE*40*1145~
ST*835*1147~
BPR*I*349.3*C*ACH*CCP*01*031100209*DA*0038865237*1066033492**01*041200050*DA*7340253736*20220121~
TRN*1*160118220255261*1066033492~
REF*EV*XXXXXXXXXXXXXXXXXXXXXXXXXXXXXX~
DTM*405*20220119~
N1*PR*AETNA~
N3*151 FARMINGTON AVENUE~
N4*HARTFORD*CT*06156~
REF*2U*60054~
PER*BL*Provider Service~
N1*PE*BLANCHARD VALLEY HEALTH SYSTEM*XX*1699718320~
N3*1900 S MAIN ST~
N4*FINDLAY*OH*458401214~
REF*PQ*366407690~
REF*TJ*341369963~
LX*1~
TS3*1548574296*21*20221231*1*618.1~
CLP*3007840252*1*618.1*349.3**13*220114E463450000*21*1~
NM1*QC*1*DOTSON*MICHEAL*E***MI*MEBK6BXL~
NM1*82*2*BLANCHARD VALLEY HEALTH SYSTEM*****XX*1548574296~
REF*G1*2580056~
REF*1L*467094-012~
REF*CE*VALUE PPO NET 03418~
DTM*232*20211028~
DTM*233*20211029~
DTM*050*20220114~
PER*CX**TE*8006240756~
AMT*AU*618.1~
SVC*HC>99223>AI*309.05*174.65**1~
DTM*472*20211028~
CAS*CO*45*134.4~
REF*6R*B9XP0014591416-1~
AMT*B6*174.65~
SVC*HC>99223*309.05*174.65**1~
DTM*472*20211029~
CAS*CO*45*134.4~
REF*6R*B9XP0014591416-2~
AMT*B6*174.65~
SE*39*1147~
ST*835*1148~
BPR*H*0*C*NON************20220117~
TRN*1*FC9220190006328*1066033492~
REF*EV*XXXXXXXXXXXXXXXXXXXXXXXXXXXXXX~
DTM*405*20220119~
N1*PR*AETNA~
N3*151 FARMINGTON AVENUE~
N4*HARTFORD*CT*06156~
REF*2U*60054~
PER*BL*Provider Service~
N1*PE*BLANCHARD VALLEY HEALTH SYSTEM*XX*1699718320~
N3*1900 S MAIN ST~
N4*FINDLAY*OH*458401214~
REF*PQ*366407690~
REF*TJ*341369963~
LX*1~
TS3*1366922536*22*20221231*1*138.9~
CLP*3007827993*1*138.9*0**13*220114E087100000*22*1~
NM1*QC*1*SALTZMAN*LEWIS*W***MI*MEBS9PNH~
NM1*82*2*BLANCHARD VALLEY HEALTH SYSTEM*****XX*1366922536~
REF*1L*467098-029~
REF*CE*VALUE PPO NET 03418~
DTM*232*20210511~
DTM*233*20210511~
DTM*050*20220114~
PER*CX**TE*8006240756~
SVC*HC>99217*138.9*0**0**1~
DTM*472*20210511~
CAS*CO*97*138.9*1~
REF*6R*B9XP0014583255-1~
LQ*HE*N20~
SE*32*1148~
ST*835*1149~
BPR*I*482.26*C*ACH*CCP*01*031100209*DA*0038865237*1066033492**01*041200050*DA*7340253736*20220121~
TRN*1*160118220258638*1066033492~
REF*EV*XXXXXXXXXXXXXXXXXXXXXXXXXXXXXX~
DTM*405*20220119~
N1*PR*AETNA~
N3*151 FARMINGTON AVENUE~
N4*HARTFORD*CT*06156~
REF*2U*60054~
PER*BL*Provider Service~
N1*PE*BLANCHARD VALLEY HEALTH SYSTEM*XX*1699718320~
N3*1900 S MAIN ST~
N4*FINDLAY*OH*458401214~
REF*PQ*366407690~
REF*TJ*341369963~
LX*1~
TS3*1013957869*22*20221231*1*453.5~
CLP*3007840845*1*453.5*117.52**13*220114E424840000*22*1~
NM1*QC*1*DARNALL*STEPHEN*M***MI*MEBJG11Z~
NM1*82*2*BLANCHARD VALLEY HEALTH SYSTEM*****XX*1013957869~
REF*1L*455716-056~
REF*CE*STRS PPO PLAN NET 03418~
DTM*232*20211216~
DTM*233*20211216~
DTM*050*20220114~
PER*CX**TE*8006240756~
AMT*AU*453.5~
SVC*HC>99100*22*48**1~
DTM*472*20211216~
CAS*CO*45*-26~
REF*6R*B9XP0014592116-2~
AMT*B6*48~
SVC*HC>00812>QX>QS>P3*431.5*69.52**22~
DTM*472*20211216~
CAS*CO*45*361.98~
REF*6R*B9XP0014592116-1~
AMT*B6*69.52~
LQ*HE*N59~
LX*2~
TS3*1164814505*22*20221231*1*776.7~
CLP*3007840814*1*776.7*93.37*10.37*13*220114E341240000*22*1~
NM1*QC*1*BREIDENBACH*KATHRYN*L***MI*MEBM36LP~
NM1*82*2*BLANCHARD VALLEY HEALTH SYSTEM*****XX*1164814505~
REF*1L*441301-005~
REF*CE*MEDICARE (S02) PPO PLAN NET 03418~
DTM*232*20211216~
DTM*233*20211216~
DTM*050*20220114~
PER*CX**TE*8006240756~
AMT*AU*776.7~
SVC*HC>00320>QX>P3*776.7*93.37**40~
DTM*472*20211216~
CAS*CO*45*672.96~
CAS*PR*2*10.37~
REF*6R*B9XP0014592117-1~
AMT*B6*103.74~
LQ*HE*N59~
LX*3~
TS3*1366483570*22*20221231*1*988.65~
CLP*3007840815*1*988.65*93.37*10.37*13*220114E384320000*22*1~
NM1*QC*1*BREIDENBACH*KATHRYN*L***MI*MEBM36LP~
NM1*82*2*BLANCHARD VALLEY HEALTH SYSTEM*****XX*1366483570~
REF*1L*441301-005~
REF*CE*MEDICARE (S02) PPO PLAN NET 03418~
DTM*232*20211216~
DTM*233*20211216~
DTM*050*20220114~
PER*CX**TE*8006240756~
AMT*AU*988.65~
SVC*HC>00320>QK>P3*988.65*93.37**40~
DTM*472*20211216~
CAS*CO*45*884.91~
CAS*PR*2*10.37~
REF*6R*B9XP0014592118-1~
AMT*B6*103.74~
LQ*HE*N59~
LX*4~
TS3*1922053198*22*20221231*1*571.25~
CLP*3007840844*1*571.25*178**13*220114E500590000*22*1~
NM1*QC*1*DARNALL*STEPHEN*M***MI*MEBJG11Z~
NM1*82*2*BLANCHARD VALLEY HEALTH SYSTEM*****XX*1922053198~
REF*1L*455716-056~
REF*CE*STRS PPO PLAN NET 03418~
DTM*232*20211216~
DTM*233*20211216~
DTM*050*20220114~
PER*CX**TE*8006240756~
AMT*AU*571.25~
SVC*HC>99100*22*22**1~
DTM*472*20211216~
REF*6R*B9XP0014592115-2~
AMT*B6*22~
SVC*HC>00812>QK>QS>P3*549.25*156**22~
DTM*472*20211216~
CAS*CO*45*393.25~
REF*6R*B9XP0014592115-1~
AMT*B6*156~
SE*98*1149~
ST*835*1150~
BPR*I*40.04*C*ACH*CCP*01*031100209*DA*0038865237*1066033492**01*041200050*DA*7340253736*20220121~
TRN*1*160118220261946*1066033492~
REF*EV*XXXXXXXXXXXXXXXXXXXXXXXXXXXXXX~
DTM*405*20220119~
N1*PR*AETNA~
N3*151 FARMINGTON AVENUE~
N4*HARTFORD*CT*06156~
REF*2U*60054~
PER*BL*Provider Service~
N1*PE*BLANCHARD VALLEY HEALTH SYSTEM*XX*1699718320~
N3*1900 S MAIN ST~
N4*FINDLAY*OH*458401214~
REF*PQ*366407690~
REF*TJ*341369963~
LX*1~
TS3*1568425494*22*20221231*1*138~
CLP*3007840603*1*138*40.04*4.45*13*220114E396170000*22*1~
NM1*QC*1*NEWELL*MARY*K***MI*MEBNXV3X~
NM1*82*2*BLANCHARD VALLEY HEALTH SYSTEM*****XX*1568425494~
REF*1L*441301-005~
REF*CE*MEDICARE (S02) PPO PLAN NET 03418~
DTM*232*20211129~
DTM*233*20211129~
DTM*050*20220114~
PER*CX**TE*8006240756~
AMT*AU*138~
SVC*HC>95806>26*138*40.04**1~
DTM*472*20211129~
CAS*CO*45*93.51~
CAS*PR*2*4.45~
REF*6R*B9XP0014591717-1~
AMT*B6*44.49~
LQ*HE*N59~
SE*35*1150~
ST*835*1756~
BPR*I*244.71*C*ACH*CCP*01*031100209*DA*0038865237*1066033492**01*041200050*DA*7340253736*20220121~
TRN*1*160118220267714*1066033492~
REF*EV*XXXXXXXXXXXXXXXXXXXXXXXXXXXXXX~
DTM*405*20220119~
N1*PR*AETNA~
N3*151 FARMINGTON AVENUE~
N4*HARTFORD*CT*06156~
REF*2U*60054~
PER*BL*Provider Service~
N1*PE*BLANCHARD VALLEY REGIONAL HEALT*XX*1699718320~
N3*1900 SOUTH MAIN STREET~
N4*FINDLAY*OH*458401214~
REF*PQ*366407690~
REF*TJ*341369963~
LX*1~
TS3*1669545299*21*20221231*1*410.55~
CLP*3007847680*1*410.55*244.71**13*220117E205520000*21*1~
NM1*QC*1*BRONDES*SHARON*K***MI*MEBN63ZW~
NM1*82*2*BLANCHARD VALLEY REGIONAL HEALT*****XX*1669545299~
REF*G1*2578214~
REF*1L*467094-012~
REF*CE*VALUE PPO NET 03418~
DTM*232*20211102~
DTM*233*20211104~
DTM*050*20220117~
PER*CX**TE*8006240756~
AMT*AU*410.55~
SVC*HC>99232*110.15*70.48**1~
DTM*472*20211102~
CAS*CO*45*39.67~
REF*6R*B9XP0014598645-1~
AMT*B6*70.48~
LQ*HE*N59~
SVC*HC>99232*110.15*70.48**1~
DTM*472*20211103~
CAS*CO*45*39.67~
REF*6R*B9XP0014598645-2~
AMT*B6*70.48~
LQ*HE*N59~
SVC*HC>99239*190.25*103.75**1~
DTM*472*20211104~
CAS*CO*45*86.5~
REF*6R*B9XP0014598645-3~
AMT*B6*103.75~
LQ*HE*N59~
SE*47*1756~
ST*835*1757~
BPR*I*985.62*C*ACH*CCP*01*031100209*DA*0038865237*1066033492**01*041200050*DA*7340253736*20220121~
TRN*1*160118220263169*1066033492~
REF*EV*XXXXXXXXXXXXXXXXXXXXXXXXXXXXXX~
DTM*405*20220119~
N1*PR*AETNA~
N3*151 FARMINGTON AVENUE~
N4*HARTFORD*CT*06156~
REF*2U*60054~
PER*BL*Provider Service~
N1*PE*BLANCHARD VALLEY REGIONAL HEALT*XX*1831137827~
N3*1900 SOUTH MAIN STREET~
N4*FINDLAY*OH*45840~
REF*PQ*366407690~
REF*TJ*341369963~
LX*1~
TS3*1831137827*11*20221231*2*3350.46~
CLP*3007836032*1*2316.46*703.02**13*220115E031500000*85*1~
NM1*QC*1*KAUFMANN*MAURICE*J***MI*MEBD77ZT~
NM1*82*2*BLANCHARD VALLEY REGIONAL HEALT*****XX*1831137827~
REF*1L*455716-056~
REF*CE*STRS PPO PLAN NET 03418~
DTM*232*20211226~
DTM*233*20211226~
DTM*050*20220115~
PER*CX**TE*8006240756~
AMT*AU*2297.45~
SVC*NU>0250*48.34*14.79**1~
DTM*472*20211226~
CAS*CO*45*33.55~
REF*6R*BLXP0014593921-1~
AMT*B6*14.79~
LQ*HE*N59~
SVC*HC>36415*19*0*0300*0**1~
DTM*472*20211226~
CAS*CO*97*19*1~
REF*6R*BLXP0014593921-2~
LQ*HE*N19~
SVC*HC>84484*67*20.5*0301*1~
DTM*472*20211226~
CAS*CO*45*46.5~
REF*6R*BLXP0014593921-3~
AMT*B6*20.5~
LQ*HE*N59~
SVC*HC>85610*27*8.26*0305*1~
DTM*472*20211226~
CAS*CO*45*18.74~
REF*6R*BLXP0014593921-4~
AMT*B6*8.26~
LQ*HE*N59~
SVC*HC>70450>ME*806*246.64*0351*1~
DTM*472*20211226~
CAS*CO*45*559.36~
REF*6R*BLXP0014593921-5~
AMT*B6*246.64~
LQ*HE*N59~
SVC*HC>G1004*.01*0*0359*0**1~
DTM*472*20211226~
CAS*CO*97*.01*1~
REF*6R*BLXP0014593921-6~
LQ*HE*N19~
SVC*HC>99284>25*846*258.88*0450*1~
DTM*472*20211226~
CAS*CO*45*587.12~
REF*6R*BLXP0014593921-7~
AMT*B6*258.88~
LQ*HE*N59~
SVC*HC>90715*323.11*98.87*0636*1~
DTM*472*20211226~
CAS*CO*45*224.24~
REF*6R*BLXP0014593921-8~
AMT*B6*98.87~
LQ*HE*N59~
SVC*HC>93005*100*30.6*0730*1~
DTM*472*20211226~
CAS*CO*45*69.4~
REF*6R*BLXP0014593921-9~
AMT*B6*30.6~
LQ*HE*N59~
SVC*HC>90471*80*24.48*0771*1~
DTM*472*20211226~
CAS*CO*45*55.52~
REF*6R*BLXP0014593921-10~
AMT*B6*24.48~
LQ*HE*N59~
CLP*3007842826*1*1034*282.6*33.79*13*220117E289470000*13*1~
NM1*QC*1*BROWN*SANDRA*B***MI*MEBH8DTT~
NM1*82*2*BLANCHARD VALLEY REGIONAL HEALT*****XX*1831137827~
REF*1L*455716-062~
REF*CE*STRS PPO PLAN NET 03418~
DTM*232*20211217~
DTM*233*20211217~
DTM*050*20220117~
PER*CX**TE*8006240756~
AMT*AU*1034~
SVC*HC>G0463*107*7.74*0761*1~
DTM*472*20211217~
CAS*CO*45*74.26~
CAS*PR*3*25~
REF*6R*BLXP0014600675-4~
AMT*B6*32.74~
LQ*HE*N59~
SVC*HC>80307*209*63.95*0301*1~
DTM*472*20211217~
CAS*CO*45*145.05~
REF*6R*BLXP0014600675-1~
AMT*B6*63.95~
LQ*HE*N59~
SVC*HC>73562*479*140.71*0320*1~
DTM*472*20211217~
CAS*CO*45*332.43~
CAS*PR*2*5.86~
REF*6R*BLXP0014600675-2~
AMT*B6*146.57~
LQ*HE*N59~
SVC*HC>73522*239*70.2*0320*1~
DTM*472*20211217~
CAS*CO*45*165.87~
CAS*PR*2*2.93~
REF*6R*BLXP0014600675-3~
AMT*B6*73.13~
LQ*HE*N59~
SE*123*1757~
ST*835*1758~
BPR*I*286.8*C*ACH*CCP*01*031100209*DA*0038865237*1066033492**01*041200050*DA*7340253736*20220121~
TRN*1*160118220271616*1066033492~
REF*EV*XXXXXXXXXXXXXXXXXXXXXXXXXXXXXX~
DTM*405*20220119~
N1*PR*AETNA~
N3*151 FARMINGTON AVENUE~
N4*HARTFORD*CT*06156~
REF*2U*60054~
PER*BL*Provider Service~
N1*PE*BLANCHARD VALLEY HEALTH SYSTEM*XX*1831137827~
N3*1900 S MAIN ST~
N4*FINDLAY*OH*458401214~
REF*PQ*366407690~
REF*TJ*341369963~
LX*1~
TS3*1831137827*85*20221231*1*766~
CLP*3007835902*1*766*286.8*11.94*13*220115E006630000*85*1~
NM1*QC*1*ERCHENBRECHER*MICHAEL*L***MI*MEBNF13L~
NM1*82*2*BLANCHARD VALLEY HEALTH SYSTEM*****XX*1831137827~
REF*1L*455716-056~
REF*CE*STRS PPO PLAN NET 03418~
DTM*232*20211216~
DTM*233*20211216~
DTM*050*20220115~
PER*CX**TE*8006240756~
AMT*AU*766~
SVC*HC>73565*383*143.4*0320*1~
DTM*472*20211216~
CAS*CO*45*233.63~
CAS*PR*2*5.97~
REF*6R*BLXP0014593814-1~
AMT*B6*149.37~
LQ*HE*N59~
SVC*HC>73562>RT*383*143.4*0320*1~
DTM*472*20211216~
CAS*CO*45*233.63~
CAS*PR*2*5.97~
REF*6R*BLXP0014593814-2~
AMT*B6*149.37~
LQ*HE*N59~
SE*42*1758~
ST*835*1760~
BPR*I*678.51*C*ACH*CCP*01*031100209*DA*0038865237*1066033492**01*041200050*DA*7340253736*20220121~
TRN*1*160118220273787*1066033492~
REF*EV*XXXXXXXXXXXXXXXXXXXXXXXXXXXXXX~
DTM*405*20220119~
N1*PR*AETNA~
N3*151 FARMINGTON AVENUE~
N4*HARTFORD*CT*06156~
REF*2U*60054~
PER*BL*Provider Service~
N1*PE*BLANCHARD VALLEY HEALTH SYSTEM*XX*1699718320~
N3*1900 S MAIN ST~
N4*FINDLAY*OH*458401214~
REF*PQ*366407690~
REF*TJ*341369963~
LX*1~
TS3*1215929534*24*20221231*2*971.3~
CLP*3007848055*1*453.5*125.85*5.24*13*220117E122270000*24*1~
NM1*QC*1*FROST*KAREN*E***MI*MEBD7DZW~
NM1*82*2*BLANCHARD VALLEY HEALTH SYSTEM*****XX*1215929534~
REF*1L*455716-056~
REF*CE*STRS PPO PLAN NET 03418~
DTM*232*20211202~
DTM*233*20211202~
DTM*050*20220117~
PER*CX**TE*8006240756~
AMT*AU*453.5~
SVC*HC>99100*22*21.12**1~
DTM*472*20211202~
CAS*PR*2*.88~
REF*6R*B9XP0014599078-2~
AMT*B6*22~
SVC*HC>00142>QZ>QS>P2*431.5*104.73**17~
DTM*472*20211202~
CAS*CO*45*322.41~
CAS*PR*2*4.36~
REF*6R*B9XP0014599078-1~
AMT*B6*109.09~
LQ*HE*N59~
CLP*3007848115*1*517.8*134.76**13*220117E142420000*24*1~
NM1*QC*1*GERDEMAN*RONALD*R***MI*MEBP62KK~
NM1*82*2*BLANCHARD VALLEY HEALTH SYSTEM*****XX*1215929534~
REF*1L*467094-012~
REF*CE*VALUE PPO NET 03418~
DTM*232*20211203~
DTM*233*20211203~
DTM*050*20220117~
PER*CX**TE*8006240756~
AMT*AU*517.8~
SVC*HC>00902>QZ>QS>P2*517.8*134.76**20~
DTM*472*20211203~
CAS*CO*45*383.04~
REF*6R*B9XP0014599126-1~
AMT*B6*134.76~
LQ*HE*N59~
LX*2~
TS3*1619971041*24*20221231*2*971.3~
CLP*3007848308*1*517.8*112.94*4.71*13*220117E163600000*24*1~
NM1*QC*1*COLLIER*LAURIE*J***MI*MEBVPFCN~
NM1*82*2*BLANCHARD VALLEY HEALTH SYSTEM*****XX*1619971041~
REF*1L*455716-056~
REF*CE*STRS PPO PLAN NET 03418~
DTM*232*20211207~
DTM*233*20211207~
DTM*050*20220117~
PER*CX**TE*8006240756~
AMT*AU*517.8~
SVC*HC>00142>QZ>QS>P2*517.8*112.94**23~
DTM*472*20211207~
CAS*CO*45*400.15~
CAS*PR*2*4.71~
REF*6R*B9XP0014599227-1~
AMT*B6*117.65~
LQ*HE*N59~
CLP*3007848315*1*453.5*154.62**13*220117E185220000*24*1~
NM1*QC*1*DAVIS*MARTIN*R***MI*MEBPDLCM~
NM1*82*2*BLANCHARD VALLEY HEALTH SYSTEM*****XX*1619971041~
REF*1L*467094-012~
REF*CE*VALUE PPO NET 03418~
DTM*232*20211207~
DTM*233*20211207~
DTM*050*20220117~
PER*CX**TE*8006240756~
AMT*AU*453.5~
SVC*HC>99100*22*22**1~
DTM*472*20211207~
REF*6R*B9XP0014599225-2~
AMT*B6*22~
SVC*HC>00142>QZ>QS>P3*431.5*132.62**18~
DTM*472*20211207~
CAS*CO*45*298.88~
REF*6R*B9XP0014599225-1~
AMT*B6*132.62~
LQ*HE*N59~
LX*3~
TS3*1821080243*24*20221231*1*453.5~
CLP*3007848170*1*453.5*150.34**13*220117E163610000*24*1~
NM1*QC*1*GRAY*KENNETH*E**JR*MI*MEBS9F2H~
NM1*82*2*BLANCHARD VALLEY HEALTH SYSTEM*****XX*1821080243~
REF*1L*467094-012~
REF*CE*VALUE PPO NET 03418~
DTM*232*20211201~
DTM*233*20211201~
DTM*050*20220117~
PER*CX**TE*8006240756~
AMT*AU*453.5~
SVC*HC>99100*22*22**1~
DTM*472*20211201~
REF*6R*B9XP0014599027-2~
AMT*B6*22~
SVC*HC>01810>QZ>QS>P3*431.5*128.34**30~
DTM*472*20211201~
CAS*CO*45*303.16~
REF*6R*B9XP0014599027-1~
AMT*B6*128.34~
LQ*HE*N59~
SE*117*1760~
ST*835*0736~
BPR*H*0*C*NON************20220119~
TRN*1*922019000332017*1066033492~
REF*EV*XXXXXXXXXXXXXXXXXXXXXXXXXXXXXX~
DTM*405*20220119~
N1*PR*AETNA~
N3*151 FARMINGTON AVENUE~
N4*HARTFORD*CT*06156~
REF*2U*60054~
PER*BL*Provider Service~
N1*PE*BLANCHARD VALLEY HEALTH SYSTEM*XX*1710920327~
N3*1900 S MAIN ST~
N4*FINDLAY*OH*458401214~
REF*PQ*366407690~
REF*TJ*341369963~
LX*1~
TS3*1710920327*11*20221231*3*6963.4~
CLP*3007679927*1*3221.42*2752.28*354.07*13*ESPCT60BV0000*13*1~
NM1*QC*1*RECKER*CHARLOTTE*E~
NM1*IL*1*RECKER*ZACH****MI*W264570451~
NM1*82*2*BLANCHARD VALLEY REGIONAL HEALTH CENTER - FINDLAY*****XX*1710920327~
REF*1L*0109143-010-00001- C~
REF*CE*Aetna Choice  POS II NET 00414~
DTM*232*20210626~
DTM*233*20210628~
DTM*050*20211221~
PER*CX**TE*8886323862~
AMT*AU*3221.42~
SVC*NU>0250*1.71*1.66**1~
DTM*472*20210627~
CAS*CO*45*.05~
REF*6R*BVXP0014446951-10~
AMT*B6*1.66~
SVC*NU>0250*1.71*0**1~
DTM*472*20210626~
CAS*CO*45*.05~
CAS*PR*3*1.66~
REF*6R*BVXP0014446951-9~
AMT*B6*1.66~
SVC*HC>36415*19*0*0300*0**1~
DTM*472*20210627~
CAS*CO*97*19*1~
REF*6R*BVXP0014446951-1~
AMT*B6*18.43~
LQ*HE*N19~
SVC*HC>85025*53*51.41*0305*1~
DTM*472*20210627~
CAS*CO*45*1.59~
REF*6R*BVXP0014446951-2~
AMT*B6*51.41~
SVC*HC>87088*70*67.9*0306*1~
DTM*472*20210627~
CAS*CO*45*2.1~
REF*6R*BVXP0014446951-4~
AMT*B6*67.9~
SVC*HC>87040*57*55.29*0306*1~
DTM*472*20210627~
CAS*CO*45*1.71~
REF*6R*BVXP0014446951-5~
AMT*B6*55.29~
SVC*HC>87631*288*0*0306*1~
DTM*472*20210626~
CAS*CO*45*8.64~
CAS*PR*3*279.36~
REF*6R*BVXP0014446951-3~
AMT*B6*279.36~
SVC*HC>81001*25*24.25*0307*1~
DTM*472*20210627~
CAS*CO*45*.75~
REF*6R*BVXP0014446951-6~
AMT*B6*24.25~
SVC*HC>71045*172*93.79*0324*1~
DTM*472*20210626~
CAS*CO*45*5.16~
CAS*PR*3*73.05~
REF*6R*BVXP0014446951-7~
AMT*B6*166.84~
SVC*HC>99285>25*1201*1164.97*0450*1~
DTM*472*20210626~
CAS*CO*45*36.03~
REF*6R*BVXP0014446951-8~
AMT*B6*1164.97~
SVC*HC>99219*301*291.97*0762*7~
DTM*472*20210628~
CAS*CO*45*9.03~
REF*6R*BVXP0014446951-12~
AMT*B6*291.97~
SVC*HC>99219*1032*1001.04*0762*24~
DTM*472*20210627~
CAS*CO*45*30.96~
REF*6R*BVXP0014446951-11~
AMT*B6*1001.04~
CLP*3007859328*1*3495.98*3291.1*100*13*ESY1VQN7Y0000*13*1~
NM1*QC*1*HARBER*CARRIE*L~
NM1*IL*1*HARBER*ALLEN****MI*W21853039405~
NM1*74*1******C*W218530394~
NM1*82*2*BLANCHARD VALLEY REGIONAL HEALTH CENTER - FINDLAY*****XX*1710920327~
REF*1L*0699000-010-00353-IS~
REF*CE*Aetna Choice  POS II NET 00414~
DTM*232*20220102~
DTM*233*20220102~
DTM*050*20220118~
PER*CX**TE*8886323862~
AMT*AU*3495.98~
SVC*NU>0250*14.26*0**1~
DTM*472*20220102~
CAS*CO*45*.43~
CAS*PR*3*13.83~
REF*6R*BVXP0014615628-1~
AMT*B6*13.83~
SVC*NU>0250*14.26*0**1~
DTM*472*20220102~
CAS*CO*45*.43~
CAS*PR*3*13.83~
REF*6R*BVXP0014615628-2~
AMT*B6*13.83~
SVC*NU>0270*.01*0**1~
DTM*472*20220102~
CAS*PR*3*.01~
REF*6R*BVXP0014615628-3~
AMT*B6*.01~
SVC*HC>83735*22*0*0301*1~
DTM*472*20220102~
CAS*CO*45*.66~
CAS*PR*3*21.34~
REF*6R*BVXP0014615628-4~
AMT*B6*21.34~
SVC*HC>80053*137*132.89*0301*1~
DTM*472*20220102~
CAS*CO*45*4.11~
REF*6R*BVXP0014615628-5~
AMT*B6*132.89~
SVC*HC>85025*53*51.41*0305*1~
DTM*472*20220102~
CAS*CO*45*1.59~
REF*6R*BVXP0014615628-6~
AMT*B6*51.41~
SVC*HC>71045*161*156.17*0324*1~
DTM*472*20220102~
CAS*CO*45*4.83~
REF*6R*BVXP0014615628-7~
AMT*B6*156.17~
SVC*HC>71275>MG*1793*1739.21*0352*1~
DTM*472*20220102~
CAS*CO*45*53.79~
REF*6R*BVXP0014615628-8~
AMT*B6*1739.21~
SVC*HC>99285>25*1262*1173.15*0450*1~
DTM*472*20220102~
CAS*CO*45*37.86~
CAS*PR*3*50.99~
REF*6R*BVXP0014615628-9~
AMT*B6*1224.14~
SVC*HC>Q9967*39.45*38.27*0636*100~
DTM*472*20220102~
CAS*CO*45*1.18~
REF*6R*BVXP0014615628-10~
AMT*B6*38.27~
CLP*3007860297*1*246*0*238.62*13*E903VHFWL0000*13*1~
NM1*QC*1*SHRIDER*CAROL*A~
NM1*IL*1*SHRIDER*MARK****MI*W117777001~
NM1*82*2*BLANCHARD VALLEY REGIONAL HEALTH CENTER - FINDLAY*****XX*1710920327~
REF*1L*0699000-010-00353-IS~
REF*CE*Aetna Choice  POS II NET 00414~
DTM*232*20220112~
DTM*233*20220112~
DTM*050*20220118~
PER*CX**TE*8886323862~
AMT*AU*246~
SVC*HC>87660*82*0*0306*1~
DTM*472*20220112~
CAS*CO*45*2.46~
CAS*PR*1*79.54~
REF*6R*BVXP0014616461-1~
AMT*B6*79.54~
SVC*HC>87510*82*0*0306*1~
DTM*472*20220112~
CAS*CO*45*2.46~
CAS*PR*1*79.54~
REF*6R*BVXP0014616461-2~
AMT*B6*79.54~
SVC*HC>87480*82*0*0306*1~
DTM*472*20220112~
CAS*CO*45*2.46~
CAS*PR*1*79.54~
REF*6R*BVXP0014616461-3~
AMT*B6*79.54~
LX*2~
TS3*1710920327*11*20221231*1*-1262~
CLP*3007218649*22*-1262*-538.35**13*EFPCT30TN0000*13*1~
NM1*QC*1*HOCANSON*JESSIE****MI*W218113594~
NM1*74*1*NORRIS~
NM1*82*2*BLANCHARD VALLEY REGIONAL HEALTH CENTER - FINDLAY*****XX*1710920327~
MOA***MA15~
REF*1L*0800201-042-00100-CK~
REF*CE*Aetna HealthFund  Aetna Choice  POS II NET 00414~
DTM*232*20210512~
DTM*233*20210512~
DTM*050*20210929~
PER*CX**TE*8886323862~
SVC*HC>80307>XU*-7*0*0307*0*HC>81001>XU*1~
DTM*472*20210512~
CAS*CO*231*-7*1~
REF*6R*BVXP0014000651-19~
SVC*HC>83036*-17*-16.49*0301*1~
DTM*472*20210512~
CAS*CO*45*-.51~
REF*6R*BVXP0014000651-4~
SVC*HC>80053*-18*0*0301*1~
DTM*472*20210512~
CAS*CO*45*-.54~
CAS*PR*1*-17.46~
REF*6R*BVXP0014000651-7~
SVC*HC>80307*-209*0*0301*1~
DTM*472*20210512~
CAS*CO*45*-6.27~
CAS*PR*1*-202.73~
REF*6R*BVXP0014000651-6~
SVC*HC>80354*-185*0*0301*0**1~
DTM*472*20210512~
CAS*CO*181*-185*1~
REF*6R*BVXP0014000651-5~
SVC*HC>83615*-43*0*0301*1~
DTM*472*20210512~
CAS*CO*45*-1.29~
CAS*PR*1*-41.71~
REF*6R*BVXP0014000651-3~
SVC*HC>84550*-23*0*0301*1~
DTM*472*20210512~
CAS*CO*45*-.69~
CAS*PR*1*-22.31~
REF*6R*BVXP0014000651-2~
SVC*HC>86762*-104*0*0301*1~
DTM*472*20210512~
CAS*CO*45*-3.12~
CAS*PR*1*-100.88~
REF*6R*BVXP0014000651-1~
SVC*HC>86592*-57*-55.29*0302*1~
DTM*472*20210512~
CAS*CO*45*-1.71~
REF*6R*BVXP0014000651-13~
SVC*HC>87340*-18*-17.46*0302*1~
DTM*472*20210512~
CAS*CO*45*-.54~
REF*6R*BVXP0014000651-8~
SVC*HC>86803*-24*-23.28*0302*1~
DTM*472*20210512~
CAS*CO*45*-.72~
REF*6R*BVXP0014000651-12~
SVC*HC>86850*-118*0*0302*1~
DTM*472*20210512~
CAS*CO*45*-3.54~
CAS*PR*1*-114.46~
REF*6R*BVXP0014000651-11~
SVC*HC>86900*-44*-42.68*0302*1~
DTM*472*20210512~
CAS*CO*45*-1.32~
REF*6R*BVXP0014000651-10~
SVC*HC>86901*-60*-58.2*0302*1~
DTM*472*20210512~
CAS*CO*45*-1.8~
REF*6R*BVXP0014000651-9~
SVC*HC>85027*-63*-61.11*0305*1~
DTM*472*20210512~
CAS*CO*45*-1.89~
REF*6R*BVXP0014000651-14~
SVC*HC>87591*-108*-104.76*0306*1~
DTM*472*20210512~
CAS*CO*45*-3.24~
REF*6R*BVXP0014000651-16~
SVC*HC>87389*-24*-23.28*0306*1~
DTM*472*20210512~
CAS*CO*45*-.72~
REF*6R*BVXP0014000651-18~
SVC*HC>87491*-140*-135.8*0306*1~
DTM*472*20210512~
CAS*CO*45*-4.2~
REF*6R*BVXP0014000651-17~
PLB*1710920327*20221231*FB>922017000324550*9305.28*WO>EQJMTRTMK0000-3006897903-2021-06-24*3679.69*CS>EQJMTRTMK0000-3006897903-2021-06-24*-3679.69*WO>EQJMTRTMK0001-3006897903-2021-06-24*2363.69*CS>EQJMTRTMK0001-3006897903-2021-06-24*-2363.69*FB>922019000332017*-3800.25~
SE*280*0736~
ST*835*1140~
BPR*I*42659.93*C*ACH*CCP*01*031100209*DA*0038865237*1066033492**01*041200050*DA*7340253736*20220121~
TRN*1*160118220238003*1066033492~
REF*EV*XXXXXXXXXXXXXXXXXXXXXXXXXXXXXX~
DTM*405*20220119~
N1*PR*AETNA~
N3*151 FARMINGTON AVENUE~
N4*HARTFORD*CT*06156~
REF*2U*60054~
PER*BL*Provider Service~
N1*PE*BLANCHARD VALLEY HEALTH SYSTEM*XX*1710920327~
N3*1900 SOUTH MAIN STREET~
N4*FINDLAY*OH*45840~
REF*PQ*366407690~
REF*TJ*341369963~
LX*1~
TS3*1710920327*11*20221231*34*143792.27~
CLP*3007253643*22*-3190.44*0**13*211012E998050004~
NM1*QC*1*BUSHNELL*DENNIS*L***MI*MEBMNBHB~
NM1*82*2*BLANCHARD VALLEY HEALTH SYSTEM*****XX*1710920327~
REF*1L*467094-012~
REF*CE*VALUE PPO NET 02101~
DTM*232*20210926~
DTM*233*20210926~
DTM*050*20211012~
PER*CX**TE*8006240756~
SVC*HC>G0378*-1416*0*0762*0**1~
DTM*472*20210926~
CAS*CO*97*-1416*12~
LQ*HE*N130~
LQ*HE*N694~
SVC*HC>93005*-100*0*0730*0**1~
DTM*472*20210926~
CAS*CO*97*-100*1~
LQ*HE*N130~
LQ*HE*N694~
SVC*HC>A9270>GY*-.85*0*0637*0**1~
DTM*472*20210926~
CAS*PI*16*-.85*1~
LQ*HE*M49~
LQ*HE*N694~
SVC*HC>A9270>GY*-.85*0*0637*0**1~
DTM*472*20210926~
CAS*PI*16*-.85*1~
LQ*HE*M49~
LQ*HE*N694~
SVC*HC>A9270>GY*-4.46*0*0637*0**1~
DTM*472*20210926~
CAS*PI*16*-4.46*1~
LQ*HE*M49~
LQ*HE*N694~
SVC*HC>A9270>GY*-27.54*0*0637*0**1~
DTM*472*20210926~
CAS*PI*16*-27.54*1~
LQ*HE*M49~
LQ*HE*N694~
SVC*HC>84484>91*-134*0*0301*0**1~
DTM*472*20210926~
CAS*CO*97*-134*2~
LQ*HE*N130~
LQ*HE*N694~
SVC*HC>80048*-115*0*0301*0**1~
DTM*472*20210926~
CAS*CO*97*-115*1~
LQ*HE*N130~
LQ*HE*N694~
SVC*HC>80061*-75*0*0301*1~
DTM*472*20210926~
CAS*CO*45*-61.61~
CAS*PR*3*-13.39~
LQ*HE*N694~
SVC*HC>83735*-25*0*0301*0**1~
DTM*472*20210926~
CAS*CO*97*-25*1~
LQ*HE*N130~
LQ*HE*N694~
SVC*HC>83874*-77*0*0301*0**1~
DTM*472*20210926~
CAS*CO*97*-77*1~
LQ*HE*N130~
LQ*HE*N694~
SVC*HC>83874>91*-154*0*0301*0**1~
DTM*472*20210926~
CAS*CO*97*-154*2~
LQ*HE*N130~
LQ*HE*N694~
SVC*HC>83880*-78*0*0301*0**1~
DTM*472*20210926~
CAS*CO*97*-78*1~
LQ*HE*N130~
LQ*HE*N694~
SVC*HC>84100*-20*0*0301*0**1~
DTM*472*20210926~
CAS*CO*97*-20*1~
LQ*HE*N130~
LQ*HE*N694~
SVC*HC>84443*-88*0*0301*0**1~
DTM*472*20210926~
CAS*CO*97*-88*1~
LQ*HE*N130~
LQ*HE*N694~
SVC*HC>84484*-67*0*0301*0**1~
DTM*472*20210926~
CAS*CO*97*-67*1~
LQ*HE*N130~
LQ*HE*N694~
SVC*HC>85730>91*-117*0*0305*0**1~
DTM*472*20210926~
CAS*CO*97*-117*3~
LQ*HE*N130~
LQ*HE*N694~
SVC*HC>85014>XU*-6*0*0305*0**1~
DTM*472*20210926~
CAS*CO*97*-6*1~
LQ*HE*N130~
LQ*HE*N694~
SVC*HC>85025*-53*0*0305*0**1~
DTM*472*20210926~
CAS*CO*97*-53*1~
LQ*HE*N130~
LQ*HE*N694~
SVC*HC>85049>XU*-27*0*0305*0**1~
DTM*472*20210926~
CAS*CO*97*-27*1~
LQ*HE*N130~
LQ*HE*N694~
SVC*HC>85610*-27*0*0305*0**1~
DTM*472*20210926~
CAS*CO*97*-27*1~
LQ*HE*N130~
LQ*HE*N694~
SVC*HC>85610>91*-27*0*0305*0**1~
DTM*472*20210926~
CAS*CO*97*-27*1~
LQ*HE*N130~
LQ*HE*N694~
SVC*HC>87641*-96*0*0306*0**1~
DTM*472*20210926~
CAS*CO*97*-96*1~
LQ*HE*N130~
LQ*HE*N694~
SVC*HC>81001*-25*0*0307*0**1~
DTM*472*20210926~
CAS*CO*97*-25*1~
LQ*HE*N130~
LQ*HE*N694~
SVC*HC>36415*-19*0*0300*0**1~
DTM*472*20210926~
CAS*CO*97*-19*1~
LQ*HE*N130~
LQ*HE*N694~
SVC*HC>J1644*-78.69*0*0636*0**1~
DTM*472*20210926~
CAS*CO*97*-78.69*25~
LQ*HE*N130~
LQ*HE*N694~
SVC*HC>J1644*-47.56*0*0636*0**1~
DTM*472*20210926~
CAS*CO*97*-47.56*10~
LQ*HE*N130~
LQ*HE*N694~
SVC*NU>0250*-26.93*0**0**1~
DTM*472*20210926~
CAS*CO*97*-26.93*1~
LQ*HE*N130~
LQ*HE*N694~
SVC*NU>0250*-85.56*0**0**1~
DTM*472*20210926~
CAS*CO*97*-85.56*6~
LQ*HE*N130~
LQ*HE*N694~
SVC*HC>71045*-172*0*0324*1~
DTM*472*20210926~
CAS*CO*45*-97.45~
CAS*PR*3*-74.55~
LQ*HE*N694~
CLP*3007128207*22*-961*0**13*210913E952490000*13*1~
NM1*QC*1*DUTCHER*LONNIE****MI*MEBPNSCL~
NM1*82*2*BLANCHARD VALLEY HEALTH SYSTEM*****XX*1710920327~
REF*1L*467114-169~
REF*CE*GROUP MEDICARE STANDARD PLAN NET 03418~
DTM*232*20210818~
DTM*233*20210818~
DTM*050*20210913~
PER*CX**TE*8006240756~
SVC*HC>81232*-961*0*0300*0**1~
DTM*472*20210818~
CAS*PI*252*-961*1~
REF*6R*BVXP0013908318-1~
LQ*HE*N729~
CLP*3007128207*1*961*0**13*211214C952490000*13*1~
NM1*QC*1*DUTCHER*LONNIE****MI*MEBPNSCL~
NM1*82*2*BLANCHARD VALLEY HEALTH SYSTEM*****XX*1710920327~
REF*1L*467114-169~
REF*CE*GROUP MEDICARE STANDARD PLAN NET 03418~
REF*F8*210913E952490000~
DTM*232*20210818~
DTM*233*20210818~
DTM*050*20211214~
PER*CX**TE*8006240756~
SVC*HC>81232*961*0*0300*0**1~
DTM*472*20210818~
CAS*CO*55*961*1~
REF*6R*BVXP0013908318-1~
LQ*HE*N623~
CLP*3007750986*1*23064.16*3168.57*1540*13*211231E005010000*11*1**309*.7505~
NM1*QC*1*CAMPBELL*EARL*L***MI*MEBPFNBH~
NM1*82*2*BLANCHARD VALLEY HEALTH SYSTEM*****XX*1710920327~
REF*G1*2771819~
REF*1L*467094-012~
REF*CE*VALUE PPO NET 03418~
DTM*232*20211119~
DTM*233*20211123~
DTM*050*20211231~
PER*CX**TE*8006240756~
AMT*AU*11420~
SVC*NU>0210*11420*3168.57**4~
DTM*150*20211119~
DTM*151*20211123~
CAS*CO*45*6711.43~
CAS*PR*3*1540~
REF*6R*BVXP0014513211-1~
AMT*B6*4708.57~
SVC*NU>0480*1200*0**0**1~
DTM*150*20211119~
DTM*151*20211123~
CAS*CO*97*1200*1~
REF*6R*BVXP0014513211-11~
LQ*HE*M2~
SVC*NU>0481*1596*0**0**1~
DTM*150*20211119~
DTM*151*20211123~
CAS*CO*97*1596*1~
REF*6R*BVXP0014513211-12~
LQ*HE*M2~
SVC*NU>0450*3324*0**0**6~
DTM*150*20211119~
DTM*151*20211123~
CAS*CO*97*3324*6~
REF*6R*BVXP0014513211-10~
LQ*HE*M2~
SVC*NU>0761*614*0**0**2~
DTM*150*20211119~
DTM*151*20211123~
CAS*CO*97*614*2~
REF*6R*BVXP0014513211-15~
LQ*HE*M2~
SVC*NU>0250*7.18*0**0**5~
DTM*150*20211119~
DTM*151*20211123~
CAS*CO*97*7.18*5~
REF*6R*BVXP0014513211-13~
LQ*HE*M2~
SVC*NU>0250*2681.36*0**0**188~
DTM*150*20211119~
DTM*151*20211123~
CAS*CO*97*2681.36*188~
REF*6R*BVXP0014513211-2~
LQ*HE*M2~
SVC*NU>0300*57*0**0**3~
DTM*150*20211119~
DTM*151*20211123~
CAS*CO*97*57*3~
REF*6R*BVXP0014513211-3~
LQ*HE*M2~
SVC*NU>0301*1020*0**0**14~
DTM*150*20211119~
DTM*151*20211123~
CAS*CO*97*1020*14~
REF*6R*BVXP0014513211-4~
LQ*HE*M2~
SVC*NU>0305*333*0**0**9~
DTM*150*20211119~
DTM*151*20211123~
CAS*CO*97*333*9~
REF*6R*BVXP0014513211-5~
LQ*HE*M2~
SVC*NU>0306*102.62*0**0**1~
DTM*150*20211119~
DTM*151*20211123~
CAS*CO*97*102.62*1~
REF*6R*BVXP0014513211-6~
LQ*HE*M2~
SVC*NU>0324*172*0**0**1~
DTM*150*20211119~
DTM*151*20211123~
CAS*CO*97*172*1~
REF*6R*BVXP0014513211-7~
LQ*HE*M2~
SVC*NU>0420*218*0**0**2~
DTM*150*20211119~
DTM*151*20211123~
CAS*CO*97*218*2~
REF*6R*BVXP0014513211-8~
LQ*HE*M2~
SVC*NU>0421*119*0**0**2~
DTM*150*20211119~
DTM*151*20211123~
CAS*CO*97*119*2~
REF*6R*BVXP0014513211-9~
LQ*HE*M2~
SVC*NU>0730*200*0**0**2~
DTM*150*20211119~
DTM*151*20211123~
CAS*CO*97*200*2~
REF*6R*BVXP0014513211-14~
LQ*HE*M2~
CLP*3007451493*1*4810.33*0**13*220104E196450000*11*1**177*1.8491~
NM1*QC*1*GATCHELL*WAYNE****MI*MEBT63CK~
NM1*82*2*BLANCHARD VALLEY HEALTH SYSTEM*****XX*1710920327~
REF*G1*2598545~
REF*1L*467094-012~
REF*CE*VALUE PPO NET 03418~
DTM*232*20211030~
DTM*233*20211030~
DTM*050*20220104~
PER*CX**TE*8006240756~
SVC*NU>0121*1052*0**0**1~
DTM*472*20211030~
CAS*CO*150*1052*1~
REF*6R*BVXP0014218534-1~
LQ*HE*N640~
SVC*NU>0450*1990*0**0**10~
DTM*472*20211030~
CAS*CO*150*1990*10~
REF*6R*BVXP0014218534-9~
LQ*HE*N640~
SVC*NU>0250*85.71*0**0**9~
DTM*472*20211030~
CAS*CO*150*85.71*9~
REF*6R*BVXP0014218534-2~
LQ*HE*N640~
SVC*NU>0300*19*0**0**1~
DTM*472*20211030~
CAS*CO*150*19*1~
REF*6R*BVXP0014218534-3~
LQ*HE*N640~
SVC*NU>0301*990*0**0**13~
DTM*472*20211030~
CAS*CO*150*990*13~
REF*6R*BVXP0014218534-4~
LQ*HE*N640~
SVC*NU>0302*105*0**0**1~
DTM*472*20211030~
CAS*CO*150*105*1~
REF*6R*BVXP0014218534-5~
LQ*HE*N640~
SVC*NU>0305*80*0**0**2~
DTM*472*20211030~
CAS*CO*150*80*2~
REF*6R*BVXP0014218534-6~
LQ*HE*N640~
SVC*NU>0306*216.62*0**0**3~
DTM*472*20211030~
CAS*CO*150*216.62*3~
REF*6R*BVXP0014218534-7~
LQ*HE*N640~
SVC*NU>0324*172*0**0**1~
DTM*472*20211030~
CAS*CO*150*172*1~
REF*6R*BVXP0014218534-8~
LQ*HE*N640~
SVC*NU>0730*100*0**0**1~
DTM*472*20211030~
CAS*CO*150*100*1~
REF*6R*BVXP0014218534-10~
LQ*HE*N640~
CLP*3007770490*1*6548.55*1616.71**13*220104E708480000*13*1~
NM1*QC*1*BARLAGE*CAROL*L***MI*MEBR0BNN~
NM1*82*2*BLANCHARD VALLEY HEALTH SYSTEM*****XX*1710920327~
REF*1L*441297-006~
REF*CE*MEDICARE (S02) PPO PLAN NET 03418~
DTM*232*20211228~
DTM*233*20211228~
DTM*050*20220104~
PER*CX**TE*8006240756~
AMT*AU*4900~
SVC*NU>0250*35.96*0**0**1~
DTM*472*20211228~
CAS*CO*97*35.96*1~
REF*6R*BVXP0014527491-1~
LQ*HE*N130~
SVC*NU>0250*67.32*0**0**4~
DTM*472*20211228~
CAS*CO*97*67.32*4~
REF*6R*BVXP0014527491-2~
LQ*HE*N130~
SVC*NU>0272*729*0**0**6~
DTM*472*20211228~
CAS*CO*97*729*6~
REF*6R*BVXP0014527491-3~
LQ*HE*N130~
SVC*HC>64636>50*588*0*0361*0**1~
DTM*472*20211228~
CAS*CO*97*588*1~
REF*6R*BVXP0014527491-4~
LQ*HE*N130~
SVC*HC>64635>50*4900*1616.71*0361*1~
DTM*472*20211228~
CAS*CO*45*3283.29~
REF*6R*BVXP0014527491-5~
AMT*B6*1616.71~
LQ*HE*N59~
SVC*HC>J1030*107.27*0*0636*0**2~
DTM*472*20211228~
CAS*CO*97*107.27*2~
REF*6R*BVXP0014527491-6~
LQ*HE*N130~
SVC*NU>0710*121*0**0**1~
DTM*472*20211228~
CAS*CO*97*121*1~
REF*6R*BVXP0014527491-7~
LQ*HE*N130~
CLP*3007784426*1*9405.2*2013.98*90*13*220106E596630000*13*1~
NM1*QC*1*COX*JESSE*G***MI*MEBN2NMG~
NM1*82*2*BLANCHARD VALLEY HEALTH SYSTEM*****XX*1710920327~
REF*1L*467094-012~
REF*CE*VALUE PPO NET 03418~
DTM*232*20211218~
DTM*233*20211220~
DTM*050*20220106~
PER*CX**TE*8006240756~
AMT*AU*1201~
SVC*NU>0250*14.26*0**0**1~
DTM*472*20211218~
CAS*CO*97*14.26*1~
REF*6R*BVXP0014541077-1~
LQ*HE*N130~
SVC*NU>0250*16.83*0**0**1~
DTM*472*20211218~
CAS*CO*97*16.83*1~
REF*6R*BVXP0014541077-2~
LQ*HE*N130~
SVC*NU>0250*71.3*0**0**5~
DTM*472*20211219~
CAS*CO*97*71.3*5~
REF*6R*BVXP0014541077-3~
LQ*HE*N130~
SVC*NU>0270*.01*0**0**1~
DTM*472*20211218~
CAS*CO*97*.01*1~
REF*6R*BVXP0014541077-4~
LQ*HE*N130~
SVC*HC>36415*19*0*0300*0**1~
DTM*472*20211218~
CAS*CO*97*19*1~
REF*6R*BVXP0014541077-5~
LQ*HE*N130~
SVC*HC>36415*19*0*0300*0**1~
DTM*472*20211219~
CAS*CO*97*19*1~
REF*6R*BVXP0014541077-6~
LQ*HE*N130~
SVC*HC>36415*19*0*0300*0**1~
DTM*472*20211220~
CAS*CO*97*19*1~
REF*6R*BVXP0014541077-7~
LQ*HE*N130~
SVC*HC>84484>91*67*0*0301*0**1~
DTM*472*20211218~
CAS*CO*97*67*1~
REF*6R*BVXP0014541077-8~
LQ*HE*N130~
SVC*HC>84484*67*0*0301*0**1~
DTM*472*20211218~
CAS*CO*97*67*1~
REF*6R*BVXP0014541077-9~
LQ*HE*N130~
SVC*HC>83874>91*77*0*0301*0**1~
DTM*472*20211218~
CAS*CO*97*77*1~
REF*6R*BVXP0014541077-10~
LQ*HE*N130~
SVC*HC>83874*77*0*0301*0**1~
DTM*472*20211218~
CAS*CO*97*77*1~
REF*6R*BVXP0014541077-11~
LQ*HE*N130~
SVC*HC>83735>91*25*0*0301*0**1~
DTM*472*20211218~
CAS*CO*97*25*1~
REF*6R*BVXP0014541077-12~
LQ*HE*N130~
SVC*HC>83735*25*0*0301*0**1~
DTM*472*20211218~
CAS*CO*97*25*1~
REF*6R*BVXP0014541077-13~
LQ*HE*N130~
SVC*HC>80048*115*0*0301*0**1~
DTM*472*20211218~
CAS*CO*97*115*1~
REF*6R*BVXP0014541077-14~
LQ*HE*N130~
SVC*HC>83735>91*75*0*0301*0**3~
DTM*472*20211219~
CAS*CO*97*75*3~
REF*6R*BVXP0014541077-15~
LQ*HE*N130~
SVC*HC>83735*25*0*0301*0**1~
DTM*472*20211219~
CAS*CO*97*25*1~
REF*6R*BVXP0014541077-16~
LQ*HE*N130~
SVC*HC>82962>91*14*0*0301*0**2~
DTM*472*20211219~
CAS*CO*97*14*2~
REF*6R*BVXP0014541077-17~
LQ*HE*N130~
SVC*HC>83735>91*25*0*0301*0**1~
DTM*472*20211220~
CAS*CO*97*25*1~
REF*6R*BVXP0014541077-18~
LQ*HE*N130~
SVC*HC>83735*25*0*0301*0**1~
DTM*472*20211220~
CAS*CO*97*25*1~
REF*6R*BVXP0014541077-19~
LQ*HE*N130~
SVC*HC>85730>91*39*0*0305*0**1~
DTM*472*20211218~
CAS*CO*97*39*1~
REF*6R*BVXP0014541077-20~
LQ*HE*N130~
SVC*HC>85730*39*0*0305*0**1~
DTM*472*20211218~
CAS*CO*97*39*1~
REF*6R*BVXP0014541077-21~
LQ*HE*N130~
SVC*HC>85610*27*0*0305*0**1~
DTM*472*20211218~
CAS*CO*97*27*1~
REF*6R*BVXP0014541077-22~
LQ*HE*N130~
SVC*HC>85379*143*0*0305*0**1~
DTM*472*20211218~
CAS*CO*97*143*1~
REF*6R*BVXP0014541077-23~
LQ*HE*N130~
SVC*HC>85049>XU*27*0*0305*0**1~
DTM*472*20211218~
CAS*CO*97*27*1~
REF*6R*BVXP0014541077-24~
LQ*HE*N130~
SVC*HC>85025*53*0*0305*0**1~
DTM*472*20211218~
CAS*CO*97*53*1~
REF*6R*BVXP0014541077-25~
LQ*HE*N130~
SVC*HC>85014>XU*6*0*0305*0**1~
DTM*472*20211218~
CAS*CO*97*6*1~
REF*6R*BVXP0014541077-26~
LQ*HE*N130~
SVC*HC>85730>91*78*0*0305*0**2~
DTM*472*20211219~
CAS*CO*97*78*2~
REF*6R*BVXP0014541077-27~
LQ*HE*N130~
SVC*HC>85730*39*0*0305*0**1~
DTM*472*20211219~
CAS*CO*97*39*1~
REF*6R*BVXP0014541077-28~
LQ*HE*N130~
SVC*HC>85025*53*0*0305*0**1~
DTM*472*20211219~
CAS*CO*97*53*1~
REF*6R*BVXP0014541077-29~
LQ*HE*N130~
SVC*HC>85730>91*78*0*0305*0**2~
DTM*472*20211220~
CAS*CO*97*78*2~
REF*6R*BVXP0014541077-30~
LQ*HE*N130~
SVC*HC>85730*39*0*0305*0**1~
DTM*472*20211220~
CAS*CO*97*39*1~
REF*6R*BVXP0014541077-31~
LQ*HE*N130~
SVC*HC>85025*53*0*0305*0**1~
DTM*472*20211220~
CAS*CO*97*53*1~
REF*6R*BVXP0014541077-32~
LQ*HE*N130~
SVC*HC>U0002>QW>CR*102.62*0*0306*0**1~
DTM*472*20211218~
CAS*CO*97*102.62*1~
REF*6R*BVXP0014541077-33~
LQ*HE*N130~
SVC*HC>71045*172*0*0324*0**1~
DTM*472*20211218~
CAS*CO*97*172*1~
REF*6R*BVXP0014541077-34~
LQ*HE*N130~
SVC*HC>71275>MH*1494*0*0352*0**1~
DTM*472*20211218~
CAS*CO*97*1494*1~
REF*6R*BVXP0014541077-35~
LQ*HE*N130~
SVC*HC>99285>25*1201*2013.98*0450*1~
DTM*472*20211218~
CAS*CO*45*-902.98~
CAS*PR*3*90~
REF*6R*BVXP0014541077-36~
AMT*B6*2103.98~
LQ*HE*N59~
SVC*HC>93306*1200*0*0480*0**1~
DTM*472*20211220~
CAS*CO*97*1200*1~
REF*6R*BVXP0014541077-37~
LQ*HE*N130~
SVC*HC>Q9967*39.45*0*0636*0**100~
DTM*472*20211218~
CAS*CO*97*39.45*100~
REF*6R*BVXP0014541077-38~
LQ*HE*N130~
SVC*HC>J1644*78.69*0*0636*0**25~
DTM*472*20211218~
CAS*CO*97*78.69*25~
REF*6R*BVXP0014541077-39~
LQ*HE*N130~
SVC*HC>J1644*16.83*0*0636*0**5~
DTM*472*20211218~
CAS*CO*97*16.83*5~
REF*6R*BVXP0014541077-40~
LQ*HE*N130~
SVC*HC>J0153*33.66*0*0636*0**12~
DTM*472*20211218~
CAS*CO*97*33.66*12~
REF*6R*BVXP0014541077-41~
LQ*HE*N130~
SVC*HC>J1644*78.69*0*0636*0**25~
DTM*472*20211219~
CAS*CO*97*78.69*25~
REF*6R*BVXP0014541077-42~
LQ*HE*N130~
SVC*HC>J1644*33.66*0*0636*0**10~
DTM*472*20211219~
CAS*CO*97*33.66*10~
REF*6R*BVXP0014541077-43~
LQ*HE*N130~
SVC*HC>J1644*16.83*0*0636*0**5~
DTM*472*20211220~
CAS*CO*97*16.83*5~
REF*6R*BVXP0014541077-44~
LQ*HE*N130~
SVC*HC>A9270>GY*4.46*0*0637*0**1~
DTM*472*20211218~
CAS*CO*97*4.46*1~
REF*6R*BVXP0014541077-45~
LQ*HE*N20~
SVC*HC>A9270>GY*7.38*0*0637*0**2~
DTM*472*20211219~
CAS*CO*97*7.38*2~
REF*6R*BVXP0014541077-46~
LQ*HE*N20~
SVC*HC>A9270>GY*4.46*0*0637*0**1~
DTM*472*20211219~
CAS*CO*97*4.46*1~
REF*6R*BVXP0014541077-47~
LQ*HE*N20~
SVC*HC>A9270>GY*1.7*0*0637*0**4~
DTM*472*20211219~
CAS*CO*97*1.7*4~
REF*6R*BVXP0014541077-48~
LQ*HE*N20~
SVC*HC>A9270>GY*1.7*0*0637*0**2~
DTM*472*20211219~
CAS*CO*97*1.7*2~
REF*6R*BVXP0014541077-49~
LQ*HE*N20~
SVC*HC>A9270>GY*7.38*0*0637*0**2~
DTM*472*20211219~
CAS*CO*97*7.38*2~
REF*6R*BVXP0014541077-50~
LQ*HE*N20~
SVC*HC>A9270>GY*7.38*0*0637*0**2~
DTM*472*20211219~
CAS*CO*97*7.38*2~
REF*6R*BVXP0014541077-51~
LQ*HE*N20~
SVC*HC>A9270>GY*8.92*0*0637*0**2~
DTM*472*20211219~
CAS*CO*97*8.92*2~
REF*6R*BVXP0014541077-52~
LQ*HE*N20~
SVC*HC>A9270>GY*8.92*0*0637*0**2~
DTM*472*20211219~
CAS*CO*97*8.92*2~
REF*6R*BVXP0014541077-53~
LQ*HE*N20~
SVC*HC>A9270>GY*4.46*0*0637*0**1~
DTM*472*20211219~
CAS*CO*97*4.46*1~
REF*6R*BVXP0014541077-54~
LQ*HE*N20~
SVC*HC>A9270>GY*3.69*0*0637*0**1~
DTM*472*20211220~
CAS*CO*97*3.69*1~
REF*6R*BVXP0014541077-55~
LQ*HE*N20~
SVC*HC>A9270>GY*4.46*0*0637*0**1~
DTM*472*20211220~
CAS*CO*97*4.46*1~
REF*6R*BVXP0014541077-56~
LQ*HE*N20~
SVC*HC>A9270>GY*.85*0*0637*0**2~
DTM*472*20211220~
CAS*CO*97*.85*2~
REF*6R*BVXP0014541077-57~
LQ*HE*N20~
SVC*HC>A9270>GY*.85*0*0637*0**1~
DTM*472*20211220~
CAS*CO*97*.85*1~
REF*6R*BVXP0014541077-58~
LQ*HE*N20~
SVC*HC>A9270>GY*3.69*0*0637*0**1~
DTM*472*20211220~
CAS*CO*97*3.69*1~
REF*6R*BVXP0014541077-59~
LQ*HE*N20~
SVC*HC>A9270>GY*3.69*0*0637*0**1~
DTM*472*20211220~
CAS*CO*97*3.69*1~
REF*6R*BVXP0014541077-60~
LQ*HE*N20~
SVC*HC>A9270>GY*4.46*0*0637*0**1~
DTM*472*20211220~
CAS*CO*97*4.46*1~
REF*6R*BVXP0014541077-61~
LQ*HE*N20~
SVC*HC>A9270>GY*4.46*0*0637*0**1~
DTM*472*20211220~
CAS*CO*97*4.46*1~
REF*6R*BVXP0014541077-62~
LQ*HE*N20~
SVC*HC>A9270>GY*4.46*0*0637*0**1~
DTM*472*20211220~
CAS*CO*97*4.46*1~
REF*6R*BVXP0014541077-63~
LQ*HE*N20~
SVC*HC>93005*100*0*0730*0**1~
DTM*472*20211218~
CAS*CO*97*100*1~
REF*6R*BVXP0014541077-64~
LQ*HE*N130~
SVC*HC>93005*100*0*0730*0**1~
DTM*472*20211219~
CAS*CO*97*100*1~
REF*6R*BVXP0014541077-65~
LQ*HE*N130~
SVC*HC>G0378*3200*0*0762*0**40~
DTM*472*20211218~
CAS*CO*97*3200*40~
REF*6R*BVXP0014541077-66~
LQ*HE*N130~
CLP*3005505189*1*186*0**13*220112E051350000*13*7~
NM1*QC*1*FRALEY*RANDALL****MI*MEBTRZ1X~
NM1*82*2*BLANCHARD VALLEY HEALTH SYSTEM*****XX*1710920327~
REF*G1*9802785~
REF*1L*467094-010~
REF*CE*VALUE PPO NET 03418~
DTM*232*20201012~
DTM*233*20201012~
DTM*050*20220112~
PER*CX**TE*8006240756~
SVC*HC>G0463>25*50*0*0761*0**1~
DTM*472*20201012~
CAS*OA*18*50*1~
REF*6R*BVXP0014571923-2~
LQ*HE*MA67~
LQ*HE*N522~
SVC*HC>G0463>27*105*0*0761*0**1~
DTM*472*20201012~
CAS*OA*18*105*1~
REF*6R*BVXP0014571923-3~
LQ*HE*MA67~
LQ*HE*N522~
SVC*HC>85610*31*0*0305*0**1~
DTM*472*20201012~
CAS*OA*18*31*1~
REF*6R*BVXP0014571923-1~
LQ*HE*MA67~
LQ*HE*N522~
CLP*3007812882*1*28574.98*13666.2**13*220112E175580000*13*1~
NM1*QC*1*LERMA*MICHAEL****MI*101320623000~
NM1*74*1******C*MEBND4JW~
NM1*82*2*BLANCHARD VALLEY HEALTH SYSTEM*****XX*1710920327~
REF*G1*2434328~
REF*1L*466853-124~
REF*CE*BP MEDICARE PPO ESA PLAN NET 03418~
DTM*232*20211202~
DTM*233*20211229~
DTM*050*20220112~
PER*CX**TE*8006240756~
AMT*AU*27074.71~
SVC*HC>80053*18*0*0301*0**1~
DTM*472*20211202~
CAS*CO*97*18*1~
REF*6R*BVXP0014569797-11~
LQ*HE*N130~
SVC*HC>85025*14*0*0305*0**1~
DTM*472*20211202~
CAS*CO*97*14*1~
REF*6R*BVXP0014569797-23~
LQ*HE*N130~
SVC*HC>96372>XU*133*0*0260*0**1~
DTM*472*20211202~
CAS*CO*97*133*1~
REF*6R*BVXP0014569797-6~
LQ*HE*N130~
SVC*NU>0272*63*0**0**2~
DTM*472*20211202~
CAS*CO*97*63*2~
REF*6R*BVXP0014569797-7~
LQ*HE*N130~
SVC*HC>36591*185*0*0300*0**1~
DTM*472*20211202~
CAS*CO*97*185*1~
REF*6R*BVXP0014569797-9~
LQ*HE*N130~
SVC*HC>96413*828*286.36*0335*1~
DTM*472*20211202~
CAS*CO*45*541.64~
REF*6R*BVXP0014569797-26~
AMT*B6*286.36~
LQ*HE*N59~
SVC*HC>J9271*20406.54*10550.8*0636*200~
DTM*472*20211202~
CAS*CO*45*9855.74~
REF*6R*BVXP0014569797-28~
AMT*B6*10550.8~
LQ*HE*N59~
SVC*HC>J1642*14.26*0*0636*0**5~
DTM*472*20211202~
CAS*CO*97*14.26*5~
REF*6R*BVXP0014569797-29~
LQ*HE*N130~
SVC*HC>J0897*5012.17*2542.68*0636*120~
DTM*472*20211202~
CAS*CO*45*2469.49~
REF*6R*BVXP0014569797-30~
AMT*B6*2542.68~
LQ*HE*N59~
SVC*NU>0250*38.15*0**0**1~
DTM*472*20211202~
CAS*CO*97*38.15*1~
REF*6R*BVXP0014569797-1~
LQ*HE*N130~
SVC*NU>0250*38.15*0**0**1~
DTM*472*20211202~
CAS*CO*97*38.15*1~
REF*6R*BVXP0014569797-2~
LQ*HE*N130~
SVC*NU>0250*28.52*0**0**2~
DTM*472*20211202~
CAS*CO*97*28.52*2~
REF*6R*BVXP0014569797-3~
LQ*HE*N130~
SVC*HC>84466*54*0*0301*0**1~
DTM*472*20211229~
CAS*CO*97*54*1~
REF*6R*BVXP0014569797-12~
LQ*HE*N130~
SVC*HC>84443*29*0*0301*0**1~
DTM*472*20211229~
CAS*CO*97*29*1~
REF*6R*BVXP0014569797-13~
LQ*HE*N130~
SVC*HC>83921*53*0*0301*0**1~
DTM*472*20211229~
CAS*CO*97*53*1~
REF*6R*BVXP0014569797-14~
LQ*HE*N130~
SVC*HC>83615*43*0*0301*0**1~
DTM*472*20211229~
CAS*CO*97*43*1~
REF*6R*BVXP0014569797-15~
LQ*HE*N130~
SVC*HC>83540*32*0*0301*0**1~
DTM*472*20211229~
CAS*CO*97*32*1~
REF*6R*BVXP0014569797-16~
LQ*HE*N130~
SVC*HC>83010*34*0*0301*0**1~
DTM*472*20211229~
CAS*CO*97*34*1~
REF*6R*BVXP0014569797-17~
LQ*HE*N130~
SVC*HC>82746*88*0*0301*0**1~
DTM*472*20211229~
CAS*CO*97*88*1~
REF*6R*BVXP0014569797-18~
LQ*HE*N130~
SVC*HC>82728*113*0*0301*0**1~
DTM*472*20211229~
CAS*CO*97*113*1~
REF*6R*BVXP0014569797-19~
LQ*HE*N130~
SVC*HC>82607*88*0*0301*0**1~
DTM*472*20211229~
CAS*CO*97*88*1~
REF*6R*BVXP0014569797-20~
LQ*HE*N130~
SVC*HC>80053*18*0*0301*0**1~
DTM*472*20211229~
CAS*CO*97*18*1~
REF*6R*BVXP0014569797-21~
LQ*HE*N130~
SVC*HC>86880*70*0*0302*0**1~
DTM*472*20211229~
CAS*CO*97*70*1~
REF*6R*BVXP0014569797-22~
LQ*HE*N130~
SVC*HC>85045*30*0*0305*0**1~
DTM*472*20211229~
CAS*CO*97*30*1~
REF*6R*BVXP0014569797-24~
LQ*HE*N130~
SVC*HC>85025*14*0*0305*0**1~
DTM*472*20211229~
CAS*CO*97*14*1~
REF*6R*BVXP0014569797-25~
LQ*HE*N130~
SVC*NU>0272*22*0**0**1~
DTM*472*20211229~
CAS*CO*97*22*1~
REF*6R*BVXP0014569797-8~
LQ*HE*N130~
SVC*HC>36591*185*0*0300*0**1~
DTM*472*20211229~
CAS*CO*97*185*1~
REF*6R*BVXP0014569797-10~
LQ*HE*N130~
SVC*HC>96413*828*286.36*0335*1~
DTM*472*20211229~
CAS*CO*45*541.64~
REF*6R*BVXP0014569797-27~
AMT*B6*286.36~
LQ*HE*N59~
SVC*HC>J1642*14.26*0*0636*0**5~
DTM*472*20211229~
CAS*CO*97*14.26*5~
REF*6R*BVXP0014569797-31~
LQ*HE*N130~
SVC*NU>0250*38.15*0**0**1~
DTM*472*20211229~
CAS*CO*97*38.15*1~
REF*6R*BVXP0014569797-4~
LQ*HE*N130~
SVC*NU>0250*42.78*0**0**3~
DTM*472*20211229~
CAS*CO*97*42.78*3~
REF*6R*BVXP0014569797-5~
LQ*HE*N130~
CLP*3007820609*1*715.01*192.07*20*13*220113E007910001*13*1~
NM1*QC*1*DAVIS*MARY*L***MI*MEBS7ZRY~
NM1*82*2*BLANCHARD VALLEY HEALTH SYSTEM*****XX*1710920327~
REF*1L*464153-056~
REF*CE*MEDICARE (P01) ESA PPO PLAN NET 03418~
DTM*232*20211229~
DTM*233*20211229~
DTM*050*20220113~
PER*CX**TE*8006240756~
AMT*AU*715~
SVC*HC>G1004*.01*0*0619*0**1~
DTM*472*20211229~
CAS*CO*97*.01*1~
REF*6R*BVXP0014577819-2~
LQ*HE*N19~
SVC*HC>70551>MG*715*192.07*0611*1~
DTM*472*20211229~
CAS*CO*45*502.93~
CAS*PR*3*20~
REF*6R*BVXP0014577819-1~
AMT*B6*212.07~
LQ*HE*N59~
CLP*3007751139*1*16225.14*6464.11*385*13*220113E007950000*11*1**177*1.8491~
NM1*QC*1*ELCHERT*ELAINE*K***MI*MEBS944W~
NM1*82*2*BLANCHARD VALLEY HEALTH SYSTEM*****XX*1710920327~
REF*G1*2901017~
REF*1L*467094-012~
REF*CE*VALUE PPO NET 03418~
DTM*232*20211209~
DTM*233*20211210~
DTM*050*20220113~
PER*CX**TE*8006240756~
AMT*AU*1052~
SVC*NU>0121*1052*6464.11**1~
DTM*150*20211209~
DTM*151*20211210~
CAS*CO*45*-5797.11~
CAS*PR*3*385~
REF*6R*BVXP0014513470-1~
AMT*B6*6849.11~
SVC*NU>0260*1972*0**0**34~
DTM*150*20211209~
DTM*151*20211210~
CAS*CO*97*1972*34~
REF*6R*BVXP0014513470-4~
LQ*HE*M2~
SVC*NU>0270*.01*0**0**1~
DTM*150*20211209~
DTM*151*20211210~
CAS*CO*97*.01*1~
REF*6R*BVXP0014513470-5~
LQ*HE*M2~
SVC*NU>0272*192.5*0**0**1~
DTM*150*20211209~
DTM*151*20211210~
CAS*CO*97*192.5*1~
REF*6R*BVXP0014513470-6~
LQ*HE*M2~
SVC*NU>0410*145*0**0**1~
DTM*150*20211209~
DTM*151*20211210~
CAS*CO*97*145*1~
REF*6R*BVXP0014513470-15~
LQ*HE*M2~
SVC*NU>0450*3110*0**0**5~
DTM*150*20211209~
DTM*151*20211210~
CAS*CO*97*3110*5~
REF*6R*BVXP0014513470-17~
LQ*HE*M2~
SVC*NU>0762*2107*0**0**49~
DTM*150*20211209~
DTM*151*20211210~
CAS*CO*97*2107*49~
REF*6R*BVXP0014513470-22~
LQ*HE*M2~
SVC*NU>0250*1999.18*0**0**322~
DTM*150*20211209~
DTM*151*20211210~
CAS*CO*97*1999.18*322~
REF*6R*BVXP0014513470-2~
LQ*HE*M2~
SVC*NU>0250*85.33*0**0**61~
DTM*150*20211209~
DTM*151*20211210~
CAS*CO*97*85.33*61~
REF*6R*BVXP0014513470-20~
LQ*HE*M2~
SVC*NU>0250*95.73*0**0**12~
DTM*150*20211209~
DTM*151*20211210~
CAS*CO*97*95.73*12~
REF*6R*BVXP0014513470-19~
LQ*HE*M2~
SVC*NU>0258*38.15*0**0**1~
DTM*150*20211209~
DTM*151*20211210~
CAS*CO*97*38.15*1~
REF*6R*BVXP0014513470-3~
LQ*HE*M2~
SVC*NU>0300*76*0**0**4~
DTM*150*20211209~
DTM*151*20211210~
CAS*CO*97*76*4~
REF*6R*BVXP0014513470-7~
LQ*HE*M2~
SVC*NU>0301*1614*0**0**35~
DTM*150*20211209~
DTM*151*20211210~
CAS*CO*97*1614*35~
REF*6R*BVXP0014513470-8~
LQ*HE*M2~
SVC*NU>0302*210*0**0**2~
DTM*150*20211209~
DTM*151*20211210~
CAS*CO*97*210*2~
REF*6R*BVXP0014513470-9~
LQ*HE*M2~
SVC*NU>0305*578*0**0**8~
DTM*150*20211209~
DTM*151*20211210~
CAS*CO*97*578*8~
REF*6R*BVXP0014513470-10~
LQ*HE*M2~
SVC*NU>0306*275.24*0**0**3~
DTM*150*20211209~
DTM*151*20211210~
CAS*CO*97*275.24*3~
REF*6R*BVXP0014513470-11~
LQ*HE*M2~
SVC*NU>0307*25*0**0**1~
DTM*150*20211209~
DTM*151*20211210~
CAS*CO*97*25*1~
REF*6R*BVXP0014513470-12~
LQ*HE*M2~
SVC*NU>0324*516*0**0**3~
DTM*150*20211209~
DTM*151*20211210~
CAS*CO*97*516*3~
REF*6R*BVXP0014513470-13~
LQ*HE*M2~
SVC*NU>0352*1494*0**0**1~
DTM*150*20211209~
DTM*151*20211210~
CAS*CO*97*1494*1~
REF*6R*BVXP0014513470-14~
LQ*HE*M2~
SVC*NU>0420*300*0**0**2~
DTM*150*20211209~
DTM*151*20211210~
CAS*CO*97*300*2~
REF*6R*BVXP0014513470-16~
LQ*HE*M2~
SVC*NU>0460*140*0**0**1~
DTM*150*20211209~
DTM*151*20211210~
CAS*CO*97*140*1~
REF*6R*BVXP0014513470-18~
LQ*HE*M2~
SVC*NU>0730*200*0**0**2~
DTM*150*20211209~
DTM*151*20211210~
CAS*CO*97*200*2~
REF*6R*BVXP0014513470-21~
LQ*HE*M2~
CLP*3007820345*1*4716.44*2027.37*91.7*13*220113E091740000*13*7~
NM1*QC*1*BUSHNELL*DENNIS*L***MI*MEBMNBHB~
NM1*82*2*BLANCHARD VALLEY HEALTH SYSTEM*****XX*1710920327~
REF*1L*467094-012~
REF*CE*VALUE PPO NET 03418~
DTM*232*20210926~
DTM*233*20210926~
DTM*050*20220113~
PER*CX**TE*8006240756~
AMT*AU*1276~
SVC*NU>0250*85.56*0**0**6~
DTM*472*20210926~
CAS*CO*97*85.56*6~
REF*6R*BVXP0014577178-1~
LQ*HE*MA67~
LQ*HE*N130~
SVC*NU>0250*26.93*0**0**1~
DTM*472*20210926~
CAS*CO*97*26.93*1~
REF*6R*BVXP0014577178-2~
LQ*HE*MA67~
LQ*HE*N130~
SVC*HC>36415*19*0*0300*0**1~
DTM*472*20210926~
CAS*CO*97*19*1~
REF*6R*BVXP0014577178-3~
LQ*HE*MA67~
LQ*HE*N130~
SVC*HC>84484>91*134*0*0301*0**2~
DTM*472*20210926~
CAS*CO*97*134*2~
REF*6R*BVXP0014577178-4~
LQ*HE*MA67~
LQ*HE*N130~
SVC*HC>84484*67*0*0301*0**1~
DTM*472*20210926~
CAS*CO*97*67*1~
REF*6R*BVXP0014577178-5~
LQ*HE*MA67~
LQ*HE*N130~
SVC*HC>84443*88*0*0301*0**1~
DTM*472*20210926~
CAS*CO*97*88*1~
REF*6R*BVXP0014577178-6~
LQ*HE*MA67~
LQ*HE*N130~
SVC*HC>84100*20*0*0301*0**1~
DTM*472*20210926~
CAS*CO*97*20*1~
REF*6R*BVXP0014577178-7~
LQ*HE*MA67~
LQ*HE*N130~
SVC*HC>83880*78*0*0301*0**1~
DTM*472*20210926~
CAS*CO*97*78*1~
REF*6R*BVXP0014577178-8~
LQ*HE*MA67~
LQ*HE*N130~
SVC*HC>83874>91*154*0*0301*0**2~
DTM*472*20210926~
CAS*CO*97*154*2~
REF*6R*BVXP0014577178-9~
LQ*HE*MA67~
LQ*HE*N130~
SVC*HC>83874*77*0*0301*0**1~
DTM*472*20210926~
CAS*CO*97*77*1~
REF*6R*BVXP0014577178-10~
LQ*HE*MA67~
LQ*HE*N130~
SVC*HC>83735*25*0*0301*0**1~
DTM*472*20210926~
CAS*CO*97*25*1~
REF*6R*BVXP0014577178-11~
LQ*HE*MA67~
LQ*HE*N130~
SVC*HC>80061*75*0*0301*1~
DTM*472*20210926~
CAS*CO*45*61.61~
CAS*PR*3*13.39~
REF*6R*BVXP0014577178-12~
AMT*B6*13.39~
LQ*HE*MA67~
SVC*HC>80048*115*0*0301*0**1~
DTM*472*20210926~
CAS*CO*97*115*1~
REF*6R*BVXP0014577178-13~
LQ*HE*MA67~
LQ*HE*N130~
SVC*HC>85730>91*117*0*0305*0**3~
DTM*472*20210926~
CAS*CO*97*117*3~
REF*6R*BVXP0014577178-14~
LQ*HE*MA67~
LQ*HE*N130~
SVC*HC>85610>91*27*0*0305*0**1~
DTM*472*20210926~
CAS*CO*97*27*1~
REF*6R*BVXP0014577178-15~
LQ*HE*MA67~
LQ*HE*N130~
SVC*HC>85610*27*0*0305*0**1~
DTM*472*20210926~
CAS*CO*97*27*1~
REF*6R*BVXP0014577178-16~
LQ*HE*MA67~
LQ*HE*N130~
SVC*HC>85049>XU*27*0*0305*0**1~
DTM*472*20210926~
CAS*CO*97*27*1~
REF*6R*BVXP0014577178-17~
LQ*HE*MA67~
LQ*HE*N130~
SVC*HC>85025*53*0*0305*0**1~
DTM*472*20210926~
CAS*CO*97*53*1~
REF*6R*BVXP0014577178-18~
LQ*HE*MA67~
LQ*HE*N130~
SVC*HC>85014>XU*6*0*0305*0**1~
DTM*472*20210926~
CAS*CO*97*6*1~
REF*6R*BVXP0014577178-19~
LQ*HE*MA67~
LQ*HE*N130~
SVC*HC>87641*96*0*0306*0**1~
DTM*472*20210926~
CAS*CO*97*96*1~
REF*6R*BVXP0014577178-20~
LQ*HE*MA67~
LQ*HE*N130~
SVC*HC>81001*25*0*0307*0**1~
DTM*472*20210926~
CAS*CO*97*25*1~
REF*6R*BVXP0014577178-21~
LQ*HE*MA67~
LQ*HE*N130~
SVC*HC>71045*172*0*0324*0**1~
DTM*472*20210926~
CAS*CO*97*172*1~
REF*6R*BVXP0014577178-22~
LQ*HE*MA67~
LQ*HE*N130~
SVC*HC>99285>25*1201*2027.37*0450*1~
DTM*472*20210926~
CAS*CO*45*-902.98~
CAS*PR*3*76.61~
REF*6R*BVXP0014577178-23~
AMT*B6*2103.98~
LQ*HE*N59~
SVC*HC>96374*325*0*0450*0**1~
DTM*472*20210926~
CAS*CO*97*325*1~
REF*6R*BVXP0014577178-24~
LQ*HE*MA67~
LQ*HE*N130~
SVC*HC>J1644*47.56*0*0636*0**10~
DTM*472*20210926~
CAS*CO*97*47.56*10~
REF*6R*BVXP0014577178-25~
LQ*HE*MA67~
LQ*HE*N130~
SVC*HC>J1644*78.69*0*0636*0**25~
DTM*472*20210926~
CAS*CO*97*78.69*25~
REF*6R*BVXP0014577178-26~
LQ*HE*MA67~
LQ*HE*N130~
SVC*HC>J9999>GY*27.54*0*0637*0*HC>A9270>GY*1~
DTM*472*20210926~
CAS*CO*97*27.54*1~
REF*6R*BVXP0014577178-27~
LQ*HE*MA67~
LQ*HE*N130~
SVC*HC>A9270>GY*.85*0*0637*0**1~
DTM*472*20210926~
CAS*PR*96*.85*1~
REF*6R*BVXP0014577178-28~
LQ*HE*MA67~
LQ*HE*N130~
SVC*HC>J9999>GY*4.46*0*0637*0*HC>A9270>GY*1~
DTM*472*20210926~
CAS*CO*97*4.46*1~
REF*6R*BVXP0014577178-29~
LQ*HE*MA67~
LQ*HE*N130~
SVC*HC>A9270>GY*.85*0*0637*0**1~
DTM*472*20210926~
CAS*PR*96*.85*1~
REF*6R*BVXP0014577178-30~
LQ*HE*MA67~
LQ*HE*N130~
SVC*HC>93005*100*0*0730*0**1~
DTM*472*20210926~
CAS*CO*97*100*1~
REF*6R*BVXP0014577178-31~
LQ*HE*MA67~
LQ*HE*N130~
SVC*HC>G0378*1416*0*0762*0**12~
DTM*472*20210926~
CAS*CO*97*1416*12~
REF*6R*BVXP0014577178-32~
LQ*HE*MA67~
LQ*HE*N130~
CLP*3007820454*1*54*13.56**13*220113E175460001*13*1~
NM1*QC*1*PATUTO*MARY*A***MI*MEBD30BV~
NM1*74*1*SHANABROOK~
NM1*82*2*BLANCHARD VALLEY HEALTH SYSTEM*****XX*1710920327~
REF*1L*455716-056~
REF*CE*STRS PPO PLAN NET 03418~
DTM*232*20211229~
DTM*233*20211229~
DTM*050*20220113~
PER*CX**TE*8006240756~
AMT*AU*37~
SVC*HC>83036*17*0*0301*0**1~
DTM*472*20211229~
CAS*CO*96*17*1~
REF*6R*BVXP0014577811-2~
LQ*HE*N115~
SVC*HC>80053*18*10.56*0301*1~
DTM*472*20211229~
CAS*CO*45*7.44~
REF*6R*BVXP0014577811-3~
AMT*B6*10.56~
LQ*HE*N59~
SVC*HC>36415*19*3*0300*1~
DTM*472*20211229~
CAS*CO*45*16~
REF*6R*BVXP0014577811-1~
AMT*B6*3~
LQ*HE*N59~
CLP*3007828502*1*2669.46*466.91*75*13*220113E231510000*13*1~
NM1*QC*1*ORWICK*LARRY*F***MI*MEBD4R3X~
NM1*82*2*BLANCHARD VALLEY HEALTH SYSTEM*****XX*1710920327~
REF*1L*455716-056~
REF*CE*STRS PPO PLAN NET 03418~
DTM*232*20211226~
DTM*233*20211226~
DTM*050*20220113~
PER*CX**TE*8006240756~
AMT*AU*1652~
SVC*HC>73552>LT*207*0*0320*0**1~
DTM*472*20211226~
CAS*CO*97*207*1~
REF*6R*BVXP0014586004-1~
LQ*HE*N130~
SVC*HC>72192>MH*806*206.72*0352*1~
DTM*472*20211226~
CAS*CO*45*599.28~
REF*6R*BVXP0014586004-2~
AMT*B6*206.72~
LQ*HE*N59~
SVC*HC>72131>MH*806*0*0352*0**1~
DTM*472*20211226~
CAS*CO*97*806*1~
REF*6R*BVXP0014586004-3~
LQ*HE*N130~
SVC*HC>99284>25*846*260.19*0450*1~
DTM*472*20211226~
CAS*CO*45*510.81~
CAS*PR*3*75~
REF*6R*BVXP0014586004-4~
AMT*B6*335.19~
LQ*HE*N59~
SVC*HC>J9999>GY*4.46*0*0637*0*HC>A9270>GY*1~
DTM*472*20211226~
CAS*CO*97*4.46*1~
REF*6R*BVXP0014586004-5~
LQ*HE*N130~
CLP*3007828367*1*352*111.57**13*220113E231520001*13*1~
NM1*QC*1*CANNON*STARLEY****MI*MEBTLS2F~
NM1*82*2*BLANCHARD VALLEY HEALTH SYSTEM*****XX*1710920327~
REF*1L*461872-073~
REF*CE*MEDICARE (P01) ESA PPO PLAN NET 03418~
DTM*232*20211230~
DTM*233*20211230~
DTM*050*20220113~
PER*CX**TE*8006240756~
AMT*AU*352~
SVC*HC>77067*236*88.31*0403*1~
DTM*472*20211230~
CAS*CO*45*147.69~
REF*6R*BVXP0014586187-1~
AMT*B6*88.31~
LQ*HE*N59~
SVC*HC>77063*116*23.26*0403*1~
DTM*472*20211230~
CAS*CO*45*92.74~
REF*6R*BVXP0014586187-2~
AMT*B6*23.26~
LQ*HE*N59~
CLP*3007828212*1*352*111.57**13*220113E260080001*13*1~
NM1*QC*1*BECK*DELMA*J***MI*MEBKCJ8F~
NM1*82*2*BLANCHARD VALLEY HEALTH SYSTEM*****XX*1710920327~
REF*1L*455716-056~
REF*CE*STRS PPO PLAN NET 03418~
DTM*232*20211230~
DTM*233*20211230~
DTM*050*20220113~
PER*CX**TE*8006240756~
AMT*AU*352~
SVC*HC>77067*236*88.31*0403*1~
DTM*472*20211230~
CAS*CO*45*147.69~
REF*6R*BVXP0014586184-1~
AMT*B6*88.31~
LQ*HE*N59~
SVC*HC>77063*116*23.26*0403*1~
DTM*472*20211230~
CAS*CO*45*92.74~
REF*6R*BVXP0014586184-2~
AMT*B6*23.26~
LQ*HE*N59~
CLP*3007828306*1*3947.56*730.37*90*13*220113E260090000*13*1~
NM1*QC*1*PATTERSON*ESTELLA*P***MI*MEBNSH0S~
NM1*82*2*BLANCHARD VALLEY HEALTH SYSTEM*****XX*1710920327~
REF*1L*467094-012~
REF*CE*VALUE PPO NET 03418~
DTM*232*20211127~
DTM*233*20211127~
DTM*050*20220113~
PER*CX**TE*8006240756~
AMT*AU*3778~
SVC*NU>0250*14.26*0**0**1~
DTM*472*20211127~
CAS*CO*97*14.26*1~
REF*6R*BVXP0014585684-1~
LQ*HE*N130~
SVC*NU>0250*16.83*0**0**1~
DTM*472*20211127~
CAS*CO*97*16.83*1~
REF*6R*BVXP0014585684-2~
LQ*HE*N130~
SVC*NU>0270*.01*0**0**1~
DTM*472*20211127~
CAS*CO*97*.01*1~
REF*6R*BVXP0014585684-3~
LQ*HE*N130~
SVC*HC>36415*19*0*0300*0**1~
DTM*472*20211127~
CAS*CO*97*19*1~
REF*6R*BVXP0014585684-4~
LQ*HE*N130~
SVC*HC>85730*39*0*0305*0**1~
DTM*472*20211127~
CAS*CO*97*39*1~
REF*6R*BVXP0014585684-5~
LQ*HE*N130~
SVC*HC>85610*27*0*0305*0**1~
DTM*472*20211127~
CAS*CO*97*27*1~
REF*6R*BVXP0014585684-6~
LQ*HE*N130~
SVC*HC>85025*14*0*0305*0**1~
DTM*472*20211127~
CAS*CO*97*14*1~
REF*6R*BVXP0014585684-7~
LQ*HE*N130~
SVC*HC>74174>MG*2577*339.23*0352*1~
DTM*472*20211127~
CAS*CO*45*2237.77~
REF*6R*BVXP0014585684-8~
AMT*B6*339.23~
LQ*HE*N59~
SVC*HC>G1004*.01*0*0359*0**1~
DTM*472*20211127~
CAS*CO*97*.01*1~
REF*6R*BVXP0014585684-9~
LQ*HE*N19~
SVC*HC>99285>25*1201*391.14*0450*1~
DTM*472*20211127~
CAS*CO*45*719.86~
CAS*PR*3*90~
REF*6R*BVXP0014585684-10~
AMT*B6*481.14~
LQ*HE*N59~
LQ*HE*N783~
SVC*HC>Q9967*39.45*0*0636*0**100~
DTM*472*20211127~
CAS*CO*97*39.45*100~
REF*6R*BVXP0014585684-11~
LQ*HE*N130~
CLP*3007828877*1*960*96.4*4.02*13*220113E289790001*13*1~
NM1*QC*1*HINKLE*HAROLD****MI*MEBF17NT~
NM1*82*2*BLANCHARD VALLEY HEALTH SYSTEM*****XX*1710920327~
REF*1L*455716-056~
REF*CE*STRS PPO PLAN NET 03418~
DTM*232*20211230~
DTM*233*20211230~
DTM*050*20220113~
PER*CX**TE*8006240756~
AMT*AU*471~
SVC*HC>72114*471*96.4*0320*1~
DTM*472*20211230~
CAS*CO*45*370.58~
CAS*PR*2*4.02~
REF*6R*BVXP0014586183-1~
AMT*B6*100.42~
LQ*HE*N59~
SVC*HC>72072*489*0*0320*0**1~
DTM*472*20211230~
CAS*CO*97*489*1~
REF*6R*BVXP0014586183-2~
LQ*HE*N130~
CLP*3007828257*1*4151*2450.15**13*220113E318970000*13*1~
NM1*QC*1*SCHLICK*JEROME*F***MI*MEBHN74F~
NM1*82*2*BLANCHARD VALLEY HEALTH SYSTEM*****XX*1710920327~
REF*1L*455716-056~
REF*CE*STRS PPO PLAN NET 03418~
DTM*232*20211130~
DTM*233*20211130~
DTM*050*20220113~
PER*CX**TE*8006240756~
AMT*AU*4151~
SVC*HC>77334*1152*936.3*0333*3~
DTM*472*20211130~
CAS*CO*45*215.7~
REF*6R*BVXP0014585700-1~
AMT*B6*936.3~
LQ*HE*N59~
SVC*HC>77300*738*350.73*0333*3~
DTM*472*20211130~
CAS*CO*45*387.27~
REF*6R*BVXP0014585700-2~
AMT*B6*350.73~
LQ*HE*N59~
SVC*HC>77295*2261*1163.12*0333*1~
DTM*472*20211130~
CAS*CO*45*1097.88~
REF*6R*BVXP0014585700-3~
AMT*B6*1163.12~
LQ*HE*N59~
CLP*3007828220*1*17278.85*4800.73**13*220113E348960000*11*1**392*.7658~
NM1*QC*1*WEININGER*RUTH****MI*MEBD7LDR~
NM1*82*2*BLANCHARD VALLEY HEALTH SYSTEM*****XX*1710920327~
REF*G1*2675267~
REF*1L*455716-056~
REF*CE*STRS PPO PLAN NET 03418~
DTM*232*20211109~
DTM*233*20211114~
DTM*050*20220113~
PER*CX**TE*8006240756~
AMT*AU*5260~
SVC*NU>0121*5260*4800.73**5~
DTM*150*20211109~
DTM*151*20211114~
CAS*CO*45*459.27~
REF*6R*BVXP0014585642-1~
AMT*B6*4800.73~
SVC*NU>0270*.01*0**0**1~
DTM*150*20211109~
DTM*151*20211114~
CAS*CO*97*.01*1~
REF*6R*BVXP0014585642-3~
LQ*HE*M2~
SVC*NU>0450*2190*0**0**11~
DTM*150*20211109~
DTM*151*20211114~
CAS*CO*97*2190*11~
REF*6R*BVXP0014585642-14~
LQ*HE*M2~
SVC*NU>0250*2567.22*0**0**522~
DTM*150*20211109~
DTM*151*20211114~
CAS*CO*97*2567.22*522~
REF*6R*BVXP0014585642-2~
LQ*HE*M2~
SVC*NU>0300*83*0**0**5~
DTM*150*20211109~
DTM*151*20211114~
CAS*CO*97*83*5~
REF*6R*BVXP0014585642-4~
LQ*HE*M2~
SVC*NU>0301*1289*0**0**30~
DTM*150*20211109~
DTM*151*20211114~
CAS*CO*97*1289*30~
REF*6R*BVXP0014585642-5~
LQ*HE*M2~
SVC*NU>0302*105*0**0**1~
DTM*150*20211109~
DTM*151*20211114~
CAS*CO*97*105*1~
REF*6R*BVXP0014585642-6~
LQ*HE*M2~
SVC*NU>0305*440*0**0**9~
DTM*150*20211109~
DTM*151*20211114~
CAS*CO*97*440*9~
REF*6R*BVXP0014585642-7~
LQ*HE*M2~
SVC*NU>0306*632.62*0**0**12~
DTM*150*20211109~
DTM*151*20211114~
CAS*CO*97*632.62*12~
REF*6R*BVXP0014585642-8~
LQ*HE*M2~
SVC*NU>0307*25*0**0**1~
DTM*150*20211109~
DTM*151*20211114~
CAS*CO*97*25*1~
REF*6R*BVXP0014585642-9~
LQ*HE*M2~
SVC*NU>0352*3437*0**0**1~
DTM*150*20211109~
DTM*151*20211114~
CAS*CO*97*3437*1~
REF*6R*BVXP0014585642-10~
LQ*HE*M2~
SVC*NU>0420*218*0**0**2~
DTM*150*20211109~
DTM*151*20211114~
CAS*CO*97*218*2~
REF*6R*BVXP0014585642-11~
LQ*HE*M2~
SVC*NU>0421*55*0**0**1~
DTM*150*20211109~
DTM*151*20211114~
CAS*CO*97*55*1~
REF*6R*BVXP0014585642-12~
LQ*HE*M2~
SVC*NU>0430*237*0**0**2~
DTM*150*20211109~
DTM*151*20211114~
CAS*CO*97*237*2~
REF*6R*BVXP0014585642-13~
LQ*HE*M2~
SVC*NU>0612*740*0**0**1~
DTM*150*20211109~
DTM*151*20211114~
CAS*CO*97*740*1~
REF*6R*BVXP0014585642-15~
LQ*HE*M2~
CLP*3007828719*1*2946.24*778.4*90*13*220113E348980000*13*1~
NM1*QC*1*FLICKINGER*JAMES*L***MI*MEBTN4YM~
NM1*82*2*BLANCHARD VALLEY HEALTH SYSTEM*****XX*1710920327~
REF*1L*467094-012~
REF*CE*VALUE PPO NET 03418~
DTM*232*20211224~
DTM*233*20211225~
DTM*050*20220113~
PER*CX**TE*8006240756~
AMT*AU*2181.41~
SVC*NU>0250*38.15*0**0**1~
DTM*472*20211224~
CAS*CO*97*38.15*1~
REF*6R*BVXP0014585951-1~
LQ*HE*N130~
SVC*NU>0250*14.26*0**0**1~
DTM*472*20211224~
CAS*CO*97*14.26*1~
REF*6R*BVXP0014585951-2~
LQ*HE*N130~
SVC*NU>0250*5.94*0**0**1~
DTM*472*20211225~
CAS*CO*97*5.94*1~
REF*6R*BVXP0014585951-3~
LQ*HE*N130~
SVC*HC>74018*384*0*0320*0**1~
DTM*472*20211224~
CAS*CO*97*384*1~
REF*6R*BVXP0014585951-4~
LQ*HE*N130~
SVC*HC>71045*172*74.55*0324*1~
DTM*472*20211224~
CAS*CO*45*97.45~
REF*6R*BVXP0014585951-5~
AMT*B6*74.55~
LQ*HE*N59~
SVC*HC>99283>25*491*123.42*0450*1~
DTM*472*20211224~
CAS*CO*45*277.58~
CAS*PR*3*90~
REF*6R*BVXP0014585951-6~
AMT*B6*213.42~
LQ*HE*N59~
SVC*HC>96375*405*184.3*0450*5~
DTM*472*20211224~
CAS*CO*45*220.7~
REF*6R*BVXP0014585951-7~
AMT*B6*184.3~
LQ*HE*N59~
SVC*HC>96374*325*187.53*0450*1~
DTM*472*20211224~
CAS*CO*45*137.47~
REF*6R*BVXP0014585951-8~
AMT*B6*187.53~
LQ*HE*N59~
SVC*HC>96361*58*36.86*0450*1~
DTM*472*20211224~
CAS*CO*45*21.14~
REF*6R*BVXP0014585951-9~
AMT*B6*36.86~
LQ*HE*N59~
SVC*HC>J2765*35.21*0*0636*0**1~
DTM*472*20211224~
CAS*CO*97*35.21*1~
REF*6R*BVXP0014585951-10~
LQ*HE*N130~
SVC*HC>J2405*16.83*0*0636*0**4~
DTM*472*20211224~
CAS*CO*97*16.83*4~
REF*6R*BVXP0014585951-11~
LQ*HE*N130~
SVC*HC>J1885*16.83*0*0636*0**2~
DTM*472*20211224~
CAS*CO*97*16.83*2~
REF*6R*BVXP0014585951-12~
LQ*HE*N130~
SVC*HC>J1610*730.41*171.74*0636*1~
DTM*472*20211224~
CAS*CO*45*558.67~
REF*6R*BVXP0014585951-13~
AMT*B6*171.74~
LQ*HE*N59~
SVC*HC>C9113*35.96*0*0636*0**1~
DTM*472*20211224~
CAS*CO*97*35.96*1~
REF*6R*BVXP0014585951-14~
LQ*HE*N130~
SVC*HC>J9999>GY*115.65*0*0637*0*HC>A9270>GY*1~
DTM*472*20211224~
CAS*CO*97*115.65*1~
REF*6R*BVXP0014585951-15~
LQ*HE*N130~
SVC*HC>J9999>GY*2*0*0637*0*HC>A9270>GY*1~
DTM*472*20211225~
CAS*CO*97*2*1~
REF*6R*BVXP0014585951-16~
LQ*HE*N130~
SVC*HC>93005*100*0*0730*0**1~
DTM*472*20211224~
CAS*CO*97*100*1~
REF*6R*BVXP0014585951-17~
LQ*HE*N130~
CLP*3007828146*1*392*66.74*80*13*220114E008190000*13*1~
NM1*QC*1*FERNANDEZ*JOYCE****MI*101265321800~
NM1*74*1******C*MEBVWQTD~
NM1*82*2*BLANCHARD VALLEY HEALTH SYSTEM*****XX*1710920327~
REF*1L*467094-012~
REF*CE*VALUE PPO NET 03418~
DTM*232*20211011~
DTM*233*20211013~
DTM*050*20220114~
PER*CX**TE*8006240756~
AMT*AU*392~
SVC*HC>97110>GP*128*12.03*0420*2~
DTM*472*20211011~
CAS*CO*45*75.97~
CAS*PR*3*40~
REF*6R*BVXP0014585608-1~
AMT*B6*52.03~
LQ*HE*N59~
SVC*HC>97140>GP*68*21.34*0421*1~
DTM*472*20211011~
CAS*CO*45*46.66~
REF*6R*BVXP0014585608-3~
AMT*B6*21.34~
LQ*HE*N59~
SVC*HC>97110>GP*128*12.03*0420*2~
DTM*472*20211013~
CAS*CO*45*75.97~
CAS*PR*3*40~
REF*6R*BVXP0014585608-2~
AMT*B6*52.03~
LQ*HE*N59~
SVC*HC>97140>GP*68*21.34*0421*1~
DTM*472*20211013~
CAS*CO*45*46.66~
REF*6R*BVXP0014585608-4~
AMT*B6*21.34~
LQ*HE*N59~
CLP*3007820853*1*4569.79*926.25*75*13*220114E108730000*13*1~
NM1*QC*1*FLICK*ETHELYN****MI*MEBD4QBT~
NM1*82*2*BLANCHARD VALLEY HEALTH SYSTEM*****XX*1710920327~
REF*1L*455716-056~
REF*CE*STRS PPO PLAN NET 03418~
DTM*232*20211222~
DTM*233*20211222~
DTM*050*20220114~
PER*CX**TE*8006240756~
AMT*AU*2612.62~
SVC*NU>0250*38.15*0**0**1~
DTM*472*20211222~
CAS*CO*97*38.15*1~
REF*6R*BVXP0014577507-1~
LQ*HE*N130~
SVC*HC>84484*67*0*0301*0**1~
DTM*472*20211222~
CAS*CO*97*67*1~
REF*6R*BVXP0014577507-2~
LQ*HE*N130~
SVC*HC>84443*88*0*0301*0**1~
DTM*472*20211222~
CAS*CO*97*88*1~
REF*6R*BVXP0014577507-3~
LQ*HE*N130~
SVC*HC>83880*78*0*0301*0**1~
DTM*472*20211222~
CAS*CO*97*78*1~
REF*6R*BVXP0014577507-4~
LQ*HE*N130~
SVC*HC>83874*77*0*0301*0**1~
DTM*472*20211222~
CAS*CO*97*77*1~
REF*6R*BVXP0014577507-5~
LQ*HE*N130~
SVC*HC>83735*25*0*0301*0**1~
DTM*472*20211222~
CAS*CO*97*25*1~
REF*6R*BVXP0014577507-6~
LQ*HE*N130~
SVC*HC>83690*95*0*0301*0**1~
DTM*472*20211222~
CAS*CO*97*95*1~
REF*6R*BVXP0014577507-7~
LQ*HE*N130~
SVC*HC>83605*63*0*0301*0**1~
DTM*472*20211222~
CAS*CO*97*63*1~
REF*6R*BVXP0014577507-8~
LQ*HE*N130~
SVC*HC>82962*7*0*0301*0**1~
DTM*472*20211222~
CAS*CO*97*7*1~
REF*6R*BVXP0014577507-9~
LQ*HE*N130~
SVC*HC>80053*124*0*0301*0**1~
DTM*472*20211222~
CAS*CO*97*124*1~
REF*6R*BVXP0014577507-10~
LQ*HE*N130~
SVC*HC>85730*39*0*0305*0**1~
DTM*472*20211222~
CAS*CO*97*39*1~
REF*6R*BVXP0014577507-11~
LQ*HE*N130~
SVC*HC>85610*27*0*0305*0**1~
DTM*472*20211222~
CAS*CO*97*27*1~
REF*6R*BVXP0014577507-12~
LQ*HE*N130~
SVC*HC>85025*53*0*0305*0**1~
DTM*472*20211222~
CAS*CO*97*53*1~
REF*6R*BVXP0014577507-13~
LQ*HE*N130~
SVC*HC>U0002>QW>CR*102.62*51.31*0306*1~
DTM*472*20211222~
CAS*CO*45*51.31~
REF*6R*BVXP0014577507-14~
AMT*B6*51.31~
LQ*HE*N59~
SVC*HC>71045*172*74.55*0324*1~
DTM*472*20211222~
CAS*CO*45*97.45~
REF*6R*BVXP0014577507-15~
AMT*B6*74.55~
LQ*HE*N59~
SVC*HC>70450>ME*806*206.72*0351*1~
DTM*472*20211222~
CAS*CO*45*599.28~
REF*6R*BVXP0014577507-16~
AMT*B6*206.72~
LQ*HE*N59~
SVC*HC>72125>ME*1076*0*0352*0**1~
DTM*472*20211222~
CAS*CO*97*1076*1~
REF*6R*BVXP0014577507-17~
LQ*HE*N130~
SVC*HC>G1004*.02*0*0359*0**2~
DTM*472*20211222~
CAS*CO*97*.02*2~
REF*6R*BVXP0014577507-18~
LQ*HE*N19~
SVC*HC>99285>25>CS>CR*1201*481.14*0450*1~
DTM*472*20211222~
CAS*CO*45*719.86~
REF*6R*BVXP0014577507-19~
AMT*B6*481.14~
LQ*HE*N59~
SVC*HC>96360*331*112.53*0450*1~
DTM*472*20211222~
CAS*CO*45*143.47~
CAS*PR*3*75~
REF*6R*BVXP0014577507-20~
AMT*B6*187.53~
LQ*HE*N59~
SVC*HC>93005*100*0*0730*0**1~
DTM*472*20211222~
CAS*CO*97*100*1~
REF*6R*BVXP0014577507-21~
LQ*HE*N130~
CLP*3007836084*1*1328.45*123.42*90*13*220114E157570000*13*1~
NM1*QC*1*BALES*LARRY*N***MI*MEBT422Q~
NM1*82*2*BLANCHARD VALLEY HEALTH SYSTEM*****XX*1710920327~
REF*1L*467094-012~
REF*CE*VALUE PPO NET 03418~
DTM*232*20211219~
DTM*233*20211219~
DTM*050*20220114~
PER*CX**TE*8006240756~
AMT*AU*491~
SVC*NU>0250*48.34*0**0**1~
DTM*472*20211219~
CAS*CO*97*48.34*1~
REF*6R*BVXP0014593829-1~
LQ*HE*N130~
SVC*HC>99283>25*491*123.42*0450*1~
DTM*472*20211219~
CAS*CO*45*277.58~
CAS*PR*3*90~
REF*6R*BVXP0014593829-2~
AMT*B6*213.42~
LQ*HE*N59~
SVC*HC>12002*386*0*0450*0**1~
DTM*472*20211219~
CAS*CO*97*386*1~
REF*6R*BVXP0014593829-3~
LQ*HE*N130~
SVC*HC>90715*323.11*0*0636*0**1~
DTM*472*20211219~
CAS*CO*97*323.11*1~
REF*6R*BVXP0014593829-4~
LQ*HE*N130~
SVC*HC>90471*80*0*0771*0**1~
DTM*472*20211219~
CAS*CO*97*80*1~
REF*6R*BVXP0014593829-5~
LQ*HE*N130~
CLP*3007835648*1*846*260.19*75*13*220114E195080000*13*1~
NM1*QC*1*HEISTAND*MIRIAM*G***MI*MEBD81VB~
NM1*82*2*BLANCHARD VALLEY HEALTH SYSTEM*****XX*1710920327~
REF*1L*455716-056~
REF*CE*STRS PPO PLAN NET 03418~
DTM*232*20210906~
DTM*233*20210906~
DTM*050*20220114~
PER*CX**TE*8006240756~
AMT*AU*846~
SVC*HC>99284*846*260.19*0450*1~
DTM*472*20210906~
CAS*CO*45*510.81~
CAS*PR*3*75~
REF*6R*BVXP0014593667-1~
AMT*B6*335.19~
LQ*HE*N59~
CLP*3007835666*1*7*3.17**13*220114E195090000*13*1~
NM1*QC*1*LEGG*BETSY****MI*MEBKLKTM~
NM1*82*2*BLANCHARD VALLEY HEALTH SYSTEM*****XX*1710920327~
REF*1L*455716-056~
REF*CE*STRS PPO PLAN NET 03418~
DTM*232*20211201~
DTM*233*20211201~
DTM*050*20220114~
PER*CX**TE*8006240756~
AMT*AU*7~
SVC*HC>81001*7*3.17*0307*1~
DTM*472*20211201~
CAS*CO*45*3.83~
REF*6R*BVXP0014593730-1~
AMT*B6*3.17~
LQ*HE*N59~
CLP*3007835717*1*316*69.42*40*13*220114E195100000*13*1~
NM1*QC*1*KING*BERNARD*A***MI*MEBSGPDF~
NM1*82*2*BLANCHARD VALLEY HEALTH SYSTEM*****XX*1710920327~
REF*1L*467094-012~
REF*CE*VALUE PPO NET 03418~
DTM*232*20211213~
DTM*233*20211213~
DTM*050*20220114~
PER*CX**TE*8006240756~
AMT*AU*107~
SVC*HC>G0463*107*69.42*0761*1~
DTM*472*20211213~
CAS*CO*45*-2.42~
CAS*PR*3*40~
REF*6R*BVXP0014593776-2~
AMT*B6*109.42~
LQ*HE*N59~
SVC*HC>80307*209*0*0301*0**1~
DTM*472*20211213~
CAS*CO*97*209*1~
REF*6R*BVXP0014593776-1~
LQ*HE*N130~
CLP*3007835986*1*2802.31*486.92**13*220114E195110000*13*1~
NM1*QC*1*BENTON*CYNTHIA*G***MI*MEBJ75SY~
NM1*82*2*BLANCHARD VALLEY HEALTH SYSTEM*****XX*1710920327~
REF*1L*455716-056~
REF*CE*STRS PPO PLAN NET 03418~
DTM*232*20211227~
DTM*233*20211227~
DTM*050*20220114~
PER*CX**TE*8006240756~
AMT*AU*1754.62~
SVC*NU>0250*38.15*0**0**1~
DTM*472*20211227~
CAS*CO*97*38.15*1~
REF*6R*BVXP0014593955-1~
LQ*HE*N130~
SVC*NU>0250*26.93*0**0**1~
DTM*472*20211227~
CAS*CO*97*26.93*1~
REF*6R*BVXP0014593955-2~
LQ*HE*N130~
SVC*NU>0272*186.5*0**0**1~
DTM*472*20211227~
CAS*CO*97*186.5*1~
REF*6R*BVXP0014593955-3~
LQ*HE*N130~
SVC*HC>82962*7*0*0301*0**1~
DTM*472*20211227~
CAS*CO*97*7*1~
REF*6R*BVXP0014593955-4~
LQ*HE*N130~
SVC*HC>U0002>QW>CR*102.62*51.31*0306*1~
DTM*472*20211227~
CAS*CO*45*51.31~
REF*6R*BVXP0014593955-5~
AMT*B6*51.31~
LQ*HE*N59~
SVC*HC>70450>MH*806*100.42*0351*1~
DTM*472*20211227~
CAS*CO*45*705.58~
REF*6R*BVXP0014593955-6~
AMT*B6*100.42~
LQ*HE*N59~
SVC*HC>99284>25>CS*846*335.19*0450*1~
DTM*472*20211227~
CAS*CO*45*510.81~
REF*6R*BVXP0014593955-7~
AMT*B6*335.19~
LQ*HE*N59~
SVC*HC>12002*386*0*0450*0**1~
DTM*472*20211227~
CAS*CO*97*386*1~
REF*6R*BVXP0014593955-8~
LQ*HE*N130~
SVC*HC>90715*323.11*0*0636*0**1~
DTM*472*20211227~
CAS*CO*97*323.11*1~
REF*6R*BVXP0014593955-9~
LQ*HE*N130~
SVC*HC>90471*80*0*0771*0**1~
DTM*472*20211227~
CAS*CO*97*80*1~
REF*6R*BVXP0014593955-10~
LQ*HE*N130~
CLP*3007835761*1*102.62*35.33**13*220114E234270000*13*1~
NM1*QC*1*AUKERMAN*DEBRA****MI*MEBT2X5D~
NM1*82*2*BLANCHARD VALLEY HEALTH SYSTEM*****XX*1710920327~
REF*1L*466235-001~
REF*CE*SERS PPO PLAN NET 03418~
DTM*232*20211130~
DTM*233*20211130~
DTM*050*20220114~
PER*CX**TE*8006240756~
AMT*AU*102.62~
SVC*HC>87426>QW>CR*102.62*35.33*0302*1~
DTM*472*20211130~
CAS*CO*45*67.29~
REF*6R*BVXP0014593726-1~
AMT*B6*35.33~
LQ*HE*N59~
CLP*3007835755*1*578*84.42*25*13*220114E234280000*13*1~
NM1*QC*1*GORDON*JUANITA*H***MI*MEBD6XDR~
NM1*82*2*BLANCHARD VALLEY HEALTH SYSTEM*****XX*1710920327~
REF*1L*455716-056~
REF*CE*STRS PPO PLAN NET 03418~
DTM*232*20211214~
DTM*233*20211214~
DTM*050*20220114~
PER*CX**TE*8006240756~
AMT*AU*107~
SVC*HC>G0463*107*84.42*0761*1~
DTM*472*20211214~
CAS*CO*45*-2.42~
CAS*PR*3*25~
REF*6R*BVXP0014593780-2~
AMT*B6*109.42~
LQ*HE*N59~
SVC*HC>72110*471*0*0320*0**1~
DTM*472*20211214~
CAS*CO*97*471*1~
REF*6R*BVXP0014593780-1~
LQ*HE*N130~
CLP*3007835901*1*1563.6*520.89*90*13*220114E234290000*13*1~
NM1*QC*1*STALL*JOYCE****MI*MEBM9XFT~
NM1*82*2*BLANCHARD VALLEY HEALTH SYSTEM*****XX*1710920327~
REF*1L*467094-012~
REF*CE*VALUE PPO NET 03418~
DTM*232*20211228~
DTM*233*20211228~
DTM*050*20220114~
PER*CX**TE*8006240756~
AMT*AU*1331.62~
SVC*NU>0250*38.15*0**0**1~
DTM*472*20211228~
CAS*CO*97*38.15*1~
REF*6R*BVXP0014594032-1~
LQ*HE*N130~
SVC*HC>80053*124*0*0301*0**1~
DTM*472*20211228~
CAS*CO*97*124*1~
REF*6R*BVXP0014594032-2~
LQ*HE*N130~
SVC*HC>85025*53*0*0305*0**1~
DTM*472*20211228~
CAS*CO*97*53*1~
REF*6R*BVXP0014594032-3~
LQ*HE*N130~
SVC*HC>U0002>QW>CR*102.62*51.31*0306*1~
DTM*472*20211228~
CAS*CO*45*51.31~
REF*6R*BVXP0014594032-4~
AMT*B6*51.31~
LQ*HE*N59~
SVC*HC>99284>25*846*245.19*0450*1~
DTM*472*20211228~
CAS*CO*45*510.81~
CAS*PR*3*90~
REF*6R*BVXP0014594032-5~
AMT*B6*335.19~
LQ*HE*N59~
SVC*HC>96374*325*187.53*0450*1~
DTM*472*20211228~
CAS*CO*45*137.47~
REF*6R*BVXP0014594032-6~
AMT*B6*187.53~
LQ*HE*N59~
SVC*HC>96361*58*36.86*0450*1~
DTM*472*20211228~
CAS*CO*45*21.14~
REF*6R*BVXP0014594032-7~
AMT*B6*36.86~
LQ*HE*N59~
SVC*HC>J2405*16.83*0*0636*0**4~
DTM*472*20211228~
CAS*CO*97*16.83*4~
REF*6R*BVXP0014594032-8~
LQ*HE*N130~
CLP*3007835760*1*102.62*35.33**13*220114E311310000*13*1~
NM1*QC*1*AUKERMAN*KEVIN****MI*MEBSTBWV~
NM1*82*2*BLANCHARD VALLEY HEALTH SYSTEM*****XX*1710920327~
REF*1L*466235-001~
REF*CE*SERS PPO PLAN NET 03418~
DTM*232*20211130~
DTM*233*20211130~
DTM*050*20220114~
PER*CX**TE*8006240756~
AMT*AU*102.62~
SVC*HC>87426>QW>CR*102.62*35.33*0302*1~
DTM*472*20211130~
CAS*CO*45*67.29~
REF*6R*BVXP0014593725-1~
AMT*B6*35.33~
LQ*HE*N59~
CLP*3007835788*1*107*69.42*40*13*220114E311320000*13*1~
NM1*QC*1*LUGINBUHL*DEREK*M***MI*MEBTVH3N~
NM1*82*2*BLANCHARD VALLEY HEALTH SYSTEM*****XX*1710920327~
REF*1L*467094-012~
REF*CE*VALUE PPO NET 03418~
DTM*232*20211213~
DTM*233*20211213~
DTM*050*20220114~
PER*CX**TE*8006240756~
AMT*AU*107~
SVC*HC>G0463*107*69.42*0761*1~
DTM*472*20211213~
CAS*CO*45*-2.42~
CAS*PR*3*40~
REF*6R*BVXP0014593777-1~
AMT*B6*109.42~
LQ*HE*N59~
CLP*3007836033*1*7310.4*1269.76*75*13*220114E311330000*13*1~
NM1*QC*1*BEDLION*GARY*E***MI*MEBD3ZQX~
NM1*82*2*BLANCHARD VALLEY HEALTH SYSTEM*****XX*1710920327~
REF*1L*409016-068~
REF*CE*STRS PPO ESA PLAN NET 03418~
DTM*232*20211226~
DTM*233*20211226~
DTM*050*20220114~
PER*CX**TE*8006240756~
AMT*AU*6357.62~
SVC*NU>0250*38.15*0**0**1~
DTM*472*20211226~
CAS*CO*97*38.15*1~
REF*6R*BVXP0014593901-1~
LQ*HE*N130~
SVC*NU>0250*57.04*0**0**4~
DTM*472*20211226~
CAS*CO*97*57.04*4~
REF*6R*BVXP0014593901-2~
LQ*HE*N130~
SVC*NU>0250*14.26*0**0**1~
DTM*472*20211226~
CAS*CO*97*14.26*1~
REF*6R*BVXP0014593901-3~
LQ*HE*N130~
SVC*NU>0250*14.26*0**0**1~
DTM*472*20211226~
CAS*CO*97*14.26*1~
REF*6R*BVXP0014593901-4~
LQ*HE*N130~
SVC*NU>0270*.01*0**0**1~
DTM*472*20211226~
CAS*CO*97*.01*1~
REF*6R*BVXP0014593901-5~
LQ*HE*N130~
SVC*HC>84484*67*0*0301*0**1~
DTM*472*20211226~
CAS*CO*97*67*1~
REF*6R*BVXP0014593901-6~
LQ*HE*N130~
SVC*HC>83874*77*0*0301*0**1~
DTM*472*20211226~
CAS*CO*97*77*1~
REF*6R*BVXP0014593901-7~
LQ*HE*N130~
SVC*HC>83690*95*0*0301*0**1~
DTM*472*20211226~
CAS*CO*97*95*1~
REF*6R*BVXP0014593901-8~
LQ*HE*N130~
SVC*HC>82248*23*0*0301*0**1~
DTM*472*20211226~
CAS*CO*97*23*1~
REF*6R*BVXP0014593901-9~
LQ*HE*N130~
SVC*HC>80074*105*0*0301*0**1~
DTM*472*20211226~
CAS*CO*97*105*1~
REF*6R*BVXP0014593901-10~
LQ*HE*N130~
SVC*HC>80053*124*0*0301*0**1~
DTM*472*20211226~
CAS*CO*97*124*1~
REF*6R*BVXP0014593901-11~
LQ*HE*N130~
SVC*HC>85025*53*0*0305*0**1~
DTM*472*20211226~
CAS*CO*97*53*1~
REF*6R*BVXP0014593901-12~
LQ*HE*N130~
SVC*HC>87804>91*40*0*0306*0**1~
DTM*472*20211226~
CAS*CO*97*40*1~
REF*6R*BVXP0014593901-13~
LQ*HE*N130~
SVC*HC>87804*40*0*0306*0**1~
DTM*472*20211226~
CAS*CO*97*40*1~
REF*6R*BVXP0014593901-14~
LQ*HE*N130~
SVC*HC>U0002>QW>CR*102.62*51.31*0306*1~
DTM*472*20211226~
CAS*CO*45*51.31~
REF*6R*BVXP0014593901-15~
AMT*B6*51.31~
LQ*HE*N59~
SVC*HC>81001*25*0*0307*0**1~
DTM*472*20211226~
CAS*CO*97*25*1~
REF*6R*BVXP0014593901-16~
LQ*HE*N130~
SVC*HC>71045*172*74.55*0324*1~
DTM*472*20211226~
CAS*CO*45*97.45~
REF*6R*BVXP0014593901-17~
AMT*B6*74.55~
LQ*HE*N59~
SVC*HC>74177>MH*3437*339.23*0352*1~
DTM*472*20211226~
CAS*CO*45*3097.77~
REF*6R*BVXP0014593901-18~
AMT*B6*339.23~
LQ*HE*N59~
SVC*HC>76705*900*100.42*0402*1~
DTM*472*20211226~
CAS*CO*45*799.58~
REF*6R*BVXP0014593901-19~
AMT*B6*100.42~
LQ*HE*N59~
SVC*HC>99285>25>CS>CR*1201*481.14*0450*1~
DTM*472*20211226~
CAS*CO*45*719.86~
REF*6R*BVXP0014593901-20~
AMT*B6*481.14~
LQ*HE*N59~
SVC*HC>96375*162*0*0450*2~
DTM*472*20211226~
CAS*CO*45*88.28~
CAS*PR*3*73.72~
REF*6R*BVXP0014593901-21~
AMT*B6*73.72~
SVC*HC>96374>XU*325*186.25*0450*1~
DTM*472*20211226~
CAS*CO*45*137.47~
CAS*PR*3*1.28~
REF*6R*BVXP0014593901-22~
AMT*B6*187.53~
LQ*HE*N59~
SVC*HC>96361*58*36.86*0450*1~
DTM*472*20211226~
CAS*CO*45*21.14~
REF*6R*BVXP0014593901-23~
AMT*B6*36.86~
LQ*HE*N59~
SVC*HC>Q9967*39.45*0*0636*0**100~
DTM*472*20211226~
CAS*CO*97*39.45*100~
REF*6R*BVXP0014593901-24~
LQ*HE*N130~
SVC*HC>J2405*16.83*0*0636*0**4~
DTM*472*20211226~
CAS*CO*97*16.83*4~
REF*6R*BVXP0014593901-25~
LQ*HE*N130~
SVC*HC>J2270*23.78*0*0636*0**1~
DTM*472*20211226~
CAS*CO*97*23.78*1~
REF*6R*BVXP0014593901-26~
LQ*HE*N130~
SVC*HC>93005*100*0*0730*0**1~
DTM*472*20211226~
CAS*CO*97*100*1~
REF*6R*BVXP0014593901-27~
LQ*HE*N130~
SE*2350*1140~
ST*835*1142~
BPR*I*72.45*C*ACH*CCP*01*031100209*DA*0038865237*1066033492**01*041200050*DA*7340253736*20220121~
TRN*1*160118220246733*1066033492~
REF*EV*XXXXXXXXXXXXXXXXXXXXXXXXXXXXXX~
DTM*405*20220119~
N1*PR*AETNA~
N3*151 FARMINGTON AVENUE~
N4*HARTFORD*CT*06156~
REF*2U*60054~
PER*BL*Provider Service~
N1*PE*BLANCHARD VALLEY HEALTH SYSTEM*XX*1588607949~
N3*1900 S MAIN ST~
N4*FINDLAY*OH*458401214~
REF*PQ*366407690~
REF*TJ*341369963~
LX*1~
TS3*1427285154*23*20221231*1*141.6~
CLP*3007841329*1*141.6*72.45**13*220114E354930000*23*1~
NM1*QC*1*KAUFMANN*MAURICE*J***MI*MEBD77ZT~
NM1*82*2*BLANCHARD VALLEY HEALTH SYSTEM*****XX*1427285154~
REF*1L*455716-056~
REF*CE*STRS PPO PLAN NET 03418~
DTM*232*20211226~
DTM*233*20211226~
DTM*050*20220114~
PER*CX**TE*8006240756~
AMT*AU*141.6~
SVC*HC>99283*141.6*72.45**1~
DTM*472*20211226~
CAS*CO*45*69.15~
REF*6R*B9XP0014592450-1~
AMT*B6*72.45~
LQ*HE*N59~
SE*34*1142~
ST*835*1146~
BPR*H*0*C*NON************20220117~
TRN*1*FC9220190004898*1066033492~
REF*EV*XXXXXXXXXXXXXXXXXXXXXXXXXXXXXX~
DTM*405*20220119~
N1*PR*AETNA~
N3*151 FARMINGTON AVENUE~
N4*HARTFORD*CT*06156~
REF*2U*60054~
PER*BL*Provider Service~
N1*PE*BLANCHARD VALLEY HEALTH SYSTEM*XX*1588607949~
N3*1900 S MAIN ST~
N4*FINDLAY*OH*458401214~
REF*PQ*366407690~
REF*TJ*341369963~
LX*1~
TS3*1851534341*23*20221231*1*141.6~
CLP*3007841487*1*141.6*0**13*220114E473090000*23*1~
NM1*QC*1*LENTZ*MICHAEL*E***MI*MEBSX58R~
NM1*82*2*BLANCHARD VALLEY HEALTH SYSTEM*****XX*1851534341~
REF*1L*467094-012~
REF*CE*VALUE PPO NET 03418~
DTM*232*20211227~
DTM*233*20211227~
DTM*050*20220114~
PER*CX**TE*8006240756~
SVC*HC>99283*141.6*0**0**1~
DTM*472*20211227~
CAS*CO*97*141.6*1~
REF*6R*B9XP0014592463-1~
LQ*HE*N19~
SE*32*1146~
ST*835*1755~
BPR*I*32391.73*C*ACH*CCP*01*031100209*DA*0038865237*1066033492**01*041200050*DA*7340253736*20220121~
TRN*1*160118220263039*1066033492~
REF*EV*XXXXXXXXXXXXXXXXXXXXXXXXXXXXXX~
DTM*405*20220119~
N1*PR*AETNA~
N3*151 FARMINGTON AVENUE~
N4*HARTFORD*CT*06156~
REF*2U*60054~
PER*BL*Provider Service~
N1*PE*BLANCHARD VALLEY HEALTH SYSTEM*XX*1710920327~
N3*1900 SOUTH MAIN STREET~
N4*FINDLAY*OH*45840~
REF*PQ*366407690~
REF*TJ*341369963~
LX*1~
TS3*1710920327*11*20221231*30*154587.75~
CLP*3007769540*1*107*109.42**13*220104E908940000*13*1~
NM1*QC*1*SCHULTE*DEBORAH*A***MI*MEBNZKXQ~
NM1*82*2*BLANCHARD VALLEY HEALTH SYSTEM*****XX*1710920327~
REF*1L*441297-006~
REF*CE*MEDICARE (S02) PPO PLAN NET 03418~
DTM*232*20211213~
DTM*233*20211213~
DTM*050*20220104~
PER*CX**TE*8006240756~
AMT*AU*107~
SVC*HC>G0463*107*109.42*0761*1~
DTM*472*20211213~
CAS*CO*45*-2.42~
REF*6R*BVXP0014526400-1~
AMT*B6*109.42~
LQ*HE*N59~
CLP*3007770637*1*1893.36*584.79**13*220105E350230000*13*1~
NM1*QC*1*DARDIO*BETTY*C***MI*MEBPZ3YQ~
NM1*82*2*BLANCHARD VALLEY HEALTH SYSTEM*****XX*1710920327~
REF*1L*467484-041~
REF*CE*MEDICARE (S02) PPO PLAN NET 03418~
DTM*232*20211227~
DTM*233*20211227~
DTM*050*20220105~
PER*CX**TE*8006240756~
AMT*AU*1575~
SVC*NU>0250*35.96*0**0**1~
DTM*472*20211227~
CAS*CO*97*35.96*1~
REF*6R*BVXP0014527394-1~
LQ*HE*N130~
SVC*HC>G0260>50*1575*584.79*0361*1~
DTM*472*20211227~
CAS*CO*45*990.21~
REF*6R*BVXP0014527394-2~
AMT*B6*584.79~
LQ*HE*N59~
SVC*HC>Q9967*71.38*0*0636*0**10~
DTM*472*20211227~
CAS*CO*97*71.38*10~
REF*6R*BVXP0014527394-3~
LQ*HE*N130~
SVC*HC>J3301*90.02*0*0636*0**8~
DTM*472*20211227~
CAS*CO*97*90.02*8~
REF*6R*BVXP0014527394-4~
LQ*HE*N130~
SVC*NU>0710*121*0**0**1~
DTM*472*20211227~
CAS*CO*97*121*1~
REF*6R*BVXP0014527394-5~
LQ*HE*N130~
CLP*3007777382*1*5009*2871.67**13*220105E911850000*13*1~
NM1*QC*1*ROSE*PATRICIA*L***MI*MEBROWKP~
NM1*74*1******C*MEBR0WKP~
NM1*82*2*BLANCHARD VALLEY HEALTH SYSTEM*****XX*1710920327~
REF*1L*441297-006~
REF*CE*MEDICARE (S02) PPO PLAN NET 03418~
DTM*232*20211222~
DTM*233*20211230~
DTM*050*20220105~
PER*CX**TE*8006240756~
AMT*AU*5009~
SVC*HC>G0463>25*107*109.42*0761*1~
DTM*472*20211222~
CAS*CO*45*-2.42~
REF*6R*BVXP0014534995-7~
AMT*B6*109.42~
LQ*HE*N59~
SVC*HC>77334*384*312.1*0333*1~
DTM*472*20211222~
CAS*CO*45*71.9~
REF*6R*BVXP0014534995-1~
AMT*B6*312.1~
LQ*HE*N59~
SVC*HC>77290*678*312.1*0333*1~
DTM*472*20211222~
CAS*CO*45*365.9~
REF*6R*BVXP0014534995-2~
AMT*B6*312.1~
LQ*HE*N59~
SVC*HC>77334*768*624.2*0333*2~
DTM*472*20211223~
CAS*CO*45*143.8~
REF*6R*BVXP0014534995-3~
AMT*B6*624.2~
LQ*HE*N59~
SVC*HC>77300*492*233.82*0333*2~
DTM*472*20211223~
CAS*CO*45*258.18~
REF*6R*BVXP0014534995-4~
AMT*B6*233.82~
LQ*HE*N59~
SVC*HC>77295*2261*1163.12*0333*1~
DTM*472*20211223~
CAS*CO*45*1097.88~
REF*6R*BVXP0014534995-5~
AMT*B6*1163.12~
LQ*HE*N59~
SVC*HC>77280*319*116.91*0333*1~
DTM*472*20211230~
CAS*CO*45*202.09~
REF*6R*BVXP0014534995-6~
AMT*B6*116.91~
LQ*HE*N59~
CLP*3007812533*1*7070.44*0**13*220111E254950000*13*1~
NM1*QC*1*MCCANN*MARY****MI*101278375500~
NM1*74*1******C*MEBMYBMX~
NM1*82*2*BLANCHARD VALLEY HEALTH SYSTEM*****XX*1710920327~
REF*1L*441301-005~
REF*CE*MEDICARE (S02) PPO PLAN NET 03418~
DTM*232*20210609~
DTM*233*20210609~
DTM*050*20220111~
PER*CX**TE*8006240756~
SVC*HC>82784*79*0*0301*0**1~
DTM*472*20210609~
CAS*CO*97*79*1~
REF*6R*BVXP0014569033-7~
LQ*HE*N130~
LQ*HE*N522~
SVC*HC>85025*14*0*0305*0**1~
DTM*472*20210609~
CAS*CO*97*14*1~
REF*6R*BVXP0014569033-8~
LQ*HE*N130~
LQ*HE*N522~
SVC*HC>96366*58*0*0260*0**1~
DTM*472*20210609~
CAS*OA*18*58*1~
REF*6R*BVXP0014569033-3~
LQ*HE*N522~
SVC*HC>96365*439*0*0260*0**1~
DTM*472*20210609~
CAS*OA*18*439*1~
REF*6R*BVXP0014569033-4~
LQ*HE*N522~
SVC*NU>0272*44*0**0**2~
DTM*472*20210609~
CAS*CO*97*44*2~
REF*6R*BVXP0014569033-5~
LQ*HE*N130~
LQ*HE*N522~
SVC*HC>36415*19*0*0300*0**1~
DTM*472*20210609~
CAS*CO*97*19*1~
REF*6R*BVXP0014569033-6~
LQ*HE*N130~
LQ*HE*N522~
SVC*HC>J1642*28.52*0*0636*0**10~
DTM*472*20210609~
CAS*CO*97*28.52*10~
REF*6R*BVXP0014569033-9~
LQ*HE*N130~
LQ*HE*N522~
SVC*HC>J1569*6322.25*0*0636*0**50~
DTM*472*20210609~
CAS*OA*18*6322.25*50~
REF*6R*BVXP0014569033-10~
LQ*HE*N522~
SVC*NU>0250*38.15*0**0**1~
DTM*472*20210609~
CAS*CO*97*38.15*1~
REF*6R*BVXP0014569033-1~
LQ*HE*N130~
LQ*HE*N522~
SVC*NU>0250*28.52*0**0**2~
DTM*472*20210609~
CAS*CO*97*28.52*2~
REF*6R*BVXP0014569033-2~
LQ*HE*N130~
LQ*HE*N522~
CLP*3007813445*1*107*109.42**13*220111E254990000*13*1~
NM1*QC*1*SCHULTE*DEBORAH*A***MI*MEBNZKXQ~
NM1*82*2*BLANCHARD VALLEY HEALTH SYSTEM*****XX*1710920327~
REF*1L*441297-006~
REF*CE*MEDICARE (S02) PPO PLAN NET 03418~
DTM*232*20211228~
DTM*233*20211228~
DTM*050*20220111~
PER*CX**TE*8006240756~
AMT*AU*107~
SVC*HC>G0463*107*109.42*0761*1~
DTM*472*20211228~
CAS*CO*45*-2.42~
REF*6R*BVXP0014569645-1~
AMT*B6*109.42~
LQ*HE*N59~
CLP*3007812537*1*7012.44*0**13*220111E328130000*13*1~
NM1*QC*1*MCCANN*MARY****MI*101278375500~
NM1*74*1******C*MEBMYBMX~
NM1*82*2*BLANCHARD VALLEY HEALTH SYSTEM*****XX*1710920327~
REF*G1*2459453~
REF*1L*441301-005~
REF*CE*MEDICARE (S02) PPO PLAN NET 03418~
DTM*232*20211126~
DTM*233*20211126~
DTM*050*20220111~
PER*CX**TE*8006240756~
SVC*HC>82784*79*0*0301*0**1~
DTM*472*20211126~
CAS*OA*18*79*1~
REF*6R*BVXP0014569103-6~
LQ*HE*N522~
SVC*HC>96366*58*0*0260*0**1~
DTM*472*20211126~
CAS*OA*18*58*1~
REF*6R*BVXP0014569103-3~
LQ*HE*N522~
SVC*HC>96365*439*0*0260*0**1~
DTM*472*20211126~
CAS*OA*18*439*1~
REF*6R*BVXP0014569103-4~
LQ*HE*N522~
SVC*HC>36415*19*0*0300*0**1~
DTM*472*20211126~
CAS*OA*18*19*1~
REF*6R*BVXP0014569103-5~
LQ*HE*N522~
SVC*HC>J1642*14.26*0*0636*0**5~
DTM*472*20211126~
CAS*OA*18*14.26*5~
REF*6R*BVXP0014569103-7~
LQ*HE*N522~
SVC*HC>J1569*6322.25*0*0636*0**50~
DTM*472*20211126~
CAS*OA*18*6322.25*50~
REF*6R*BVXP0014569103-8~
LQ*HE*N522~
SVC*NU>0250*38.15*0**0**1~
DTM*472*20211126~
CAS*OA*18*38.15*1~
REF*6R*BVXP0014569103-1~
LQ*HE*N522~
SVC*NU>0250*42.78*0**0**3~
DTM*472*20211126~
CAS*OA*18*42.78*3~
REF*6R*BVXP0014569103-2~
LQ*HE*N522~
CLP*3007812702*1*8270.09*0**13*220111E365450000*13*1~
NM1*QC*1*HERNANDEZ*VICTOR***JR*MI*101258278900~
NM1*74*1*HERNANDEZ JR*****C*MEBNZK2S~
NM1*82*2*BLANCHARD VALLEY HEALTH SYSTEM*****XX*1710920327~
REF*G1*2349761~
REF*1L*441297-006~
REF*CE*MEDICARE (S02) PPO PLAN NET 03418~
DTM*232*20211104~
DTM*233*20211104~
DTM*050*20220111~
PER*CX**TE*8006240756~
SVC*HC>96372*133*0*0260*0**1~
DTM*472*20211104~
CAS*OA*18*133*1~
REF*6R*BVXP0014569079-1~
LQ*HE*N522~
SVC*HC>J2182*8137.09*0*0636*0**100~
DTM*472*20211104~
CAS*OA*18*8137.09*100~
REF*6R*BVXP0014569079-2~
LQ*HE*N522~
CLP*3007812735*1*7136.44*0**13*220111E401610000*13*1~
NM1*QC*1*MCCANN*MARY****MI*101278375500~
NM1*74*1******C*MEBMYBMX~
NM1*82*2*BLANCHARD VALLEY HEALTH SYSTEM*****XX*1710920327~
REF*G1*0848849~
REF*1L*441301-005~
REF*CE*MEDICARE (S02) PPO PLAN NET 03418~
DTM*232*20210428~
DTM*233*20210428~
DTM*050*20220111~
PER*CX**TE*8006240756~
SVC*HC>82784*79*0*0301*0**1~
DTM*472*20210428~
CAS*OA*18*79*1~
REF*6R*BVXP0014569030-7~
LQ*HE*N522~
SVC*HC>96366*116*0*0260*0**2~
DTM*472*20210428~
CAS*OA*18*116*2~
REF*6R*BVXP0014569030-3~
LQ*HE*N522~
SVC*HC>96365*439*0*0260*0**1~
DTM*472*20210428~
CAS*OA*18*439*1~
REF*6R*BVXP0014569030-4~
LQ*HE*N522~
SVC*NU>0272*66*0**0**3~
DTM*472*20210428~
CAS*OA*18*66*3~
REF*6R*BVXP0014569030-5~
LQ*HE*N522~
SVC*HC>36415*19*0*0300*0**1~
DTM*472*20210428~
CAS*OA*18*19*1~
REF*6R*BVXP0014569030-6~
LQ*HE*N522~
SVC*HC>J1642*28.52*0*0636*0**10~
DTM*472*20210428~
CAS*OA*18*28.52*10~
REF*6R*BVXP0014569030-8~
LQ*HE*N522~
SVC*HC>J1569*6322.25*0*0636*0**50~
DTM*472*20210428~
CAS*OA*18*6322.25*50~
REF*6R*BVXP0014569030-9~
LQ*HE*N522~
SVC*NU>0250*38.15*0**0**1~
DTM*472*20210428~
CAS*OA*18*38.15*1~
REF*6R*BVXP0014569030-1~
LQ*HE*N522~
SVC*NU>0250*28.52*0**0**2~
DTM*472*20210428~
CAS*OA*18*28.52*2~
REF*6R*BVXP0014569030-2~
LQ*HE*N522~
CLP*3007812701*1*8270.09*0**13*220111E401620000*13*1~
NM1*QC*1*HERNANDEZ*VICTOR***JR*MI*101258278900~
NM1*74*1*HERNANDEZ JR*****C*MEBNZK2S~
NM1*82*2*BLANCHARD VALLEY HEALTH SYSTEM*****XX*1710920327~
REF*G1*2349761~
REF*1L*441297-006~
REF*CE*MEDICARE (S02) PPO PLAN NET 03418~
DTM*232*20211007~
DTM*233*20211007~
DTM*050*20220111~
PER*CX**TE*8006240756~
SVC*HC>96372*133*0*0260*0**1~
DTM*472*20211007~
CAS*OA*18*133*1~
REF*6R*BVXP0014569060-1~
LQ*HE*N522~
SVC*HC>J2182*8137.09*0*0636*0**100~
DTM*472*20211007~
CAS*OA*18*8137.09*100~
REF*6R*BVXP0014569060-2~
LQ*HE*N522~
CLP*3007812703*1*8270.09*0**13*220111E401630000*13*1~
NM1*QC*1*HERNANDEZ*VICTOR***JR*MI*101258278900~
NM1*74*1*HERNANDEZ JR*****C*MEBNZK2S~
NM1*82*2*BLANCHARD VALLEY HEALTH SYSTEM*****XX*1710920327~
REF*G1*2349761~
REF*1L*441297-006~
REF*CE*MEDICARE (S02) PPO PLAN NET 03418~
DTM*232*20211202~
DTM*233*20211202~
DTM*050*20220111~
PER*CX**TE*8006240756~
SVC*HC>96372*133*0*0260*0**1~
DTM*472*20211202~
CAS*OA*18*133*1~
REF*6R*BVXP0014569126-1~
LQ*HE*N522~
SVC*HC>J2182*8137.09*0*0636*0**100~
DTM*472*20211202~
CAS*OA*18*8137.09*100~
REF*6R*BVXP0014569126-2~
LQ*HE*N522~
CLP*3007777321*1*17756.75*8730.43*250*13*220112E051370000*11*1**640*1.2308~
NM1*QC*1*DEWESE*KENNETH*E***MI*MEBK355W~
NM1*82*2*BLANCHARD VALLEY HEALTH SYSTEM*****XX*1710920327~
REF*G1*2965451~
REF*1L*466646-114~
REF*CE*PLAN 4 ESA PPO PLAN NET 03418~
DTM*232*20211215~
DTM*233*20211219~
DTM*050*20220112~
PER*CX**TE*8006240756~
AMT*AU*4208~
SVC*NU>0121*4208*8730.43**4~
DTM*150*20211215~
DTM*151*20211219~
CAS*CO*45*-4772.43~
CAS*PR*3*250~
REF*6R*BVXP0014534341-1~
AMT*B6*8980.43~
SVC*NU>0272*192.5*0**0**1~
DTM*150*20211215~
DTM*151*20211219~
CAS*CO*97*192.5*1~
REF*6R*BVXP0014534341-3~
LQ*HE*M2~
SVC*NU>0410*145*0**0**1~
DTM*150*20211215~
DTM*151*20211219~
CAS*CO*97*145*1~
REF*6R*BVXP0014534341-11~
LQ*HE*M2~
SVC*NU>0450*1717*0**0**4~
DTM*150*20211215~
DTM*151*20211219~
CAS*CO*97*1717*4~
REF*6R*BVXP0014534341-14~
LQ*HE*M2~
SVC*NU>0250*8110.63*0**0**244~
DTM*150*20211215~
DTM*151*20211219~
CAS*CO*97*8110.63*244~
REF*6R*BVXP0014534341-2~
LQ*HE*M2~
SVC*NU>0300*57*0**0**3~
DTM*150*20211215~
DTM*151*20211219~
CAS*CO*97*57*3~
REF*6R*BVXP0014534341-4~
LQ*HE*M2~
SVC*NU>0301*1362*0**0**40~
DTM*150*20211215~
DTM*151*20211219~
CAS*CO*97*1362*40~
REF*6R*BVXP0014534341-5~
LQ*HE*M2~
SVC*NU>0302*210*0**0**2~
DTM*150*20211215~
DTM*151*20211219~
CAS*CO*97*210*2~
REF*6R*BVXP0014534341-6~
LQ*HE*M2~
SVC*NU>0305*535*0**0**7~
DTM*150*20211215~
DTM*151*20211219~
CAS*CO*97*535*7~
REF*6R*BVXP0014534341-7~
LQ*HE*M2~
SVC*NU>0306*102.62*0**0**1~
DTM*150*20211215~
DTM*151*20211219~
CAS*CO*97*102.62*1~
REF*6R*BVXP0014534341-8~
LQ*HE*M2~
SVC*NU>0307*25*0**0**1~
DTM*150*20211215~
DTM*151*20211219~
CAS*CO*97*25*1~
REF*6R*BVXP0014534341-9~
LQ*HE*M2~
SVC*NU>0324*172*0**0**1~
DTM*150*20211215~
DTM*151*20211219~
CAS*CO*97*172*1~
REF*6R*BVXP0014534341-10~
LQ*HE*M2~
SVC*NU>0420*150*0**0**1~
DTM*150*20211215~
DTM*151*20211219~
CAS*CO*97*150*1~
REF*6R*BVXP0014534341-12~
LQ*HE*M2~
SVC*NU>0421*238*0**0**4~
DTM*150*20211215~
DTM*151*20211219~
CAS*CO*97*238*4~
REF*6R*BVXP0014534341-13~
LQ*HE*M2~
SVC*NU>0730*100*0**0**1~
DTM*150*20211215~
DTM*151*20211219~
CAS*CO*97*100*1~
REF*6R*BVXP0014534341-15~
LQ*HE*M2~
SVC*NU>0921*432*0**0**1~
DTM*150*20211215~
DTM*151*20211219~
CAS*CO*97*432*1~
REF*6R*BVXP0014534341-16~
LQ*HE*M2~
CLP*3007813101*1*6774.88*0**13*220112E051380000*11*7**310*.5592~
NM1*QC*1*TENNISON*SHARON*A***MI*MEBN2QSZ~
NM1*82*2*BLANCHARD VALLEY HEALTH SYSTEM*****XX*1710920327~
REF*G1*2999131~
REF*1L*467094-012~
REF*CE*VALUE PPO NET 03418~
DTM*232*20211221~
DTM*233*20211223~
DTM*050*20220112~
PER*CX**TE*8006240756~
SVC*NU>0210*5710*0**0**2~
DTM*150*20211221~
DTM*151*20211223~
CAS*OA*18*5710*2~
REF*6R*BVXP0014569475-1~
LQ*HE*MA67~
LQ*HE*N522~
SVC*NU>0250*261.88*0**0**32~
DTM*150*20211221~
DTM*151*20211223~
CAS*OA*18*261.88*32~
REF*6R*BVXP0014569475-2~
LQ*HE*MA67~
LQ*HE*N522~
SVC*NU>0300*38*0**0**2~
DTM*150*20211221~
DTM*151*20211223~
CAS*OA*18*38*2~
REF*6R*BVXP0014569475-3~
LQ*HE*MA67~
LQ*HE*N522~
SVC*NU>0301*165*0**0**3~
DTM*150*20211221~
DTM*151*20211223~
CAS*OA*18*165*3~
REF*6R*BVXP0014569475-4~
LQ*HE*MA67~
LQ*HE*N522~
SVC*NU>0730*600*0**0**6~
DTM*150*20211221~
DTM*151*20211223~
CAS*OA*18*600*6~
REF*6R*BVXP0014569475-5~
LQ*HE*MA67~
LQ*HE*N522~
CLP*3007813053*1*33997.22*11118.45*325*13*220112E092870000*13*1~
NM1*QC*1*RIEDEL*MICHAEL*D***MI*MEBR02JJ~
NM1*82*2*BLANCHARD VALLEY HEALTH SYSTEM*****XX*1710920327~
REF*G1*2989957~
REF*1L*467094-012~
REF*CE*VALUE PPO NET 03418~
DTM*232*20211223~
DTM*233*20211224~
DTM*050*20220112~
PER*CX**TE*8006240756~
AMT*AU*14539~
SVC*NU>0250*76.3*0**0**1~
DTM*472*20211223~
CAS*CO*97*76.3*1~
REF*6R*BVXP0014569503-1~
LQ*HE*N130~
SVC*NU>0250*71.92*0**0**300~
DTM*472*20211223~
CAS*CO*97*71.92*300~
REF*6R*BVXP0014569503-2~
LQ*HE*N130~
SVC*NU>0250*12.6*0**0**1~
DTM*472*20211223~
CAS*CO*97*12.6*1~
REF*6R*BVXP0014569503-3~
LQ*HE*N130~
SVC*NU>0250*466.7*0**0**1~
DTM*472*20211223~
CAS*CO*97*466.7*1~
REF*6R*BVXP0014569503-4~
LQ*HE*N130~
SVC*NU>0250*136.48*0**0**2~
DTM*472*20211223~
CAS*CO*97*136.48*2~
REF*6R*BVXP0014569503-5~
LQ*HE*N130~
SVC*NU>0250*23.78*0**0**1~
DTM*472*20211223~
CAS*CO*97*23.78*1~
REF*6R*BVXP0014569503-6~
LQ*HE*N130~
SVC*NU>0250*47.56*0**0**2~
DTM*472*20211223~
CAS*CO*97*47.56*2~
REF*6R*BVXP0014569503-7~
LQ*HE*N130~
SVC*NU>0250*55.51*0**0**1~
DTM*472*20211223~
CAS*CO*97*55.51*1~
REF*6R*BVXP0014569503-8~
LQ*HE*N130~
SVC*NU>0250*41.48*0**0**5~
DTM*472*20211223~
CAS*CO*97*41.48*5~
REF*6R*BVXP0014569503-9~
LQ*HE*N130~
SVC*NU>0250*50.31*0**0**1~
DTM*472*20211223~
CAS*CO*97*50.31*1~
REF*6R*BVXP0014569503-10~
LQ*HE*N130~
SVC*NU>0250*42.78*0**0**3~
DTM*472*20211223~
CAS*CO*97*42.78*3~
REF*6R*BVXP0014569503-11~
LQ*HE*N130~
SVC*NU>0250*14.26*0**0**1~
DTM*472*20211223~
CAS*CO*97*14.26*1~
REF*6R*BVXP0014569503-12~
LQ*HE*N130~
SVC*NU>0250*216.66*0**0**2~
DTM*472*20211223~
CAS*CO*97*216.66*2~
REF*6R*BVXP0014569503-13~
LQ*HE*N130~
SVC*NU>0250*83.35*0**0**1~
DTM*472*20211223~
CAS*CO*97*83.35*1~
REF*6R*BVXP0014569503-14~
LQ*HE*N130~
SVC*NU>0250*78.9*0**0**2~
DTM*472*20211223~
CAS*CO*97*78.9*2~
REF*6R*BVXP0014569503-15~
LQ*HE*N130~
SVC*NU>0250*14.37*0**0**5~
DTM*472*20211223~
CAS*CO*97*14.37*5~
REF*6R*BVXP0014569503-16~
LQ*HE*N130~
SVC*NU>0250*14.26*0**0**1~
DTM*472*20211224~
CAS*CO*97*14.26*1~
REF*6R*BVXP0014569503-17~
LQ*HE*N130~
SVC*NU>0250*83.35*0**0**1~
DTM*472*20211224~
CAS*CO*97*83.35*1~
REF*6R*BVXP0014569503-18~
LQ*HE*N130~
SVC*NU>0258*76.3*0**0**2~
DTM*472*20211223~
CAS*CO*97*76.3*2~
REF*6R*BVXP0014569503-19~
LQ*HE*N130~
SVC*NU>0272*1927.48*0**0**11~
DTM*472*20211223~
CAS*CO*97*1927.48*11~
REF*6R*BVXP0014569503-20~
LQ*HE*N130~
SVC*HC>C1776*9929.63*0*0278*0**4~
DTM*472*20211223~
CAS*CO*97*9929.63*4~
REF*6R*BVXP0014569503-21~
LQ*HE*N130~
SVC*HC>C1713*1089*0*0278*0**4~
DTM*472*20211223~
CAS*CO*97*1089*4~
REF*6R*BVXP0014569503-22~
LQ*HE*N130~
SVC*HC>36415*19*0*0300*0**1~
DTM*472*20211224~
CAS*CO*97*19*1~
REF*6R*BVXP0014569503-23~
LQ*HE*N130~
SVC*HC>80048*115*0*0301*0**1~
DTM*472*20211224~
CAS*CO*97*115*1~
REF*6R*BVXP0014569503-24~
LQ*HE*N130~
SVC*HC>85018*26*0*0305*0**1~
DTM*472*20211224~
CAS*CO*97*26*1~
REF*6R*BVXP0014569503-25~
LQ*HE*N130~
SVC*HC>85014*6*0*0305*0**1~
DTM*472*20211224~
CAS*CO*97*6*1~
REF*6R*BVXP0014569503-26~
LQ*HE*N130~
SVC*HC>27447>RT*14370*11023.3*0360*1~
DTM*472*20211223~
CAS*CO*45*3021.7~
CAS*PR*3*325~
REF*6R*BVXP0014569503-27~
AMT*B6*11348.3~
LQ*HE*N59~
SVC*NU>0370*2150*0**0**14~
DTM*472*20211223~
CAS*CO*97*2150*14~
REF*6R*BVXP0014569503-28~
LQ*HE*N130~
SVC*HC>97530>GP>XU*68*0*0420*0**1~
DTM*472*20211224~
CAS*CO*97*68*1~
REF*6R*BVXP0014569503-29~
LQ*HE*N130~
SVC*HC>97110>GP>CQ*64*0*0421*0**1~
DTM*472*20211224~
CAS*CO*97*64*1~
REF*6R*BVXP0014569503-30~
LQ*HE*N130~
SVC*HC>97165>GO*169*95.15*0430*1~
DTM*472*20211224~
CAS*CO*45*73.85~
REF*6R*BVXP0014569503-31~
AMT*B6*95.15~
LQ*HE*N59~
SVC*HC>J3370*35.61*0*0636*0**2~
DTM*472*20211223~
CAS*CO*97*35.61*2~
REF*6R*BVXP0014569503-32~
LQ*HE*N130~
SVC*HC>J3010*23.78*0*0636*0**3~
DTM*472*20211223~
CAS*CO*97*23.78*3~
REF*6R*BVXP0014569503-33~
LQ*HE*N130~
SVC*HC>J3010*16.83*0*0636*0**1~
DTM*472*20211223~
CAS*CO*97*16.83*1~
REF*6R*BVXP0014569503-34~
LQ*HE*N130~
SVC*HC>J2704*14.37*0*0636*0**15~
DTM*472*20211223~
CAS*CO*97*14.37*15~
REF*6R*BVXP0014569503-35~
LQ*HE*N130~
SVC*HC>J2405*33.66*0*0636*0**8~
DTM*472*20211223~
CAS*CO*97*33.66*8~
REF*6R*BVXP0014569503-36~
LQ*HE*N130~
SVC*HC>J2405*7.18*0*0636*0**8~
DTM*472*20211223~
CAS*CO*97*7.18*8~
REF*6R*BVXP0014569503-37~
LQ*HE*N130~
SVC*HC>J1885*33.66*0*0636*0**4~
DTM*472*20211223~
CAS*CO*97*33.66*4~
REF*6R*BVXP0014569503-38~
LQ*HE*N130~
SVC*HC>J1580*35.21*0*0636*0**1~
DTM*472*20211223~
CAS*CO*97*35.21*1~
REF*6R*BVXP0014569503-39~
LQ*HE*N130~
SVC*HC>J1170*80.79*0*0636*0**1~
DTM*472*20211223~
CAS*CO*97*80.79*1~
REF*6R*BVXP0014569503-40~
LQ*HE*N130~
SVC*HC>J1100*47.56*0*0636*0**8~
DTM*472*20211223~
CAS*CO*97*47.56*8~
REF*6R*BVXP0014569503-41~
LQ*HE*N130~
SVC*HC>J1100*7.18*0*0636*0**4~
DTM*472*20211223~
CAS*CO*97*7.18*4~
REF*6R*BVXP0014569503-42~
LQ*HE*N130~
SVC*HC>J0735*153.44*0*0636*0**2~
DTM*472*20211223~
CAS*CO*97*153.44*2~
REF*6R*BVXP0014569503-43~
LQ*HE*N130~
SVC*HC>J0690*236.07*0*0636*0**6~
DTM*472*20211223~
CAS*CO*97*236.07*6~
REF*6R*BVXP0014569503-44~
LQ*HE*N130~
SVC*HC>J0690*78.69*0*0636*0**4~
DTM*472*20211223~
CAS*CO*97*78.69*4~
REF*6R*BVXP0014569503-45~
LQ*HE*N130~
SVC*HC>A9270>GY*7.38*0*0637*0**2~
DTM*472*20211223~
CAS*CO*97*7.38*2~
REF*6R*BVXP0014569503-46~
LQ*HE*N20~
SVC*HC>A9270>GY*.85*0*0637*0**1~
DTM*472*20211223~
CAS*CO*97*.85*1~
REF*6R*BVXP0014569503-47~
LQ*HE*N20~
SVC*HC>A9270>GY*3.53*0*0637*0**1~
DTM*472*20211223~
CAS*CO*97*3.53*1~
REF*6R*BVXP0014569503-48~
LQ*HE*N20~
SVC*HC>A9270>GY*4.46*0*0637*0**1~
DTM*472*20211223~
CAS*CO*97*4.46*1~
REF*6R*BVXP0014569503-49~
LQ*HE*N20~
SVC*HC>A9270>GY*39.6*0*0637*0**1~
DTM*472*20211223~
CAS*CO*97*39.6*1~
REF*6R*BVXP0014569503-50~
LQ*HE*N20~
SVC*HC>A9270>GY*3.69*0*0637*0**1~
DTM*472*20211223~
CAS*CO*97*3.69*1~
REF*6R*BVXP0014569503-51~
LQ*HE*N20~
SVC*HC>A9270>GY*3.69*0*0637*0**1~
DTM*472*20211223~
CAS*CO*97*3.69*1~
REF*6R*BVXP0014569503-52~
LQ*HE*N20~
SVC*HC>A9270>GY*7.38*0*0637*0**2~
DTM*472*20211223~
CAS*CO*97*7.38*2~
REF*6R*BVXP0014569503-53~
LQ*HE*N20~
SVC*HC>A9270>GY*4.46*0*0637*0**1~
DTM*472*20211223~
CAS*CO*97*4.46*1~
REF*6R*BVXP0014569503-54~
LQ*HE*N20~
SVC*HC>A9270>GY*13.38*0*0637*0**3~
DTM*472*20211223~
CAS*CO*97*13.38*3~
REF*6R*BVXP0014569503-55~
LQ*HE*N20~
SVC*HC>A9270>GY*3.69*0*0637*0**1~
DTM*472*20211223~
CAS*CO*97*3.69*1~
REF*6R*BVXP0014569503-56~
LQ*HE*N20~
SVC*HC>A9270>GY*.85*0*0637*0**1~
DTM*472*20211223~
CAS*CO*97*.85*1~
REF*6R*BVXP0014569503-57~
LQ*HE*N20~
SVC*HC>A9270>GY*7.38*0*0637*0**2~
DTM*472*20211224~
CAS*CO*97*7.38*2~
REF*6R*BVXP0014569503-58~
LQ*HE*N20~
SVC*HC>A9270>GY*.85*0*0637*0**1~
DTM*472*20211224~
CAS*CO*97*.85*1~
REF*6R*BVXP0014569503-59~
LQ*HE*N20~
SVC*HC>A9270>GY*.85*0*0637*0**1~
DTM*472*20211224~
CAS*CO*97*.85*1~
REF*6R*BVXP0014569503-60~
LQ*HE*N20~
SVC*HC>A9270>GY*49.88*0*0637*0**1~
DTM*472*20211224~
CAS*CO*97*49.88*1~
REF*6R*BVXP0014569503-61~
LQ*HE*N20~
SVC*HC>A9270>GY*.85*0*0637*0**2~
DTM*472*20211224~
CAS*CO*97*.85*2~
REF*6R*BVXP0014569503-62~
LQ*HE*N20~
SVC*HC>A9270>GY*4.46*0*0637*0**1~
DTM*472*20211224~
CAS*CO*97*4.46*1~
REF*6R*BVXP0014569503-63~
LQ*HE*N20~
SVC*HC>A9270>GY*3.69*0*0637*0**1~
DTM*472*20211224~
CAS*CO*97*3.69*1~
REF*6R*BVXP0014569503-64~
LQ*HE*N20~
SVC*HC>A9270>GY*3.69*0*0637*0**1~
DTM*472*20211224~
CAS*CO*97*3.69*1~
REF*6R*BVXP0014569503-65~
LQ*HE*N20~
SVC*HC>A9270>GY*7.38*0*0637*0**2~
DTM*472*20211224~
CAS*CO*97*7.38*2~
REF*6R*BVXP0014569503-66~
LQ*HE*N20~
SVC*HC>A9270>GY*4.46*0*0637*0**1~
DTM*472*20211224~
CAS*CO*97*4.46*1~
REF*6R*BVXP0014569503-67~
LQ*HE*N20~
SVC*HC>A9270>GY*31.22*0*0637*0**7~
DTM*472*20211224~
CAS*CO*97*31.22*7~
REF*6R*BVXP0014569503-68~
LQ*HE*N20~
SVC*HC>A9270>GY*3.69*0*0637*0**1~
DTM*472*20211224~
CAS*CO*97*3.69*1~
REF*6R*BVXP0014569503-69~
LQ*HE*N20~
SVC*HC>A9270>GY*.85*0*0637*0**1~
DTM*472*20211224~
CAS*CO*97*.85*1~
REF*6R*BVXP0014569503-70~
LQ*HE*N20~
SVC*NU>0710*452*0**0**1~
DTM*472*20211223~
CAS*CO*97*452*1~
REF*6R*BVXP0014569503-71~
LQ*HE*N130~
SVC*HC>G0378*989*0*0762*0**23~
DTM*472*20211223~
CAS*CO*97*989*23~
REF*6R*BVXP0014569503-72~
LQ*HE*N130~
CLP*3007820645*1*8037.73*2569.4*289.02*13*220112E233610000*13*1~
NM1*QC*1*BREIDENBACH*KATHRYN*L***MI*MEBM36LP~
NM1*82*2*BLANCHARD VALLEY HEALTH SYSTEM*****XX*1710920327~
REF*1L*441301-005~
REF*CE*MEDICARE (S02) PPO PLAN NET 03418~
DTM*232*20211216~
DTM*233*20211216~
DTM*050*20220112~
PER*CX**TE*8006240756~
AMT*AU*1988.33~
SVC*NU>0250*12.6*0**0**1~
DTM*472*20211216~
CAS*CO*97*12.6*1~
REF*6R*BVXP0014577389-1~
LQ*HE*N130~
SVC*NU>0250*48.34*0**0**1~
DTM*472*20211216~
CAS*CO*97*48.34*1~
REF*6R*BVXP0014577389-2~
LQ*HE*N130~
SVC*NU>0250*14.26*0**0**1~
DTM*472*20211216~
CAS*CO*97*14.26*1~
REF*6R*BVXP0014577389-3~
LQ*HE*N130~
SVC*NU>0272*63*0**0**1~
DTM*472*20211216~
CAS*CO*97*63*1~
REF*6R*BVXP0014577389-4~
LQ*HE*N130~
SVC*HC>88342*249*0*0310*0**1~
DTM*472*20211216~
CAS*CO*97*249*1~
REF*6R*BVXP0014577389-5~
LQ*HE*N130~
SVC*HC>88305*664*0*0310*0**2~
DTM*472*20211216~
CAS*CO*97*664*2~
REF*6R*BVXP0014577389-6~
LQ*HE*N130~
SVC*HC>31237>50*1988.34*0*0360*0**1~
DTM*472*20211216~
CAS*CO*97*1988.34*1~
REF*6R*BVXP0014577389-7~
LQ*HE*N130~
SVC*HC>43191*1988.33*0*0360*0**1~
DTM*472*20211216~
CAS*CO*97*1988.33*1~
REF*6R*BVXP0014577389-8~
LQ*HE*N130~
SVC*HC>31536*1988.33*2569.4*0360*1~
DTM*472*20211216~
CAS*CO*45*-866.56~
CAS*PR*2*285.49~
REF*6R*BVXP0014577389-9~
AMT*B6*2854.89~
LQ*HE*N59~
SVC*NU>0370*494*0**0**2~
DTM*472*20211216~
CAS*CO*97*494*2~
REF*6R*BVXP0014577389-10~
LQ*HE*N130~
SVC*HC>J3010*16.83*0*0636*0**1~
DTM*472*20211216~
CAS*CO*97*16.83*1~
REF*6R*BVXP0014577389-11~
LQ*HE*N130~
SVC*HC>J1170*26.93*0*0636*0**1~
DTM*472*20211216~
CAS*CO*97*26.93*1~
REF*6R*BVXP0014577389-12~
LQ*HE*N130~
SVC*HC>J0360*23.78*0*0636*0**1~
DTM*472*20211216~
CAS*CO*97*23.78*1~
REF*6R*BVXP0014577389-13~
LQ*HE*N130~
SVC*HC>A9270>GY*3.53*0*0637*0**1~
DTM*472*20211216~
CAS*PR*96*3.53*1~
REF*6R*BVXP0014577389-14~
LQ*HE*N130~
SVC*HC>J9999>GY*4.46*0*0637*0*HC>A9270>GY*1~
DTM*472*20211216~
CAS*CO*97*4.46*1~
REF*6R*BVXP0014577389-15~
LQ*HE*N130~
SVC*NU>0710*452*0**0**1~
DTM*472*20211216~
CAS*CO*97*452*1~
REF*6R*BVXP0014577389-16~
LQ*HE*N130~
CLP*3007828444*1*53.3*27.02**13*220113E289770000*13*1~
NM1*QC*1*BOWMAN*SUSAN*M***MI*MEBFF58C~
NM1*82*2*BLANCHARD VALLEY HEALTH SYSTEM*****XX*1710920327~
REF*1L*466235-001~
REF*CE*SERS PPO PLAN NET 03418~
DTM*232*20211221~
DTM*233*20211221~
DTM*050*20220113~
PER*CX**TE*8006240756~
AMT*AU*53.3~
SVC*HC>Q3014>PN>CS>CR*53.3*27.02*0780*1~
DTM*472*20211221~
CAS*CO*45*26.28~
REF*6R*BVXP0014585839-1~
AMT*B6*27.02~
LQ*HE*N59~
CLP*3007835835*1*1938*465.69*90*13*220115E006640000*13*1~
NM1*QC*1*MOYER*JUANITA*R***MI*MEBVVLNF~
NM1*82*2*BLANCHARD VALLEY HEALTH SYSTEM*****XX*1710920327~
REF*1L*467094-012~
REF*CE*VALUE PPO NET 03418~
DTM*232*20211227~
DTM*233*20211227~
DTM*050*20220115~
PER*CX**TE*8006240756~
AMT*AU*1373~
SVC*HC>84484*67*0*0301*0**1~
DTM*472*20211227~
CAS*CO*97*67*1~
REF*6R*BVXP0014593956-1~
LQ*HE*N130~
SVC*HC>83880*78*0*0301*0**1~
DTM*472*20211227~
CAS*CO*97*78*1~
REF*6R*BVXP0014593956-2~
LQ*HE*N130~
SVC*HC>83874*77*0*0301*0**1~
DTM*472*20211227~
CAS*CO*97*77*1~
REF*6R*BVXP0014593956-3~
LQ*HE*N130~
SVC*HC>80053*124*0*0301*0**1~
DTM*472*20211227~
CAS*CO*97*124*1~
REF*6R*BVXP0014593956-4~
LQ*HE*N130~
SVC*HC>85730*39*0*0305*0**1~
DTM*472*20211227~
CAS*CO*97*39*1~
REF*6R*BVXP0014593956-5~
LQ*HE*N130~
SVC*HC>85610*27*0*0305*0**1~
DTM*472*20211227~
CAS*CO*97*27*1~
REF*6R*BVXP0014593956-6~
LQ*HE*N130~
SVC*HC>85025*53*0*0305*0**1~
DTM*472*20211227~
CAS*CO*97*53*1~
REF*6R*BVXP0014593956-7~
LQ*HE*N130~
SVC*HC>71045*172*74.55*0324*1~
DTM*472*20211227~
CAS*CO*45*97.45~
REF*6R*BVXP0014593956-8~
AMT*B6*74.55~
LQ*HE*N59~
SVC*HC>99285>25*1201*391.14*0450*1~
DTM*472*20211227~
CAS*CO*45*719.86~
CAS*PR*3*90~
REF*6R*BVXP0014593956-9~
AMT*B6*481.14~
LQ*HE*N59~
SVC*HC>93005*100*0*0730*0**1~
DTM*472*20211227~
CAS*CO*97*100*1~
REF*6R*BVXP0014593956-10~
LQ*HE*N130~
CLP*3007836009*1*7496.75*1030.96*90*13*220115E031510000*13*1~
NM1*QC*1*CLARK*WANDA*L***MI*MEBNQGSF~
NM1*82*2*BLANCHARD VALLEY HEALTH SYSTEM*****XX*1710920327~
REF*1L*467094-012~
REF*CE*VALUE PPO NET 03418~
DTM*232*20211226~
DTM*233*20211226~
DTM*050*20220115~
PER*CX**TE*8006240756~
AMT*AU*5071.62~
SVC*NU>0250*38.15*0**0**1~
DTM*472*20211226~
CAS*CO*97*38.15*1~
REF*6R*BVXP0014593903-1~
LQ*HE*N130~
SVC*NU>0250*14.26*0**0**1~
DTM*472*20211226~
CAS*CO*97*14.26*1~
REF*6R*BVXP0014593903-2~
LQ*HE*N130~
SVC*NU>0250*14.26*0**0**1~
DTM*472*20211226~
CAS*CO*97*14.26*1~
REF*6R*BVXP0014593903-3~
LQ*HE*N130~
SVC*NU>0270*.01*0**0**1~
DTM*472*20211226~
CAS*CO*97*.01*1~
REF*6R*BVXP0014593903-4~
LQ*HE*N130~
SVC*HC>84484*67*0*0301*0**1~
DTM*472*20211226~
CAS*CO*97*67*1~
REF*6R*BVXP0014593903-5~
LQ*HE*N130~
SVC*HC>83880*78*0*0301*0**1~
DTM*472*20211226~
CAS*CO*97*78*1~
REF*6R*BVXP0014593903-6~
LQ*HE*N130~
SVC*HC>83874*77*0*0301*0**1~
DTM*472*20211226~
CAS*CO*97*77*1~
REF*6R*BVXP0014593903-7~
LQ*HE*N130~
SVC*HC>83690*95*0*0301*0**1~
DTM*472*20211226~
CAS*CO*97*95*1~
REF*6R*BVXP0014593903-8~
LQ*HE*N130~
SVC*HC>80076*135*0*0301*0**1~
DTM*472*20211226~
CAS*CO*97*135*1~
REF*6R*BVXP0014593903-9~
LQ*HE*N130~
SVC*HC>80048*115*0*0301*0**1~
DTM*472*20211226~
CAS*CO*97*115*1~
REF*6R*BVXP0014593903-10~
LQ*HE*N130~
SVC*HC>85025*53*0*0305*0**1~
DTM*472*20211226~
CAS*CO*97*53*1~
REF*6R*BVXP0014593903-11~
LQ*HE*N130~
SVC*HC>87804>91*40*0*0306*0**1~
DTM*472*20211226~
CAS*CO*97*40*1~
REF*6R*BVXP0014593903-12~
LQ*HE*N130~
SVC*HC>87804*40*0*0306*0**1~
DTM*472*20211226~
CAS*CO*97*40*1~
REF*6R*BVXP0014593903-13~
LQ*HE*N130~
SVC*HC>U0002>QW>CR*102.62*51.31*0306*1~
DTM*472*20211226~
CAS*CO*45*51.31~
REF*6R*BVXP0014593903-14~
AMT*B6*51.31~
LQ*HE*N59~
SVC*HC>81001*25*0*0307*0**1~
DTM*472*20211226~
CAS*CO*97*25*1~
REF*6R*BVXP0014593903-15~
LQ*HE*N130~
SVC*HC>74177>MC*3437*400.98*0352*1~
DTM*472*20211226~
CAS*CO*45*3036.02~
REF*6R*BVXP0014593903-16~
AMT*B6*400.98~
LQ*HE*N59~
SVC*HC>71275>MC*1494*0*0352*0**1~
DTM*472*20211226~
CAS*CO*97*1494*1~
REF*6R*BVXP0014593903-17~
LQ*HE*N130~
SVC*HC>99285>25>CS*1201*481.14*0450*1~
DTM*472*20211226~
CAS*CO*45*719.86~
REF*6R*BVXP0014593903-18~
AMT*B6*481.14~
LQ*HE*N59~
SVC*HC>96360>XU*331*97.53*0450*1~
DTM*472*20211226~
CAS*CO*45*143.47~
CAS*PR*3*90~
REF*6R*BVXP0014593903-19~
AMT*B6*187.53~
LQ*HE*N59~
SVC*HC>Q9967*39.45*0*0636*0**100~
DTM*472*20211226~
CAS*CO*97*39.45*100~
REF*6R*BVXP0014593903-20~
LQ*HE*N130~
SVC*HC>93005*100*0*0730*0**1~
DTM*472*20211226~
CAS*CO*97*100*1~
REF*6R*BVXP0014593903-21~
LQ*HE*N130~
CLP*3007820887*1*9144.26*2103.98*35.64*13*220115E056950000*13*1~
NM1*QC*1*HARRIS*DONNA*L***MI*MEBTDMYW~
NM1*82*2*BLANCHARD VALLEY HEALTH SYSTEM*****XX*1710920327~
REF*1L*455716-060~
REF*CE*STRS PPO PLAN NET 03418~
DTM*232*20211225~
DTM*233*20211227~
DTM*050*20220115~
PER*CX**TE*8006240756~
AMT*AU*1201~
SVC*NU>0250*38.15*0**0**1~
DTM*472*20211225~
CAS*CO*97*38.15*1~
REF*6R*BVXP0014577695-1~
LQ*HE*N130~
SVC*NU>0250*38.15*0**0**1~
DTM*472*20211225~
CAS*CO*97*38.15*1~
REF*6R*BVXP0014577695-2~
LQ*HE*N130~
SVC*NU>0250*35.65*0**0**1~
DTM*472*20211225~
CAS*CO*97*35.65*1~
REF*6R*BVXP0014577695-3~
LQ*HE*N130~
SVC*NU>0250*71.3*0**0**5~
DTM*472*20211225~
CAS*CO*97*71.3*5~
REF*6R*BVXP0014577695-4~
LQ*HE*N130~
SVC*NU>0250*114.45*0**0**2~
DTM*472*20211226~
CAS*CO*97*114.45*2~
REF*6R*BVXP0014577695-5~
LQ*HE*N130~
SVC*NU>0250*28.52*0**0**2~
DTM*472*20211226~
CAS*CO*97*28.52*2~
REF*6R*BVXP0014577695-6~
LQ*HE*N130~
SVC*NU>0250*57.04*0**0**4~
DTM*472*20211227~
CAS*CO*97*57.04*4~
REF*6R*BVXP0014577695-7~
LQ*HE*N130~
SVC*NU>0270*.01*0**0**1~
DTM*472*20211225~
CAS*CO*97*.01*1~
REF*6R*BVXP0014577695-8~
LQ*HE*N130~
SVC*HC>36415*19*0*0300*0**1~
DTM*472*20211226~
CAS*CO*97*19*1~
REF*6R*BVXP0014577695-9~
LQ*HE*N130~
SVC*HC>83690*95*0*0301*0**1~
DTM*472*20211225~
CAS*CO*97*95*1~
REF*6R*BVXP0014577695-10~
LQ*HE*N130~
SVC*HC>80053*124*0*0301*0**1~
DTM*472*20211225~
CAS*CO*97*124*1~
REF*6R*BVXP0014577695-11~
LQ*HE*N130~
SVC*HC>84100*20*0*0301*0**1~
DTM*472*20211226~
CAS*CO*97*20*1~
REF*6R*BVXP0014577695-12~
LQ*HE*N130~
SVC*HC>83735*25*0*0301*0**1~
DTM*472*20211226~
CAS*CO*97*25*1~
REF*6R*BVXP0014577695-13~
LQ*HE*N130~
SVC*HC>82378*94*0*0301*0**1~
DTM*472*20211226~
CAS*CO*97*94*1~
REF*6R*BVXP0014577695-14~
LQ*HE*N130~
SVC*HC>80053*124*0*0301*0**1~
DTM*472*20211226~
CAS*CO*97*124*1~
REF*6R*BVXP0014577695-15~
LQ*HE*N130~
SVC*HC>80053*124*0*0301*0**1~
DTM*472*20211227~
CAS*CO*97*124*1~
REF*6R*BVXP0014577695-16~
LQ*HE*N130~
SVC*HC>86304*173*0*0302*0**1~
DTM*472*20211226~
CAS*CO*97*173*1~
REF*6R*BVXP0014577695-17~
LQ*HE*N130~
SVC*HC>85025*53*0*0305*0**1~
DTM*472*20211225~
CAS*CO*97*53*1~
REF*6R*BVXP0014577695-18~
LQ*HE*N130~
SVC*HC>85025*53*0*0305*0**1~
DTM*472*20211226~
CAS*CO*97*53*1~
REF*6R*BVXP0014577695-19~
LQ*HE*N130~
SVC*HC>85025*53*0*0305*0**1~
DTM*472*20211227~
CAS*CO*97*53*1~
REF*6R*BVXP0014577695-20~
LQ*HE*N130~
SVC*HC>87088*70*0*0306*0**1~
DTM*472*20211225~
CAS*CO*97*70*1~
REF*6R*BVXP0014577695-21~
LQ*HE*N130~
SVC*HC>81001*25*0*0307*0**1~
DTM*472*20211225~
CAS*CO*97*25*1~
REF*6R*BVXP0014577695-22~
LQ*HE*N130~
SVC*HC>74019*384*0*0320*0**1~
DTM*472*20211225~
CAS*CO*97*384*1~
REF*6R*BVXP0014577695-23~
LQ*HE*N130~
SVC*HC>74177>MC*3437*0*0352*0**1~
DTM*472*20211225~
CAS*CO*97*3437*1~
REF*6R*BVXP0014577695-24~
LQ*HE*N130~
SVC*HC>99285>25*1201*2103.98*0450*1~
DTM*472*20211225~
CAS*CO*45*-902.98~
REF*6R*BVXP0014577695-25~
AMT*B6*2103.98~
LQ*HE*N59~
SVC*HC>96367*116*0*0450*0**1~
DTM*472*20211225~
CAS*CO*97*116*1~
REF*6R*BVXP0014577695-26~
LQ*HE*N130~
SVC*HC>96365>XU*439*0*0450*0**1~
DTM*472*20211225~
CAS*CO*97*439*1~
REF*6R*BVXP0014577695-27~
LQ*HE*N130~
SVC*HC>Q9967*26.93*0*0636*0**30~
DTM*472*20211225~
CAS*CO*97*26.93*30~
REF*6R*BVXP0014577695-28~
LQ*HE*N130~
SVC*HC>Q9967*39.45*0*0636*0**100~
DTM*472*20211225~
CAS*CO*97*39.45*100~
REF*6R*BVXP0014577695-29~
LQ*HE*N130~
SVC*HC>J3370*35.21*0*0636*0**3~
DTM*472*20211225~
CAS*CO*97*35.21*3~
REF*6R*BVXP0014577695-30~
LQ*HE*N130~
SVC*HC>J0696*35.96*0*0636*0**4~
DTM*472*20211225~
CAS*CO*97*35.96*4~
REF*6R*BVXP0014577695-31~
LQ*HE*N130~
SVC*HC>J2543*78.69*0*0636*0**3~
DTM*472*20211226~
CAS*CO*97*78.69*3~
REF*6R*BVXP0014577695-32~
LQ*HE*N130~
SVC*HC>J2543*145.85*0*0636*0**9~
DTM*472*20211226~
CAS*CO*97*145.85*9~
REF*6R*BVXP0014577695-33~
LQ*HE*N130~
SVC*HC>J1642*14.26*0*0636*0**5~
DTM*472*20211227~
CAS*CO*97*14.26*5~
REF*6R*BVXP0014577695-34~
LQ*HE*N130~
SVC*HC>A9270>GY*29.7*0*0637*0**5~
DTM*472*20211226~
CAS*PR*96*29.7*5~
REF*6R*BVXP0014577695-35~
LQ*HE*N130~
SVC*HC>A9270>GY*5.94*0*0637*0**1~
DTM*472*20211227~
CAS*PR*96*5.94*1~
REF*6R*BVXP0014577695-36~
LQ*HE*N130~
SVC*HC>G0378*1720*0*0762*0**40~
DTM*472*20211225~
CAS*CO*97*1720*40~
REF*6R*BVXP0014577695-37~
LQ*HE*N130~
CLP*3007836031*1*4468.97*785.61*75*13*220115E082030000*13*1~
NM1*QC*1*JEFFERIES*LENA*L***MI*MEBD78CF~
NM1*82*2*BLANCHARD VALLEY HEALTH SYSTEM*****XX*1710920327~
REF*1L*455716-056~
REF*CE*STRS PPO PLAN NET 03418~
DTM*232*20211226~
DTM*233*20211226~
DTM*050*20220115~
PER*CX**TE*8006240756~
AMT*AU*2652~
SVC*NU>0250*38.15*0**0**1~
DTM*472*20211226~
CAS*CO*97*38.15*1~
REF*6R*BVXP0014593902-1~
LQ*HE*N130~
SVC*NU>0250*48.34*0**0**1~
DTM*472*20211226~
CAS*CO*97*48.34*1~
REF*6R*BVXP0014593902-2~
LQ*HE*N130~
SVC*NU>0272*250.5*0**0**2~
DTM*472*20211226~
CAS*CO*97*250.5*2~
REF*6R*BVXP0014593902-3~
LQ*HE*N130~
SVC*HC>70450>ME*806*206.72*0351*1~
DTM*472*20211226~
CAS*CO*45*599.28~
REF*6R*BVXP0014593902-4~
AMT*B6*206.72~
LQ*HE*N59~
SVC*HC>72125>ME*1076*0*0352*0**1~
DTM*472*20211226~
CAS*CO*97*1076*1~
REF*6R*BVXP0014593902-5~
LQ*HE*N130~
SVC*HC>G1004*.02*0*0359*0**2~
DTM*472*20211226~
CAS*CO*97*.02*2~
REF*6R*BVXP0014593902-6~
LQ*HE*N19~
SVC*HC>99284>25*846*260.19*0450*1~
DTM*472*20211226~
CAS*CO*45*510.81~
CAS*PR*3*75~
REF*6R*BVXP0014593902-7~
AMT*B6*335.19~
LQ*HE*N59~
SVC*HC>12032*1000*318.7*0450*1~
DTM*472*20211226~
CAS*CO*45*681.3~
REF*6R*BVXP0014593902-8~
AMT*B6*318.7~
LQ*HE*N59~
SVC*HC>90715*323.11*0*0636*0**1~
DTM*472*20211226~
CAS*CO*97*323.11*1~
REF*6R*BVXP0014593902-9~
LQ*HE*N130~
SVC*HC>J9999>GY*.85*0*0637*0*HC>A9270>GY*2~
DTM*472*20211226~
CAS*CO*97*.85*2~
REF*6R*BVXP0014593902-10~
LQ*HE*N130~
SVC*HC>90471*80*0*0771*0**1~
DTM*472*20211226~
CAS*CO*97*80*1~
REF*6R*BVXP0014593902-11~
LQ*HE*N130~
CLP*3007835910*1*5696.72*621.28*90*13*220115E082050000*13*1~
NM1*QC*1*HOWARD*PATSY*J***MI*MEBRKYCH~
NM1*82*2*BLANCHARD VALLEY HEALTH SYSTEM*****XX*1710920327~
REF*1L*467094-012~
REF*CE*VALUE PPO NET 03418~
DTM*232*20211227~
DTM*233*20211228~
DTM*050*20220115~
PER*CX**TE*8006240756~
AMT*AU*4364~
SVC*NU>0250*42.78*0**0**3~
DTM*150*20211227~
DTM*151*20211228~
CAS*CO*97*42.78*3~
REF*6R*BVXP0014594033-3~
LQ*HE*N130~
SVC*NU>0250*16.83*0**0**1~
DTM*472*20211228~
CAS*CO*97*16.83*1~
REF*6R*BVXP0014594033-2~
LQ*HE*N130~
SVC*NU>0250*16.83*0**0**1~
DTM*472*20211227~
CAS*CO*97*16.83*1~
REF*6R*BVXP0014594033-1~
LQ*HE*N130~
SVC*NU>0270*.01*0**0**1~
DTM*472*20211228~
CAS*CO*97*.01*1~
REF*6R*BVXP0014594033-4~
LQ*HE*N130~
SVC*HC>80048*115*0*0301*0**1~
DTM*472*20211228~
CAS*CO*97*115*1~
REF*6R*BVXP0014594033-8~
LQ*HE*N130~
SVC*HC>80076*135*0*0301*0**1~
DTM*472*20211228~
CAS*CO*97*135*1~
REF*6R*BVXP0014594033-7~
LQ*HE*N130~
SVC*HC>83690*95*0*0301*0**1~
DTM*472*20211228~
CAS*CO*97*95*1~
REF*6R*BVXP0014594033-6~
LQ*HE*N130~
SVC*HC>83735*25*0*0301*0**1~
DTM*472*20211228~
CAS*CO*97*25*1~
REF*6R*BVXP0014594033-5~
LQ*HE*N130~
SVC*HC>85025*53*0*0305*0**1~
DTM*472*20211228~
CAS*CO*97*53*1~
REF*6R*BVXP0014594033-9~
LQ*HE*N130~
SVC*HC>74177>ME*3437*339.23*0352*1~
DTM*472*20211228~
CAS*CO*45*3097.77~
REF*6R*BVXP0014594033-10~
AMT*B6*339.23~
LQ*HE*N59~
SVC*HC>G1004*.01*0*0359*0**1~
DTM*472*20211228~
CAS*CO*97*.01*1~
REF*6R*BVXP0014594033-11~
LQ*HE*N19~
SVC*HC>99284>25*846*245.19*0450*1~
DTM*472*20211227~
CAS*CO*45*510.81~
CAS*PR*3*90~
REF*6R*BVXP0014594033-12~
AMT*B6*335.19~
LQ*HE*N59~
SVC*HC>96374>XS*325*0*0450*0**1~
DTM*472*20211228~
CAS*CO*97*325*1~
REF*6R*BVXP0014594033-20~
LQ*HE*N130~
SVC*HC>96374>XS*325*0*0450*0**1~
DTM*472*20211228~
CAS*CO*119*325*1~
REF*6R*BVXP0014594033-15~
LQ*HE*N640~
SVC*HC>96375*81*36.86*0450*1~
DTM*472*20211228~
CAS*CO*45*44.14~
REF*6R*BVXP0014594033-14~
AMT*B6*36.86~
LQ*HE*N59~
SVC*HC>96376*42*0*0450*0**1~
DTM*472*20211228~
CAS*CO*97*42*1~
REF*6R*BVXP0014594033-13~
LQ*HE*N130~
SVC*HC>Q9967*26.93*0*0636*0**30~
DTM*472*20211228~
CAS*CO*97*26.93*30~
REF*6R*BVXP0014594033-16~
LQ*HE*N130~
SVC*HC>J2765*70.42*0*0636*0**2~
DTM*472*20211228~
CAS*CO*97*70.42*2~
REF*6R*BVXP0014594033-18~
LQ*HE*N130~
SVC*HC>Q9967*39.45*0*0636*0**100~
DTM*472*20211228~
CAS*CO*97*39.45*100~
REF*6R*BVXP0014594033-17~
LQ*HE*N130~
SVC*HC>J9999>GY*4.46*0*0637*0*HC>A9270>GY*1~
DTM*472*20211228~
CAS*CO*97*4.46*1~
REF*6R*BVXP0014594033-19~
LQ*HE*N130~
CLP*3007842801*1*107*69.42*40*13*220117E222000000*13*1~
NM1*QC*1*JACOBY*RONALD*E***MI*MEBTLDVW~
NM1*82*2*BLANCHARD VALLEY HEALTH SYSTEM*****XX*1710920327~
REF*1L*467098-029~
REF*CE*VALUE PPO NET 03418~
DTM*232*20211227~
DTM*233*20211227~
DTM*050*20220117~
PER*CX**TE*8006240756~
AMT*AU*107~
SVC*HC>G0463*107*69.42*0761*1~
DTM*472*20211227~
CAS*CO*45*-2.42~
CAS*PR*3*40~
REF*6R*BVXP0014600787-1~
AMT*B6*109.42~
LQ*HE*N59~
CLP*3007842780*1*1587.98*259.79*325*13*220117E243560000*13*1~
NM1*QC*1*PRATT*MARILYN*A***MI*MEBN13FY~
NM1*82*2*BLANCHARD VALLEY HEALTH SYSTEM*****XX*1710920327~
REF*1L*467094-012~
REF*CE*VALUE PPO NET 03418~
DTM*232*20211129~
DTM*233*20211129~
DTM*050*20220117~
PER*CX**TE*8006240756~
AMT*AU*1260~
SVC*NU>0250*35.96*0**0**1~
DTM*472*20211129~
CAS*CO*97*35.96*1~
REF*6R*BVXP0014600603-1~
LQ*HE*N130~
SVC*HC>36415*19*0*0300*0**1~
DTM*472*20211129~
CAS*CO*97*19*1~
REF*6R*BVXP0014600603-2~
LQ*HE*N130~
SVC*HC>85610*27*0*0305*0**1~
DTM*472*20211129~
CAS*CO*97*27*1~
REF*6R*BVXP0014600603-3~
LQ*HE*N130~
SVC*HC>G0260*1260*259.79*0361*1~
DTM*472*20211129~
CAS*CO*45*675.21~
CAS*PR*3*325~
REF*6R*BVXP0014600603-4~
AMT*B6*584.79~
LQ*HE*N59~
SVC*HC>Q9967*71.38*0*0636*0**10~
DTM*472*20211129~
CAS*CO*97*71.38*10~
REF*6R*BVXP0014600603-5~
LQ*HE*N130~
SVC*HC>J1030*53.64*0*0636*0**1~
DTM*472*20211129~
CAS*CO*97*53.64*1~
REF*6R*BVXP0014600603-6~
LQ*HE*N130~
SVC*NU>0710*121*0**0**1~
DTM*472*20211129~
CAS*CO*97*121*1~
REF*6R*BVXP0014600603-7~
LQ*HE*N130~
CLP*3007843310*1*287*30.75*10*13*220117E243570000*13*1~
NM1*QC*1*LEATHERMAN*NANCY*L***MI*101297580400~
NM1*74*1******C*MEBJTQWM~
NM1*82*2*BLANCHARD VALLEY HEALTH SYSTEM*****XX*1710920327~
REF*1L*467100-017~
REF*CE*PREMIER 2 PPO NET 03418~
DTM*232*20211115~
DTM*233*20211115~
DTM*050*20220117~
PER*CX**TE*8006240756~
AMT*AU*287~
SVC*HC>84443*88*6.8*0301*1~
DTM*472*20211115~
CAS*CO*45*71.2~
CAS*PR*3*10~
REF*6R*BVXP0014600580-1~
AMT*B6*16.8~
LQ*HE*N59~
SVC*HC>80061*75*13.39*0301*1~
DTM*472*20211115~
CAS*CO*45*61.61~
REF*6R*BVXP0014600580-2~
AMT*B6*13.39~
LQ*HE*N59~
SVC*HC>80053*124*10.56*0301*1~
DTM*472*20211115~
CAS*CO*45*113.44~
REF*6R*BVXP0014600580-3~
AMT*B6*10.56~
LQ*HE*N59~
CLP*3007842690*1*316*79.42*30*13*220117E266720000*13*1~
NM1*QC*1*STOUDINGER*BARBARA*J***MI*MEBVDKHH~
NM1*82*2*BLANCHARD VALLEY HEALTH SYSTEM*****XX*1710920327~
REF*1L*466235-001~
REF*CE*SERS PPO PLAN NET 03418~
DTM*232*20211118~
DTM*233*20211118~
DTM*050*20220117~
PER*CX**TE*8006240756~
AMT*AU*107~
SVC*HC>G0463*107*79.42*0761*1~
DTM*472*20211118~
CAS*CO*45*-2.42~
CAS*PR*3*30~
REF*6R*BVXP0014600589-2~
AMT*B6*109.42~
LQ*HE*N59~
SVC*HC>80307*209*0*0301*0**1~
DTM*472*20211118~
CAS*CO*97*209*1~
REF*6R*BVXP0014600589-1~
LQ*HE*N130~
CLP*3007842993*1*135.62*46.1**13*220117E266730000*13*1~
NM1*QC*1*WICKISER*BERNICE*A***MI*MEBFC44Z~
NM1*82*2*BLANCHARD VALLEY HEALTH SYSTEM*****XX*1710920327~
REF*1L*466235-004~
REF*CE*SERS PPO PLAN NET 03418~
DTM*232*20211223~
DTM*233*20211223~
DTM*050*20220117~
PER*CX**TE*8006240756~
AMT*AU*135.62~
SVC*HC>87426>QW>CR*102.62*35.33*0302*1~
DTM*472*20211223~
CAS*CO*45*67.29~
REF*6R*BVXP0014600746-2~
AMT*B6*35.33~
LQ*HE*N59~
SVC*HC>85025*14*7.77*0305*1~
DTM*472*20211223~
CAS*CO*45*6.23~
REF*6R*BVXP0014600746-3~
AMT*B6*7.77~
LQ*HE*N59~
SVC*HC>36415*19*3*0300*1~
DTM*472*20211223~
CAS*CO*45*16~
REF*6R*BVXP0014600746-1~
AMT*B6*3~
LQ*HE*N59~
CLP*3007843170*1*1574.62*442.45*90*13*220117E266740000*13*1~
NM1*QC*1*SOTO*DEBORAH*M***MI*MEBT7PXC~
NM1*82*2*BLANCHARD VALLEY HEALTH SYSTEM*****XX*1710920327~
REF*1L*467098-029~
REF*CE*VALUE PPO NET 03418~
DTM*232*20211230~
DTM*233*20211230~
DTM*050*20220117~
PER*CX**TE*8006240756~
AMT*AU*1303.62~
SVC*HC>82962>91*7*0*0301*0**1~
DTM*472*20211230~
CAS*CO*97*7*1~
REF*6R*BVXP0014600942-1~
LQ*HE*N130~
SVC*HC>82962*7*0*0301*0**1~
DTM*472*20211230~
CAS*CO*97*7*1~
REF*6R*BVXP0014600942-2~
LQ*HE*N130~
SVC*HC>80053*124*0*0301*0**1~
DTM*472*20211230~
CAS*CO*97*124*1~
REF*6R*BVXP0014600942-3~
LQ*HE*N130~
SVC*HC>85025*53*0*0305*0**1~
DTM*472*20211230~
CAS*CO*97*53*1~
REF*6R*BVXP0014600942-4~
LQ*HE*N130~
SVC*HC>87804>91*40*0*0306*0**1~
DTM*472*20211230~
CAS*CO*97*40*1~
REF*6R*BVXP0014600942-5~
LQ*HE*N130~
SVC*HC>87804*40*0*0306*0**1~
DTM*472*20211230~
CAS*CO*97*40*1~
REF*6R*BVXP0014600942-6~
LQ*HE*N130~
SVC*HC>U0002>QW>CR*102.62*51.31*0306*1~
DTM*472*20211230~
CAS*CO*45*51.31~
REF*6R*BVXP0014600942-7~
AMT*B6*51.31~
LQ*HE*N59~
SVC*HC>99285*1201*391.14*0450*1~
DTM*472*20211230~
CAS*CO*45*719.86~
CAS*PR*3*90~
REF*6R*BVXP0014600942-8~
AMT*B6*481.14~
LQ*HE*N59~
CLP*3007842686*1*1296*69.42*40*13*220117E289480000*13*1~
NM1*QC*1*WILKERSON*SUSAN*M***MI*MEBVQW6K~
NM1*82*2*BLANCHARD VALLEY HEALTH SYSTEM*****XX*1710920327~
REF*1L*467094-012~
REF*CE*VALUE PPO NET 03418~
DTM*232*20211201~
DTM*233*20211201~
DTM*050*20220117~
PER*CX**TE*8006240756~
AMT*AU*107~
SVC*HC>G0463*107*69.42*0761*1~
DTM*472*20211201~
CAS*CO*45*-2.42~
CAS*PR*3*40~
REF*6R*BVXP0014600607-4~
AMT*B6*109.42~
LQ*HE*N59~
SVC*HC>73562>50*479*0*0320*0**1~
DTM*472*20211201~
CAS*CO*97*479*1~
REF*6R*BVXP0014600607-1~
LQ*HE*N130~
SVC*HC>73521*239*0*0320*0**1~
DTM*472*20211201~
CAS*CO*97*239*1~
REF*6R*BVXP0014600607-2~
LQ*HE*N130~
SVC*HC>72110*471*0*0320*0**1~
DTM*472*20211201~
CAS*CO*97*471*1~
REF*6R*BVXP0014600607-3~
LQ*HE*N130~
CLP*3007842722*1*107*69.42*40*13*220117E289490000*13*1~
NM1*QC*1*POPE*GREGORY*B***MI*MEBPMXLQ~
NM1*82*2*BLANCHARD VALLEY HEALTH SYSTEM*****XX*1710920327~
REF*1L*467094-012~
REF*CE*VALUE PPO NET 03418~
DTM*232*20211223~
DTM*233*20211223~
DTM*050*20220117~
PER*CX**TE*8006240756~
AMT*AU*107~
SVC*HC>G0463*107*69.42*0761*1~
DTM*472*20211223~
CAS*CO*45*-2.42~
CAS*PR*3*40~
REF*6R*BVXP0014600747-1~
AMT*B6*109.42~
LQ*HE*N59~
CLP*3007842863*1*319*109.42**13*220117E312420000*13*1~
NM1*QC*1*SCHULTE*DEBORAH*A***MI*MEBNZKXQ~
NM1*82*2*BLANCHARD VALLEY HEALTH SYSTEM*****XX*1710920327~
REF*1L*441297-006~
REF*CE*MEDICARE (S02) PPO PLAN NET 03418~
DTM*232*20211209~
DTM*233*20211209~
DTM*050*20220117~
PER*CX**TE*8006240756~
AMT*AU*107~
SVC*HC>G0463*107*109.42*0761*1~
DTM*472*20211209~
CAS*CO*45*-2.42~
REF*6R*BVXP0014600633-6~
AMT*B6*109.42~
LQ*HE*N59~
SVC*HC>80053*18*0*0301*0**1~
DTM*472*20211209~
CAS*CO*97*18*1~
REF*6R*BVXP0014600633-2~
LQ*HE*N130~
SVC*HC>86140*105*0*0302*0**1~
DTM*472*20211209~
CAS*CO*97*105*1~
REF*6R*BVXP0014600633-3~
LQ*HE*N130~
SVC*HC>85651*56*0*0305*0**1~
DTM*472*20211209~
CAS*CO*97*56*1~
REF*6R*BVXP0014600633-4~
LQ*HE*N130~
SVC*HC>85025*14*0*0305*0**1~
DTM*472*20211209~
CAS*CO*97*14*1~
REF*6R*BVXP0014600633-5~
LQ*HE*N130~
SVC*HC>36415*19*0*0300*0**1~
DTM*472*20211209~
CAS*CO*97*19*1~
REF*6R*BVXP0014600633-1~
LQ*HE*N130~
CLP*3007849720*1*347*87.42**13*220117E312430000*13*1~
NM1*QC*1*ZORN*EMMA****MI*MEBTRTLS~
NM1*82*2*BLANCHARD VALLEY HEALTH SYSTEM*****XX*1710920327~
REF*1L*467606-005~
REF*CE*PREMIER 1 PPO NET 03418~
DTM*232*20211201~
DTM*233*20211201~
DTM*050*20220117~
PER*CX**TE*8006240756~
AMT*AU*347~
SVC*HC>84550*23*4.52*0301*1~
DTM*472*20211201~
CAS*CO*45*18.48~
REF*6R*BVXP0014609344-1~
AMT*B6*4.52~
LQ*HE*N59~
SVC*HC>84156*53*3.67*0301*1~
DTM*472*20211201~
CAS*CO*45*49.33~
REF*6R*BVXP0014609344-2~
AMT*B6*3.67~
LQ*HE*N59~
SVC*HC>83970*106*41.28*0301*1~
DTM*472*20211201~
CAS*CO*45*64.72~
REF*6R*BVXP0014609344-3~
AMT*B6*41.28~
LQ*HE*N59~
SVC*HC>82570*59*5.18*0301*1~
DTM*472*20211201~
CAS*CO*45*53.82~
REF*6R*BVXP0014609344-4~
AMT*B6*5.18~
LQ*HE*N59~
SVC*HC>82306*81*29.6*0301*1~
DTM*472*20211201~
CAS*CO*45*51.4~
REF*6R*BVXP0014609344-5~
AMT*B6*29.6~
LQ*HE*N59~
SVC*HC>81001*25*3.17*0307*1~
DTM*472*20211201~
CAS*CO*45*21.83~
REF*6R*BVXP0014609344-6~
AMT*B6*3.17~
LQ*HE*N59~
SE*1907*1755~
ST*835*1759~
BPR*H*0*C*NON************20220118~
TRN*1*FC9220190008778*1066033492~
REF*EV*XXXXXXXXXXXXXXXXXXXXXXXXXXXXXX~
DTM*405*20220119~
N1*PR*AETNA~
N3*151 FARMINGTON AVENUE~
N4*HARTFORD*CT*06156~
REF*2U*60054~
PER*BL*Provider Service~
N1*PE*BLANCHARD VALLEY HEALTH SYSTEM*XX*1588607949~
N3*1900 S MAIN ST~
N4*FINDLAY*OH*458401214~
REF*PQ*366407690~
REF*TJ*341369963~
LX*1~
TS3*1851534341*23*20221231*1*199.7~
CLP*3007848873*1*199.7*0**13*220117E142410000*23*1~
NM1*QC*1*HOLT*ROBERT*G***MI*MEBJ3VJV~
NM1*82*2*BLANCHARD VALLEY HEALTH SYSTEM*****XX*1851534341~
REF*1L*466235-001~
REF*CE*SERS PPO PLAN NET 03418~
DTM*232*20211229~
DTM*233*20211229~
DTM*050*20220117~
PER*CX**TE*8006240756~
SVC*HC>99284*199.7*0**0**1~
DTM*472*20211229~
CAS*CO*97*199.7*1~
REF*6R*B9XP0014599796-1~
LQ*HE*N19~
SE*32*1759~
GE*19*1~
IEA*1*100358959~
