ISA*00*          *00*          *01*030240928      *ZZ*XXXXXXXXXXXXXXX*220118*1531*^*00501*262455724*0*P*>~
GS*HP*364559356*XX*20220118*1531*1*X*005010X221A1~
ST*835*1011~
BPR*I*2389.5*C*CHK************20220117~
TRN*1*4380619*1383253977~
DTM*405*20220115~
N1*PR*MERIDIAN HEALTH PLAN~
N3*777 WOODWARD AVE*SUITE 600~
N4*DETROIT*MI*48226~
REF*2U*52563~
PER*BL*EDI TEAM*EM*EDITEAM@MHPLAN.COM~
PER*IC**UR*WWW.MHPLAN.COM/MI~
N1*PE*MUNSON HEALTHCARE OMH MEDICAL*XX*1164628426~
N3*271 W MCCOY RD~
N4*GAYLORD*MI*49735~
REF*TJ*381303843~
LX*1~
TS3*1164628426*71*20221231*47*7806.05~
CLP*C21003X4*1*165.15*53.1**HM*200355644*71*1~
NM1*QC*1*BERRY*RACHAL*L***MI*0071719118~
REF*CE*MEDICAID~
DTM*232*20220112~
DTM*050*20220114~
SVC*HC>T1015*165.15*53.1*0521*1~
DTM*472*20220112~
CAS*CO*45*112.05~
REF*6R*3044173~
AMT*B6*53.1~
SVC*HC>99214*0*0*0521*1~
DTM*472*20220112~
REF*6R*R00563044173~
CLP*C21003X1*1*165.15*53.1**HM*200355630*71*1~
NM1*QC*1*BIDSTRUPBEARSS*ASPYN*L***MI*1168555475~
NM1*74*1*BIDSTRUP-BEARSS*ASPYN*L***C*1168555475~
REF*CE*MEDICAID~
DTM*232*20220103~
DTM*050*20220114~
SVC*HC>T1015*165.15*53.1*0521*1~
DTM*472*20220103~
CAS*CO*45*112.05~
REF*6R*3043694~
AMT*B6*53.1~
SVC*HC>99212>GT*0*0*0521*1~
DTM*472*20220103~
REF*6R*R00533043694~
CLP*C21003X0*1*165.15*53.1**HM*200355636*71*1~
NM1*QC*1*BIDSTRUPBEARSS*ASPYN*L***MI*1168555475~
NM1*74*1*BIDSTRUP-BEARSS*ASPYN*L***C*1168555475~
REF*CE*MEDICAID~
DTM*232*20211206~
DTM*050*20220114~
SVC*HC>T1015*165.15*53.1*0521*1~
DTM*472*20211206~
CAS*CO*45*112.05~
REF*6R*3043666~
AMT*B6*53.1~
SVC*HC>99213>GT*0*0*0521*1~
DTM*472*20211206~
REF*6R*R00523043666~
CLP*C21002XJ*4*165.15*0**HM*200246294*71*1~
NM1*QC*1*BUTLER*RYKER****MI*1262595547~
NM1*PR*2*OSTEGO MEMORIAL HOSPITAL*****FI*381303843~
REF*CE*MEDICAID~
DTM*232*20211018~
DTM*050*20220111~
SVC*HC>T1015*165.15*0*0521*1~
DTM*472*20211018~
CAS*CO*22*165.15~
REF*6R*2983580~
SVC*HC>99213*0*0*0521*1~
DTM*472*20211018~
REF*6R*R02352983580~
CLP*C210034J*1*165.15*53.1**HM*200266812*71*1~
NM1*QC*1*COLE*AVA*S***MI*0019410410~
REF*CE*MEDICAID~
DTM*232*20220110~
DTM*050*20220112~
SVC*HC>T1015*165.15*53.1*0521*1~
DTM*472*20220110~
CAS*CO*45*112.05~
REF*6R*3042667~
AMT*B6*53.1~
SVC*HC>99213*0*0*0521*1~
DTM*472*20220110~
REF*6R*R00333042667~
SVC*HC>81025*0*0*0300*1~
DTM*472*20220110~
REF*6R*3042668~
CLP*C21003XE*1*165.15*53.1**HM*200355674*71*1~
NM1*QC*1*COLTON*NANCY*A***MI*0069500904~
REF*CE*MEDICAID~
DTM*232*20220112~
DTM*050*20220114~
SVC*HC>T1015*165.15*53.1*0521*1~
DTM*472*20220112~
CAS*CO*45*112.05~
REF*6R*3044339~
AMT*B6*53.1~
SVC*HC>99214*0*0*0521*1~
DTM*472*20220112~
REF*6R*R00663044339~
CLP*C21002WE*1*165.15*53.1**HM*200246037*71*1~
NM1*QC*1*CONKLIN*DEMETRIOS*E***MI*1168614585~
REF*CE*MEDICAID~
DTM*232*20210830~
DTM*050*20220111~
SVC*HC>T1015*165.15*53.1*0521*1~
DTM*472*20210830~
CAS*CO*45*112.05~
REF*6R*2953222~
AMT*B6*53.1~
SVC*HC>99383*0*0*0521*1~
DTM*472*20210830~
REF*6R*R01962953222~
SVC*HC>92551*0*0*0521*1~
DTM*472*20210830~
REF*6R*2953223~
CLP*C21003WM*1*165.15*53.1**HM*200355666*71*1~
NM1*QC*1*COX*KENNETH*W***MI*0041317484~
REF*CE*MEDICAID~
DTM*232*20220111~
DTM*050*20220114~
SVC*HC>T1015*165.15*53.1*0521*1~
DTM*472*20220111~
CAS*CO*45*112.05~
REF*6R*3042838~
AMT*B6*53.1~
SVC*HC>99214>GT*0*0*0521*1~
DTM*472*20220111~
REF*6R*R00383042838~
CLP*C21003WS*1*165.15*53.1**HM*200355658*71*1~
NM1*QC*1*CZYKOSKI*HAROLD*DOUGLAS***MI*0001498007~
REF*CE*MEDICAID~
DTM*232*20220111~
DTM*050*20220114~
SVC*HC>T1015*165.15*53.1*0521*1~
DTM*472*20220111~
CAS*CO*45*112.05~
REF*6R*3043384~
AMT*B6*53.1~
SVC*HC>99214*0*0*0521*1~
DTM*472*20220111~
REF*6R*R00443043384~
SVC*HC>85610*0*0*0305*1~
DTM*472*20220111~
REF*6R*3043385~
CLP*C21002ZJ*4*165.15*0**HM*200246051*71*1~
NM1*QC*1*DUTTON*KRISTEN*H***MI*0067064950~
REF*CE*MEDICAID~
DTM*232*20210216~
DTM*050*20220111~
SVC*HC>T1015*165.15*0*0521*1~
DTM*472*20210216~
CAS*CO*16*165.15~
REF*6R*2828287~
LQ*HE*N3~
CLP*C210034K*1*165.15*53.1**HM*200266806*71*1~
NM1*QC*1*ELFORD*GAYLORD*D***MI*0088660310~
REF*CE*MEDICAID~
DTM*232*20220110~
DTM*050*20220112~
SVC*HC>T1015*165.15*53.1*0521*1~
DTM*472*20220110~
CAS*CO*45*112.05~
REF*6R*3042726~
AMT*B6*53.1~
SVC*HC>99214*0*0*0521*1~
DTM*472*20220110~
REF*6R*R00343042726~
CLP*C21003XD*1*165.15*53.1**HM*200355632*71*1~
NM1*QC*1*FULTS*WYATT*E***MI*1265879042~
REF*CE*MEDICAID~
DTM*232*20211001~
DTM*050*20220114~
SVC*HC>T1015*165.15*53.1*0521*1~
DTM*472*20211001~
CAS*CO*45*112.05~
REF*6R*3044338~
AMT*B6*53.1~
SVC*HC>99391*0*0*0521*1~
DTM*472*20211001~
REF*6R*R00653044338~
CLP*C210034F*1*165.15*53.1**HM*200266804*71*1~
NM1*QC*1*HALBERT*ADAM*D***MI*1048465903~
REF*CE*MEDICAID~
DTM*232*20220110~
DTM*050*20220112~
SVC*HC>T1015*165.15*53.1*0521*1~
DTM*472*20220110~
CAS*CO*45*112.05~
REF*6R*3042565~
AMT*B6*53.1~
SVC*HC>99203*0*0*0521*1~
DTM*472*20220110~
REF*6R*R00293042565~
CLP*C21003X5*1*165.15*53.1**HM*200355663*71*1~
NM1*QC*1*HELMER*TABATHA*C***MI*0082820391~
REF*CE*MEDICAID~
DTM*232*20220112~
DTM*050*20220114~
SVC*HC>T1015*165.15*53.1*0521*1~
DTM*472*20220112~
CAS*CO*45*112.05~
REF*6R*3044174~
AMT*B6*53.1~
SVC*HC>99214*0*0*0521*1~
DTM*472*20220112~
REF*6R*R00573044174~
CLP*C21003WL*1*187.15*53.1**HM*200355642*71*1~
NM1*QC*1*HETHERINGTON*WILLIAM*C***MI*0027306677~
REF*CE*MEDICAID~
DTM*232*20220111~
DTM*050*20220114~
SVC*HC>T1015*165.15*53.1*0521*1~
DTM*472*20220111~
CAS*CO*45*112.05~
REF*6R*3042824~
AMT*B6*53.1~
SVC*HC>99204>25*0*0*0521*1~
DTM*472*20220111~
REF*6R*R00373042824~
SVC*HC>99406*22*0*0521*1~
DTM*472*20220111~
CAS*CO*97*22~
REF*6R*3042825~
CLP*C21003XC*1*165.15*53.1**HM*200355635*71*1~
NM1*QC*1*HILL*JESSICA*L***MI*0018416885~
REF*CE*MEDICAID~
DTM*232*20220112~
DTM*050*20220114~
SVC*HC>T1015*165.15*53.1*0521*1~
DTM*472*20220112~
CAS*CO*45*112.05~
REF*6R*3044318~
AMT*B6*53.1~
SVC*HC>99396*0*0*0521*1~
DTM*472*20220112~
REF*6R*R00643044318~
CLP*C21003WU*1*165.15*53.1**HM*200355647*71*1~
NM1*QC*1*JOHNSON*JAXON****MI*1259453791~
REF*CE*MEDICAID~
DTM*232*20220105~
DTM*050*20220114~
SVC*HC>T1015*165.15*53.1*0521*1~
DTM*472*20220105~
CAS*CO*45*112.05~
REF*6R*3043599~
AMT*B6*53.1~
SVC*HC>99213*0*0*0521*1~
DTM*472*20220105~
REF*6R*R00463043599~
CLP*C21003WQ*1*165.15*53.1**HM*200355625*71*1~
NM1*QC*1*KAHN*TRACY*M***MI*0058486638~
REF*CE*MEDICAID~
DTM*232*20220112~
DTM*050*20220114~
SVC*HC>T1015*165.15*53.1*0521*1~
DTM*472*20220112~
CAS*CO*45*112.05~
REF*6R*3043298~
AMT*B6*53.1~
SVC*HC>99204*0*0*0521*1~
DTM*472*20220112~
REF*6R*R00423043298~
SVC*HC>81001*0*0*0300*1~
DTM*472*20220112~
REF*6R*3043299~
CLP*C210034G*1*165.15*53.1**HM*200266814*71*1~
NM1*QC*1*KAPANKE*RONALD*A***MI*0014516888~
REF*CE*MEDICAID~
DTM*232*20220107~
DTM*050*20220112~
SVC*HC>T1015*165.15*53.1*0521*1~
DTM*472*20220107~
CAS*CO*45*112.05~
REF*6R*3042622~
AMT*B6*53.1~
SVC*HC>99213*0*0*0521*1~
DTM*472*20220107~
REF*6R*R00303042622~
CLP*C21003XB*1*165.15*53.1**HM*200355671*71*1~
NM1*QC*1*KING*ROBERT*J***MI*0074037766~
REF*CE*MEDICAID~
DTM*232*20220112~
DTM*050*20220114~
SVC*HC>T1015*165.15*53.1*0521*1~
DTM*472*20220112~
CAS*CO*45*112.05~
REF*6R*3044312~
AMT*B6*53.1~
SVC*HC>99213*0*0*0521*1~
DTM*472*20220112~
REF*6R*R00633044312~
CLP*C21003WO*1*165.15*53.1**HM*200355650*71*1~
NM1*QC*1*KLATT JR*DANIEL*R***MI*1067713601~
NM1*74*1*KLATT*DANIEL*R***C*1067713601~
REF*CE*MEDICAID~
DTM*232*20220110~
DTM*050*20220114~
SVC*HC>T1015*165.15*53.1*0521*1~
DTM*472*20220110~
CAS*CO*45*112.05~
REF*6R*3043247~
AMT*B6*53.1~
SVC*HC>99203*0*0*0521*1~
DTM*472*20220110~
REF*6R*R00403043247~
CLP*C2100349*1*165.15*53.1**HM*200266803*71*1~
NM1*QC*1*KNAPP*HADLEY*V***MI*1259797738~
REF*CE*MEDICAID~
DTM*232*20220110~
DTM*050*20220112~
SVC*HC>T1015*165.15*53.1*0521*1~
DTM*472*20220110~
CAS*CO*45*112.05~
REF*6R*3041832~
AMT*B6*53.1~
SVC*HC>99391*0*0*0521*1~
DTM*472*20220110~
REF*6R*R00233041832~
CLP*C21003X2*1*165.15*53.1**HM*200355673*71*1~
NM1*QC*1*MCMICHAEL*RYLEE*L***MI*1237537616~
REF*CE*MEDICAID~
DTM*232*20220111~
DTM*050*20220114~
SVC*HC>T1015*165.15*53.1*0521*1~
DTM*472*20220111~
CAS*CO*45*112.05~
REF*6R*3043717~
AMT*B6*53.1~
SVC*HC>99212>GT*0*0*0521*1~
DTM*472*20220111~
REF*6R*R00543043717~
CLP*C21003WT*1*165.15*53.1**HM*200355627*71*1~
NM1*QC*1*MCNAMARA*PAUL*C***MI*0037411125~
REF*CE*MEDICAID~
DTM*232*20220111~
DTM*050*20220114~
SVC*HC>T1015*165.15*53.1*0521*1~
DTM*472*20220111~
CAS*CO*45*112.05~
REF*6R*3043585~
AMT*B6*53.1~
SVC*HC>99396*0*0*0521*1~
DTM*472*20220111~
REF*6R*R00453043585~
CLP*C21003X7*1*165.15*53.1**HM*200355664*71*1~
NM1*QC*1*MILLER*SHERYL*A***MI*0042728504~
REF*CE*MEDICAID~
DTM*232*20220112~
DTM*050*20220114~
SVC*HC>T1015*165.15*53.1*0521*1~
DTM*472*20220112~
CAS*CO*45*112.05~
REF*6R*3044241~
AMT*B6*53.1~
SVC*HC>99213*0*0*0521*1~
DTM*472*20220112~
REF*6R*R00593044241~
CLP*C21003X6*1*187.15*53.1**HM*200355621*71*1~
NM1*QC*1*MODICA*CHANCE*A***MI*1209050771~
REF*CE*MEDICAID~
DTM*232*20220112~
DTM*050*20220114~
SVC*HC>T1015*165.15*53.1*0521*1~
DTM*472*20220112~
CAS*CO*45*112.05~
REF*6R*3044230~
AMT*B6*53.1~
SVC*HC>99214>25*0*0*0521*1~
DTM*472*20220112~
REF*6R*R00583044230~
SVC*HC>99406*22*0*0521*1~
DTM*472*20220112~
CAS*CO*97*22~
REF*6R*3044231~
CLP*C21003WN*1*165.15*53.1**HM*200355645*71*1~
NM1*QC*1*MONARCH*MEGAN*LOUISE***MI*0057237932~
REF*CE*MEDICAID~
DTM*232*20220110~
DTM*050*20220114~
SVC*HC>T1015*165.15*53.1*0521*1~
DTM*472*20220110~
CAS*CO*45*112.05~
REF*6R*3043170~
AMT*B6*53.1~
SVC*HC>99214*0*0*0521*1~
DTM*472*20220110~
REF*6R*R00393043170~
CLP*C210034A*1*165.15*53.1**HM*200266808*71*1~
NM1*QC*1*MORGAN*BRIAN*R***MI*1029550627~
REF*CE*MEDICAID~
DTM*232*20220110~
DTM*050*20220112~
SVC*HC>T1015*165.15*53.1*0521*1~
DTM*472*20220110~
CAS*CO*45*112.05~
REF*6R*3041911~
AMT*B6*53.1~
SVC*HC>99214*0*0*0521*1~
DTM*472*20220110~
REF*6R*R00243041911~
CLP*C210034C*1*165.15*53.1**HM*200266811*71*1~
NM1*QC*1*PAUL*KEVIN*D***MI*1188535907~
REF*CE*MEDICAID~
DTM*232*20220110~
DTM*050*20220112~
SVC*HC>T1015*165.15*53.1*0521*1~
DTM*472*20220110~
CAS*CO*45*112.05~
REF*6R*3042031~
AMT*B6*53.1~
SVC*HC>99396*0*0*0521*1~
DTM*472*20220110~
REF*6R*R00263042031~
CLP*C21003WK*1*165.15*53.1**HM*200355659*71*1~
NM1*QC*1*PLENINGER*JEFFREY*A***MI*1135575769~
REF*CE*MEDICAID~
DTM*232*20220111~
DTM*050*20220114~
SVC*HC>T1015*165.15*53.1*0521*1~
DTM*472*20220111~
CAS*CO*45*112.05~
REF*6R*3042776~
AMT*B6*53.1~
SVC*HC>99214*0*0*0521*1~
DTM*472*20220111~
REF*6R*R00363042776~
CLP*C21003X9*1*165.15*53.1**HM*200355669*71*1~
NM1*QC*1*RITCHIE*JAMISON*M***MI*0088648156~
REF*CE*MEDICAID~
DTM*232*20220112~
DTM*050*20220114~
SVC*HC>T1015*165.15*53.1*0521*1~
DTM*472*20220112~
CAS*CO*45*112.05~
REF*6R*3044281~
AMT*B6*53.1~
SVC*HC>99213*0*0*0521*1~
DTM*472*20220112~
REF*6R*R00613044281~
CLP*C21003X8*1*165.15*53.1**HM*200355668*71*1~
NM1*QC*1*SCHMIDT*KRISTY*M***MI*0003887963~
REF*CE*MEDICAID~
DTM*232*20220112~
DTM*050*20220114~
SVC*HC>T1015*165.15*53.1*0521*1~
DTM*472*20220112~
CAS*CO*45*112.05~
REF*6R*3044244~
AMT*B6*53.1~
SVC*HC>99213*0*0*0521*1~
DTM*472*20220112~
REF*6R*R00603044244~
CLP*C21003WW*1*165.15*53.1**HM*200355628*71*1~
NM1*QC*1*SELL*JAYDEN*R***MI*1030829631~
REF*CE*MEDICAID~
DTM*232*20220111~
DTM*050*20220114~
SVC*HC>T1015*165.15*53.1*0521*1~
DTM*472*20220111~
CAS*CO*45*112.05~
REF*6R*3043627~
AMT*B6*53.1~
SVC*HC>99214*0*0*0521*1~
DTM*472*20220111~
REF*6R*R00483043627~
CLP*C210034H*1*165.15*53.1**HM*200266810*71*1~
NM1*QC*1*JENSEN*COURTNEY*V***MI*0084223765~
NM1*74*1*SENNETT*COURTNEY*V***C*0084223765~
REF*CE*MEDICAID~
DTM*232*20220110~
DTM*050*20220112~
SVC*HC>T1015*165.15*53.1*0521*1~
DTM*472*20220110~
CAS*CO*45*112.05~
REF*6R*3042641~
AMT*B6*53.1~
SVC*HC>99213*0*0*0521*1~
DTM*472*20220110~
REF*6R*R00313042641~
CLP*C21003WR*1*165.15*53.1**HM*200355640*71*1~
NM1*QC*1*SIDES*ANNETTE*M***MI*0034705695~
REF*CE*MEDICAID~
DTM*232*20220106~
DTM*050*20220114~
SVC*HC>T1015*165.15*53.1*0521*1~
DTM*472*20220106~
CAS*CO*45*112.05~
REF*6R*3043306~
AMT*B6*53.1~
SVC*HC>99213*0*0*0521*1~
DTM*472*20220106~
REF*6R*R00433043306~
SVC*HC>85610*0*0*0305*1~
DTM*472*20220106~
REF*6R*3043307~
CLP*C21003XG*1*165.15*53.1**HM*200355656*71*1~
NM1*QC*1*SIDES*SUSANNE*M***MI*0098283193~
REF*CE*MEDICAID~
DTM*232*20220110~
DTM*050*20220114~
SVC*HC>T1015*165.15*53.1*0521*1~
DTM*472*20220110~
CAS*CO*45*112.05~
REF*6R*3044513~
AMT*B6*53.1~
SVC*HC>99213>GT*0*0*0521*1~
DTM*472*20220110~
REF*6R*R00683044513~
CLP*C21003WX*1*165.15*53.1**HM*200355652*71*1~
NM1*QC*1*SIGLER*MONTE*B***MI*1264766240~
REF*CE*MEDICAID~
DTM*232*20220111~
DTM*050*20220114~
SVC*HC>T1015*165.15*53.1*0521*1~
DTM*472*20220111~
CAS*CO*45*112.05~
REF*6R*3043640~
AMT*B6*53.1~
SVC*HC>99391>25*0*0*0521*1~
DTM*472*20220111~
REF*6R*R00493043640~
SVC*HC>90723*0*0*0636*1~
DTM*472*20220111~
REF*6R*3043641~
LQ*HE*M79~
SVC*HC>90647*0*0*0636*1~
DTM*472*20220111~
REF*6R*3043642~
LQ*HE*M79~
SVC*HC>90670*0*0*0521*1~
DTM*472*20220111~
REF*6R*3043643~
LQ*HE*M79~
SVC*HC>90460*0*0*0521*1~
DTM*472*20220111~
REF*6R*3043644~
SVC*HC>90461*0*0*0521*1~
DTM*472*20220111~
REF*6R*3043645~
CLP*C210034E*1*165.15*53.1**HM*200266807*71*1~
NM1*QC*1*SMITH*VANESSA*A***MI*0090281512~
REF*CE*MEDICAID~
DTM*232*20220110~
DTM*050*20220112~
SVC*HC>T1015*165.15*53.1*0521*1~
DTM*472*20220110~
CAS*CO*45*112.05~
REF*6R*3042257~
AMT*B6*53.1~
SVC*HC>59430*0*0*0521*1~
DTM*472*20220110~
REF*6R*R00283042257~
CLP*C210034B*1*165.15*53.1**HM*200266805*71*1~
NM1*QC*1*STEVENS*FELIX****MI*1261881786~
REF*CE*MEDICAID~
DTM*232*20220110~
DTM*050*20220112~
SVC*HC>T1015*165.15*53.1*0521*1~
DTM*472*20220110~
CAS*CO*45*112.05~
REF*6R*3041982~
AMT*B6*53.1~
SVC*HC>99213*0*0*0521*1~
DTM*472*20220110~
REF*6R*R00253041982~
CLP*C210034D*1*165.15*53.1**HM*200266809*71*1~
NM1*QC*1*TERBRUEGGEN*MARIROSE*A***MI*0027800296~
REF*CE*MEDICAID~
DTM*232*20220110~
DTM*050*20220112~
SVC*HC>T1015*165.15*53.1*0521*1~
DTM*472*20220110~
CAS*CO*45*112.05~
REF*6R*3042084~
AMT*B6*53.1~
SVC*HC>99214*0*0*0521*1~
DTM*472*20220110~
REF*6R*R00273042084~
CLP*C21003XF*1*165.15*53.1**HM*200355661*71*1~
NM1*QC*1*THOMAS*ANGIE*M***MI*0075872244~
REF*CE*MEDICAID~
DTM*232*20220112~
DTM*050*20220114~
SVC*HC>T1015*165.15*53.1*0521*1~
DTM*472*20220112~
CAS*CO*45*112.05~
REF*6R*3044367~
AMT*B6*53.1~
SVC*HC>99213*0*0*0521*1~
DTM*472*20220112~
REF*6R*R00673044367~
CLP*C21003WV*1*165.15*53.1**HM*200355633*71*1~
NM1*QC*1*VIEAU*LAURIE*S***MI*0015270951~
REF*CE*MEDICAID~
DTM*232*20220110~
DTM*050*20220114~
SVC*HC>T1015*165.15*53.1*0521*1~
DTM*472*20220110~
CAS*CO*45*112.05~
REF*6R*3043617~
AMT*B6*53.1~
SVC*HC>99214*0*0*0521*1~
DTM*472*20220110~
REF*6R*R00473043617~
CLP*C21003WP*1*165.15*53.1**HM*200355648*71*1~
NM1*QC*1*WILKINSON*BRANDIE*NICHOLE***MI*0081980158~
REF*CE*MEDICAID~
DTM*232*20220111~
DTM*050*20220114~
SVC*HC>T1015*165.15*53.1*0521*1~
DTM*472*20220111~
CAS*CO*45*112.05~
REF*6R*3043268~
AMT*B6*53.1~
SVC*HC>99203*0*0*0521*1~
DTM*472*20220111~
REF*6R*R00413043268~
CLP*C21003X3*1*165.15*53.1**HM*200355638*71*1~
NM1*QC*1*WINBERG*BRAXLEY*A***MI*1226280550~
REF*CE*MEDICAID~
DTM*232*20220112~
DTM*050*20220114~
SVC*HC>T1015*165.15*53.1*0521*1~
DTM*472*20220112~
CAS*CO*45*112.05~
REF*6R*3043773~
AMT*B6*53.1~
SVC*HC>99392*0*0*0521*1~
DTM*472*20220112~
REF*6R*R00553043773~
CLP*C21003WY*1*165.15*53.1**HM*200355623*71*1~
NM1*QC*1*WITEK*BRADLEY*R***MI*1180795534~
REF*CE*MEDICAID~
DTM*232*20220111~
DTM*050*20220114~
SVC*HC>T1015*165.15*53.1*0521*1~
DTM*472*20220111~
CAS*CO*45*112.05~
REF*6R*3043653~
AMT*B6*53.1~
SVC*HC>99213*0*0*0521*1~
DTM*472*20220111~
REF*6R*R00503043653~
CLP*C210034I*1*165.15*53.1**HM*200266813*71*1~
NM1*QC*1*WOODARD*REBECCA*L***MI*0039503271~
REF*CE*MEDICAID~
DTM*232*20220110~
DTM*050*20220112~
SVC*HC>T1015*165.15*53.1*0521*1~
DTM*472*20220110~
CAS*CO*45*112.05~
REF*6R*3042656~
AMT*B6*53.1~
SVC*HC>99213>25*0*0*0521*1~
DTM*472*20220110~
REF*6R*R00323042656~
SVC*HC>90750*0*0*0636*1~
DTM*472*20220110~
REF*6R*3042657~
LQ*HE*M79~
SVC*HC>90471*0*0*0521*1~
DTM*472*20220110~
REF*6R*3042658~
CLP*C21003WZ*1*165.15*53.1**HM*200355676*71*1~
NM1*QC*1*YOUNG*TUCKER*DL***MI*1199783663~
REF*CE*MEDICAID~
DTM*232*20211202~
DTM*050*20220114~
SVC*HC>T1015*165.15*53.1*0521*1~
DTM*472*20211202~
CAS*CO*45*112.05~
REF*6R*3043664~
AMT*B6*53.1~
SVC*HC>99214*0*0*0521*1~
DTM*472*20211202~
REF*6R*R00513043664~
SE*677*1011~
ST*835*1039~
BPR*I*1164.46*C*CHK************20220117~
TRN*1*4380615*1383253977~
DTM*405*20220115~
N1*PR*MERIDIAN HEALTH PLAN~
N3*777 WOODWARD AVE*SUITE 600~
N4*DETROIT*MI*48226~
REF*2U*52563~
PER*BL*EDI TEAM*EM*EDITEAM@MHPLAN.COM~
PER*IC**UR*WWW.MHPLAN.COM/MI~
N1*PE*OTSEGO MEMORIAL HOSPITAL*XX*1124028972~
N3*825 N CENTER AVE~
N4*GAYLORD*MI*49735~
REF*TJ*381303843~
LX*1~
TS3*1124028972*13*20221231*3*12282.36~
CLP*VAQ23011*1*8560.36*868.44**HM*200206404*13*1~
NM1*QC*1*AARON*MARLANA*L***MI*0061789665~
REF*CE*MEDICAID~
DTM*232*20220101~
DTM*050*20220110~
SVC*NU>0250*705.01*0**1~
DTM*472*20220101~
CAS*CO*97*705.01~
SVC*HC>96361*1200*238*0260*10~
DTM*472*20220101~
CAS*CO*45*962~
REF*6R*3OXP0003058650-2~
AMT*B6*238~
SVC*HC>96365*383*121.08*0260*1~
DTM*472*20220101~
CAS*CO*45*261.92~
REF*6R*3OXP0003058650-3~
AMT*B6*121.08~
SVC*HC>96361*1440*0*0260*12~
DTM*472*20220101~
CAS*CO*18*1440~
REF*6R*3OXP0003058650-4~
SVC*NU>0270*28*0**1~
DTM*472*20220101~
CAS*CO*97*28~
SVC*NU>0270*28*0**1~
DTM*472*20220101~
CAS*CO*97*28~
SVC*HC>36415*23*0*0300*1~
DTM*472*20220101~
CAS*CO*97*23~
REF*6R*3OXP0003058650-7~
LQ*HE*M15~
SVC*HC>80048*88*0*0301*1~
DTM*472*20220101~
CAS*CO*97*88~
REF*6R*3OXP0003058650-8~
LQ*HE*M15~
SVC*HC>83880*217*0*0301*1~
DTM*472*20220101~
CAS*CO*97*217~
REF*6R*3OXP0003058650-9~
LQ*HE*M15~
SVC*HC>84484*102*0*0301*1~
DTM*472*20220101~
CAS*CO*97*102~
REF*6R*3OXP0003058650-10~
LQ*HE*M15~
SVC*HC>U0002*102.6*25.28*0302*1~
DTM*472*20220101~
CAS*CO*45*77.32~
REF*6R*3OXP0003058650-11~
AMT*B6*25.28~
SVC*HC>85025*70*0*0305*1~
DTM*472*20220101~
CAS*CO*97*70~
REF*6R*3OXP0003058650-12~
LQ*HE*M15~
SVC*HC>81003*24*0*0307*1~
DTM*472*20220101~
CAS*CO*97*24~
REF*6R*3OXP0003058650-13~
LQ*HE*M15~
SVC*HC>71045*220*48.14*0324*1~
DTM*472*20220101~
CAS*CO*45*171.86~
REF*6R*3OXP0003058650-14~
AMT*B6*48.14~
SVC*HC>94660*728*0*0410*1~
DTM*472*20220101~
CAS*CO*97*728~
REF*6R*3OXP0003058650-15~
LQ*HE*M15~
SVC*HC>99291>25>CS*2496*412.14*0450*1~
DTM*472*20220101~
CAS*CO*45*2083.86~
REF*6R*3OXP0003058650-16~
AMT*B6*412.14~
SVC*HC>94640*193*0*0460*1~
DTM*472*20220101~
CAS*CO*97*193~
REF*6R*3OXP0003058650-17~
LQ*HE*M15~
SVC*HC>J1815>GY*99.75*0*0637*1~
DTM*472*20220101~
CAS*CO*97*99.75~
REF*6R*3OXP0003058650-18~
LQ*HE*M15~
SVC*HC>93005*165*0*0730*1~
DTM*472*20220101~
CAS*CO*97*165~
REF*6R*3OXP0003058650-19~
LQ*HE*M15~
SVC*HC>96375*149*23.8*0940*1~
DTM*472*20220101~
CAS*CO*45*125.2~
REF*6R*3OXP0003058650-20~
AMT*B6*23.8~
SVC*HC>96372>59*99*0*0940*1~
DTM*472*20220101~
CAS*CO*97*99~
REF*6R*3OXP0003058650-21~
LQ*HE*M15~
CLP*VAQ23597*4*1252*0**HM*200198043*13*1~
NM1*QC*1*KUBINEC*OLIVER****MI*1202050493~
NM1*PR*2*OTSEGO MEMORIAL HOSPITAL*****FI*381303843~
REF*CE*MEDICAID~
DTM*232*20220104~
DTM*050*20220110~
SVC*HC>87631*446*0*0306*1~
DTM*472*20220104~
CAS*CO*22*446~
REF*6R*3OXP0003060353-1~
SVC*HC>87635*209*0*0306*1~
DTM*472*20220104~
CAS*CO*22*209~
REF*6R*3OXP0003060353-2~
SVC*HC>99283>CS*597*0*0450*1~
DTM*472*20220104~
CAS*CO*22*597~
REF*6R*3OXP0003060353-3~
CLP*VAQ21340*1*2470*296.02**HM*200108902*13*1~
NM1*QC*1*WOLFE*MICHAEL*S***MI*0021554687~
REF*CE*MEDICAID~
DTM*232*20211201~
DTM*233*20211230~
DTM*050*20220106~
SVC*HC>97110>GP*270*27.06*0421*2~
DTM*472*20211202~
CAS*CO*45*242.94~
REF*6R*3OXP0003057722-1~
AMT*B6*27.06~
SVC*HC>97140>GP*132*12.64*0421*1~
DTM*472*20211202~
CAS*CO*45*119.36~
REF*6R*3OXP0003057722-2~
AMT*B6*12.64~
SVC*HC>97530>GP*119*22.21*0421*1~
DTM*472*20211202~
CAS*CO*45*96.79~
REF*6R*3OXP0003057722-3~
AMT*B6*22.21~
SVC*HC>97110>GP*270*27.06*0421*2~
DTM*472*20211207~
CAS*CO*45*242.94~
REF*6R*3OXP0003057722-4~
AMT*B6*27.06~
SVC*HC>97140>GP*132*12.64*0421*1~
DTM*472*20211207~
CAS*CO*45*119.36~
REF*6R*3OXP0003057722-5~
AMT*B6*12.64~
SVC*HC>97530>GP*119*22.21*0421*1~
DTM*472*20211207~
CAS*CO*45*96.79~
REF*6R*3OXP0003057722-6~
AMT*B6*22.21~
SVC*HC>97110>GP*270*27.06*0421*2~
DTM*472*20211209~
CAS*CO*45*242.94~
REF*6R*3OXP0003057722-7~
AMT*B6*27.06~
SVC*HC>97140>GP*132*12.64*0421*1~
DTM*472*20211209~
CAS*CO*45*119.36~
REF*6R*3OXP0003057722-8~
AMT*B6*12.64~
SVC*HC>97530>GP*119*22.21*0421*1~
DTM*472*20211209~
CAS*CO*45*96.79~
REF*6R*3OXP0003057722-9~
AMT*B6*22.21~
SVC*HC>97110>GP*270*27.06*0421*2~
DTM*472*20211214~
CAS*CO*45*242.94~
REF*6R*3OXP0003057722-10~
AMT*B6*27.06~
SVC*HC>97140>GP*132*12.64*0421*1~
DTM*472*20211214~
CAS*CO*45*119.36~
REF*6R*3OXP0003057722-11~
AMT*B6*12.64~
SVC*HC>97530>GP*119*22.21*0421*1~
DTM*472*20211214~
CAS*CO*45*96.79~
REF*6R*3OXP0003057722-12~
AMT*B6*22.21~
SVC*HC>97110>GP*135*13.53*0421*1~
DTM*472*20211216~
CAS*CO*45*121.47~
REF*6R*3OXP0003057722-13~
AMT*B6*13.53~
SVC*HC>97140>GP*132*12.64*0421*1~
DTM*472*20211216~
CAS*CO*45*119.36~
REF*6R*3OXP0003057722-14~
AMT*B6*12.64~
SVC*HC>97530>GP*119*22.21*0421*1~
DTM*472*20211216~
CAS*CO*45*96.79~
REF*6R*3OXP0003057722-15~
AMT*B6*22.21~
SE*219*1039~
ST*835*1044~
BPR*I*7490.52*C*CHK************20220117~
TRN*1*4380613*1383253977~
DTM*405*20220115~
N1*PR*MERIDIAN HEALTH PLAN~
N3*777 WOODWARD AVE*SUITE 600~
N4*DETROIT*MI*48226~
REF*2U*52563~
PER*BL*EDI TEAM*EM*EDITEAM@MHPLAN.COM~
PER*IC**UR*WWW.MHPLAN.COM/MI~
N1*PE*OTSEGO EMERGENCY PHYSICIANS*XX*1285618033~
N3*825 N CENTER AVE~
N4*GAYLORD*MI*49735~
REF*TJ*381303843~
LX*1~
TS3*1124028972*11*20221231*2*28953.3~
CLP*VAQ21118*4*12830.05*0**HM*200207699*11*1**541~
NM1*QC*1*MOTSINGER*KATELYN*E***MI*0077599456~
NM1*82*2*OTSEGO MEMORIAL HOSPITAL*****XX*1124028972~
REF*CE*MEDICAID~
DTM*232*20211228~
DTM*233*20211229~
DTM*050*20220110~
SVC*NU>0120*1827*0**1~
DTM*472*20211228~
CAS*CO*16*1827~
LQ*HE*N187~
SVC*NU>0250*1077.71*0**35~
DTM*472*20211228~
CAS*CO*16*1077.71~
LQ*HE*N187~
SVC*NU>0270*118*0**2~
DTM*472*20211228~
CAS*CO*16*118~
LQ*HE*N187~
SVC*NU>0272*1195.74*0**4~
DTM*472*20211228~
CAS*CO*16*1195.74~
LQ*HE*N187~
SVC*NU>0300*46*0**2~
DTM*472*20211228~
CAS*CO*16*46~
LQ*HE*N187~
SVC*NU>0301*230*0**1~
DTM*472*20211228~
CAS*CO*16*230~
LQ*HE*N187~
SVC*NU>0302*102.6*0**1~
DTM*472*20211228~
CAS*CO*16*102.6~
LQ*HE*N187~
SVC*NU>0305*372*0**5~
DTM*472*20211228~
CAS*CO*16*372~
LQ*HE*N187~
SVC*NU>0307*24*0**1~
DTM*472*20211228~
CAS*CO*16*24~
LQ*HE*N187~
SVC*NU>0312*242*0**2~
DTM*472*20211228~
CAS*CO*16*242~
LQ*HE*N187~
SVC*NU>0360*4423*0**1~
DTM*472*20211228~
CAS*CO*16*4423~
LQ*HE*N187~
SVC*NU>0370*249*0**1~
DTM*472*20211228~
CAS*CO*16*249~
LQ*HE*N187~
SVC*NU>0710*1663*0**2~
DTM*472*20211228~
CAS*CO*16*1663~
LQ*HE*N187~
SVC*NU>0720*662*0**1~
DTM*472*20211228~
CAS*CO*16*662~
LQ*HE*N187~
SVC*NU>0920*598*0**1~
DTM*472*20211228~
CAS*CO*16*598~
LQ*HE*N187~
CLP*VAQ23343*1*16123.25*6560.87**HM*200206402*11*1**1394*1.4821~
NM1*QC*1*STILSON*MARY*L***MI*0007822059~
NM1*82*2*OTSEGO MEMORIAL HOSPITAL*****XX*1124028972~
REF*CE*MEDICAID~
DTM*232*20211231~
DTM*233*20220103~
DTM*050*20220110~
SVC*NU>0120*3660*6560.87**2~
DTM*472*20211231~
CAS*CO*94*-2900.87~
AMT*B6*6560.87~
SVC*NU>0250*985.65*0**87~
DTM*472*20211231~
CAS*CO*97*985.65~
SVC*NU>0260*863*0**5~
DTM*472*20211231~
CAS*CO*97*863~
SVC*NU>0270*670*0**4~
DTM*472*20211231~
CAS*CO*97*670~
SVC*NU>0300*92*0**4~
DTM*472*20211231~
CAS*CO*97*92~
SVC*NU>0301*1566*0**14~
DTM*472*20211231~
CAS*CO*97*1566~
SVC*NU>0302*102.6*0**1~
DTM*472*20211231~
CAS*CO*97*102.6~
SVC*NU>0305*374*0**6~
DTM*472*20211231~
CAS*CO*97*374~
SVC*NU>0306*172*0**2~
DTM*472*20211231~
CAS*CO*97*172~
SVC*NU>0324*492*0**2~
DTM*472*20211231~
CAS*CO*97*492~
SVC*NU>0351*1437*0**1~
DTM*472*20211231~
CAS*CO*97*1437~
SVC*NU>0410*728*0**2~
DTM*472*20211231~
CAS*CO*97*728~
SVC*NU>0450*2496*0**1~
DTM*472*20211231~
CAS*CO*97*2496~
SVC*NU>0460*2133*0**4~
DTM*472*20211231~
CAS*CO*97*2133~
SVC*NU>0730*165*0**1~
DTM*472*20211231~
CAS*CO*97*165~
SVC*NU>0761*187*0**1~
DTM*472*20211231~
CAS*CO*97*187~
LX*2~
TS3*1124028972*13*20221231*8*16415.75~
CLP*VAQ20112*1*754*129.1**HM*199998802*13*1~
NM1*QC*1*EVERLING*STEPHANIE*J***MI*0094579976~
NM1*82*2*OTSEGO MEMORIAL HOSPITAL*****XX*1124028972~
REF*CE*MEDICAID~
DTM*232*20211201~
DTM*233*20211227~
DTM*050*20220103~
SVC*HC>97112>GP*118*20.06*0421*1~
DTM*472*20211201~
CAS*CO*45*97.94~
REF*6R*3OXP0003054573-1~
AMT*B6*20.06~
SVC*HC>97112>GP*354*50.9*0421*3~
DTM*472*20211207~
CAS*CO*45*303.1~
REF*6R*3OXP0003054573-2~
AMT*B6*50.9~
SVC*HC>97162>GP*282*58.14*0424*1~
DTM*472*20211201~
CAS*CO*45*223.86~
REF*6R*3OXP0003054573-3~
AMT*B6*58.14~
CLP*VAQ21475*1*2561*136.93**HM*200108895*13*1~
NM1*QC*1*KUCHAREK*CORINNE*L***MI*1111941435~
NM1*82*2*OTSEGO MEMORIAL HOSPITAL*****XX*1124028972~
REF*CE*MEDICAID~
DTM*232*20211221~
DTM*050*20220106~
SVC*HC>70551*2561*136.93*0611*1~
DTM*472*20211221~
CAS*CO*45*2424.07~
REF*6R*3OXP0003057222-1~
AMT*B6*136.93~
CLP*VAQ21463*1*2540*136.93**HM*200108897*13*1~
NM1*QC*1*MOORE*KESHIA*A***MI*0061016651~
NM1*82*2*OTSEGO MEMORIAL HOSPITAL*****XX*1124028972~
REF*CE*MEDICAID~
DTM*232*20211221~
DTM*050*20220106~
SVC*HC>72146*2540*136.93*0612*1~
DTM*472*20211221~
CAS*CO*45*2403.07~
REF*6R*3OXP0003057309-1~
AMT*B6*136.93~
CLP*VAQ21445*1*2536*136.93**HM*200109019*13*1~
NM1*QC*1*RISTEAU*ROBERT*W***MI*0021792394~
NM1*82*2*OTSEGO MEMORIAL HOSPITAL*****XX*1124028972~
REF*CE*MEDICAID~
DTM*232*20211222~
DTM*050*20220106~
SVC*HC>72148*2536*136.93*0612*1~
DTM*472*20211222~
CAS*CO*45*2399.07~
REF*6R*3OXP0003057701-1~
AMT*B6*136.93~
CLP*VAQ21441*4*2630*0**HM*200109021*13*1~
NM1*QC*1*SAPP*SYDNEY*I***MI*0005878284~
NM1*82*2*OTSEGO MEMORIAL HOSPITAL*****XX*1124028972~
REF*CE*MEDICAID~
DTM*232*20211222~
DTM*050*20220106~
SVC*HC>73721*2630*0*0614*1~
DTM*472*20211222~
CAS*CO*197*2630~
REF*6R*3OXP0003057352-1~
CLP*VAQ23804*1*637*64.84**HM*200240554*13*1~
NM1*QC*1*SOIK*TIFFANY*M***MI*0004769005~
NM1*82*2*OTSEGO MEMORIAL HOSPITAL*****XX*1124028972~
REF*CE*MEDICAID~
DTM*232*20211230~
DTM*050*20220111~
SVC*HC>76816*637*64.84*0402*1~
DTM*472*20211230~
CAS*CO*45*572.16~
REF*6R*3OXP0003061704-1~
AMT*B6*64.84~
CLP*VAQ21430*1*2729*324.92**HM*200108963*13*1~
NM1*QC*1*THAYER*KALYNN*M***MI*0091264113~
NM1*82*2*OTSEGO MEMORIAL HOSPITAL*****XX*1124028972~
REF*CE*MEDICAID~
DTM*232*20211203~
DTM*233*20211230~
DTM*050*20220106~
SVC*HC>97110>GP*135*17.31*0421*1~
DTM*472*20211203~
CAS*CO*45*117.69~
REF*6R*3OXP0003057716-1~
AMT*B6*17.31~
SVC*HC>97140>GP*132*12.64*0421*1~
DTM*472*20211203~
CAS*CO*45*119.36~
REF*6R*3OXP0003057716-2~
AMT*B6*12.64~
SVC*HC>97016>GP*118*5.46*0421*1~
DTM*472*20211208~
CAS*CO*45*112.54~
REF*6R*3OXP0003057716-3~
AMT*B6*5.46~
SVC*HC>97110>GP*270*27.06*0421*2~
DTM*472*20211208~
CAS*CO*45*242.94~
REF*6R*3OXP0003057716-4~
AMT*B6*27.06~
SVC*HC>97530>GP*119*22.21*0421*1~
DTM*472*20211208~
CAS*CO*45*96.79~
REF*6R*3OXP0003057716-5~
AMT*B6*22.21~
SVC*HC>97016>GP*118*5.46*0421*1~
DTM*472*20211210~
CAS*CO*45*112.54~
REF*6R*3OXP0003057716-6~
AMT*B6*5.46~
SVC*HC>97110>GP*270*27.06*0421*2~
DTM*472*20211210~
CAS*CO*45*242.94~
REF*6R*3OXP0003057716-7~
AMT*B6*27.06~
SVC*HC>97530>GP*119*22.21*0421*1~
DTM*472*20211210~
CAS*CO*45*96.79~
REF*6R*3OXP0003057716-8~
AMT*B6*22.21~
SVC*HC>97016>GP*118*5.46*0421*1~
DTM*472*20211215~
CAS*CO*45*112.54~
REF*6R*3OXP0003057716-9~
AMT*B6*5.46~
SVC*HC>97110>GP*270*27.06*0421*2~
DTM*472*20211215~
CAS*CO*45*242.94~
REF*6R*3OXP0003057716-10~
AMT*B6*27.06~
SVC*HC>97112>GP*118*20.06*0421*1~
DTM*472*20211215~
CAS*CO*45*97.94~
REF*6R*3OXP0003057716-11~
AMT*B6*20.06~
SVC*HC>97016>GP*118*5.46*0421*1~
DTM*472*20211222~
CAS*CO*45*112.54~
REF*6R*3OXP0003057716-12~
AMT*B6*5.46~
SVC*HC>97150>GP*75*0*0421*1~
DTM*472*20211222~
CAS*CO*204*75~
REF*6R*3OXP0003057716-13~
SVC*HC>97530>GP>59*119*22.21*0421*1~
DTM*472*20211222~
CAS*CO*45*96.79~
REF*6R*3OXP0003057716-14~
AMT*B6*22.21~
SVC*HC>97110>GP*270*27.06*0421*2~
DTM*472*20211227~
CAS*CO*45*242.94~
REF*6R*3OXP0003057716-15~
AMT*B6*27.06~
SVC*HC>97112>GP*118*20.06*0421*1~
DTM*472*20211227~
CAS*CO*45*97.94~
REF*6R*3OXP0003057716-16~
AMT*B6*20.06~
SVC*HC>97161>GP*242*58.14*0424*1~
DTM*472*20211203~
CAS*CO*45*183.86~
REF*6R*3OXP0003057716-17~
AMT*B6*58.14~
CLP*VAQ21453*2*2028.75*0**HM*200120089*13*1~
NM1*QC*1*WILLIAMS*DEBRA*K***MI*0053001716~
NM1*82*2*OTSEGO MEMORIAL HOSPITAL*****XX*1124028972~
REF*CE*MEDICAID~
DTM*232*20211210~
DTM*050*20220106~
SVC*NU>0250*126.75*0**1~
DTM*472*20211210~
CAS*OA*23*126.75~
SVC*HC>71260*1902*0*0352*1~
DTM*472*20211210~
CAS*OA*23*1902~
REF*6R*3OXP0003057494-2~
SE*322*1044~
ST*835*1050~
BPR*I*576.76*C*CHK************20220117~
TRN*1*4380618*1383253977~
DTM*405*20220115~
N1*PR*MERIDIAN HEALTH PLAN~
N3*777 WOODWARD AVE*SUITE 600~
N4*DETROIT*MI*48226~
REF*2U*52563~
PER*BL*EDI TEAM*EM*EDITEAM@MHPLAN.COM~
PER*IC**UR*WWW.MHPLAN.COM/MI~
N1*PE*MUNSON HEALTHCARE OMH MEDICAL GROUP-GAYLORD*FI*381303843~
N3*271 W MCCOY RD~
N4*GAYLORD*MI*49735~
LX*1~
TS3*1770568248*11*20221231*1*995~
CLP*C21002GG*1*995*576.76**HM*200244977*11~
NM1*QC*1*BLOOM*BARBARA*I***MI*0041497444~
NM1*82*1*SLIVINSKI*SHELLY*R***XX*1770568248~
REF*CE*MEDICAID~
DTM*050*20220111~
SVC*HC>20610>RT*131*37.24**1~
DTM*472*20220104~
CAS*CO*45*93.76~
REF*6R*3041288~
AMT*B6*37.24~
SVC*HC>J7325*864*539.52**48~
DTM*472*20220104~
CAS*CO*45*324.48~
REF*6R*3041289~
AMT*B6*539.52~
SE*31*1050~
ST*835*1060~
BPR*I*56.29*C*CHK************20220117~
TRN*1*4380614*1383253977~
DTM*405*20220115~
N1*PR*MERIDIAN HEALTH PLAN~
N3*777 WOODWARD AVE*SUITE 600~
N4*DETROIT*MI*48226~
REF*2U*52563~
PER*BL*EDI TEAM*EM*EDITEAM@MHPLAN.COM~
PER*IC**UR*WWW.MHPLAN.COM/MI~
N1*PE*OMH MEDICAL GROUP*FI*381303843~
N3*271 MCCOY RD W~
N4*GAYLORD*MI*49735~
LX*1~
TS3*1598754715*11*20221231*1*.01~
CLP*C21002G0*4*.01*0**HM*200244980*11~
NM1*QC*1*TROWBRIDGE*KATANA*A***MI*0034354254~
NM1*82*1*COLLAZO*LUIS*RAUL***XX*1598754715~
REF*CE*MEDICAID~
DTM*050*20220111~
SVC*HC>98966*.01*0**1~
DTM*472*20220104~
CAS*CO*246*.01~
REF*6R*3039264~
LX*2~
TS3*1700806882*22*20221231*2*100~
CLP*C21002G8*4*50*0**HM*200244959*22~
NM1*QC*1*DRZEWIECKI*TAYLOR*M***MI*1072822115~
REF*CE*MEDICAID~
DTM*050*20220111~
SVC*HC>59025>26*50*0**1~
DTM*472*20220104~
CAS*CO*22*50~
REF*6R*3040561~
CLP*C21002GB*4*50*0**HM*200244965*22~
NM1*QC*1*SOIK*TIFFANY*M***MI*0004769005~
NM1*82*1*MINER*DAVID*W***XX*1700806882~
REF*CE*MEDICAID~
DTM*050*20220111~
SVC*HC>59025>26*50*0**1~
DTM*472*20220103~
CAS*CO*204*50~
REF*6R*3040639~
LX*3~
TS3*1902150741*11*20221231*1*132~
CLP*C21002G6*1*132*7.13**HM*200244934*11~
NM1*QC*1*STEWART*BROOKLYNN*M***MI*0030627424~
NM1*82*1*HODSON*JULIE*A***XX*1902150741~
REF*CE*MEDICAID~
DTM*050*20220111~
SVC*HC>J1050*84*0**150~
DTM*472*20220106~
CAS*CO*16*84~
REF*6R*3040105~
LQ*HE*M119~
SVC*HC>96372*35*0**1~
DTM*472*20220106~
CAS*CO*16*35~
REF*6R*3040106~
LQ*HE*M51~
SVC*HC>81025*13*7.13**1~
DTM*472*20220106~
CAS*CO*45*5.87~
REF*6R*3040107~
AMT*B6*7.13~
LX*4~
TS3*1982092565*21*20221231*1*1051~
CLP*VAQ24051*1*1051*49.16**HM*200275892*21~
NM1*QC*1*MARTIN*CRYSTAL*M***MI*0042062773~
NM1*82*1*DEVRIES*CURTIS*J***XX*1982092565~
REF*CE*MEDICAID~
DTM*050*20220112~
SVC*HC>01967>QZ*1051*49.16**1~
DTM*472*20211228~
CAS*CO*45*1001.84~
REF*6R*3OXP0003062010-1~
AMT*B6*49.16~
SE*78*1060~
ST*835*1080~
BPR*I*521.34*C*CHK************20220117~
TRN*1*4380616*1383253977~
DTM*405*20220115~
N1*PR*MERIDIAN HEALTH PLAN~
N3*777 WOODWARD AVE*SUITE 600~
N4*DETROIT*MI*48226~
REF*2U*52563~
PER*BL*EDI TEAM*EM*EDITEAM@MHPLAN.COM~
PER*IC**UR*WWW.MHPLAN.COM/MI~
N1*PE*MUNSON HEALTHCARE OTSEGO MEMORIAL HOSPITAL*XX*1376568865~
N3*825 N CENTER AVE~
N4*GAYLORD*MI*49735~
REF*TJ*381303843~
LX*1~
TS3*1124028972*13*20221231*5*11344~
CLP*VAP95653*1*931*159.72**HM*200249196*13*7~
NM1*QC*1*GELOWCALKINS*MARY*K***MI*1220851115~
NM1*74*1*GELOW-CALKINS*MARY****C*1220851115~
NM1*82*2*OTSEGO MEMORIAL HOSPITAL*****XX*1124028972~
REF*CE*MEDICAID~
DTM*232*20211019~
DTM*050*20220111~
SVC*HC>74230*492*106.24*0320*1~
DTM*472*20211019~
CAS*CO*45*385.76~
REF*6R*3OXP0003061875-1~
AMT*B6*106.24~
SVC*HC>92611>GN*439*53.48*0444*1~
DTM*472*20211019~
CAS*CO*45*385.52~
REF*6R*3OXP0003061875-2~
AMT*B6*53.48~
CLP*VAQ21297*1*1678*223.82**HM*200109015*13*1~
NM1*QC*1*GREEN*RYAN*A***MI*0025420691~
NM1*82*2*OTSEGO MEMORIAL HOSPITAL*****XX*1124028972~
REF*CE*MEDICAID~
DTM*232*20211004~
DTM*233*20211031~
DTM*050*20220106~
SVC*HC>97110>GP*270*30.84*0421*2~
DTM*472*20211004~
CAS*CO*45*239.16~
REF*6R*3OXP0003057798-1~
AMT*B6*30.84~
SVC*HC>97110>GP*270*27.06*0421*2~
DTM*472*20211008~
CAS*CO*45*242.94~
REF*6R*3OXP0003057798-2~
AMT*B6*27.06~
SVC*HC>97530>GP*119*22.21*0421*1~
DTM*472*20211008~
CAS*CO*45*96.79~
REF*6R*3OXP0003057798-3~
AMT*B6*22.21~
SVC*HC>97016>GP*118*5.46*0421*1~
DTM*472*20211011~
CAS*CO*45*112.54~
REF*6R*3OXP0003057798-4~
AMT*B6*5.46~
SVC*HC>97110>GP*270*27.06*0421*2~
DTM*472*20211011~
CAS*CO*45*242.94~
REF*6R*3OXP0003057798-5~
AMT*B6*27.06~
SVC*HC>97530>GP*119*22.21*0421*1~
DTM*472*20211011~
CAS*CO*45*96.79~
REF*6R*3OXP0003057798-6~
AMT*B6*22.21~
SVC*HC>97110>GP*270*30.84*0421*2~
DTM*472*20211013~
CAS*CO*45*239.16~
REF*6R*3OXP0003057798-7~
AMT*B6*30.84~
SVC*HC>97161>GP*242*58.14*0424*1~
DTM*472*20211004~
CAS*CO*45*183.86~
REF*6R*3OXP0003057798-8~
AMT*B6*58.14~
CLP*VAQ23596*4*1256.5*0**HM*200198115*13*1~
NM1*QC*1*KUBINEC*RYLEE*R***MI*1264556806~
NM1*PR*2*OTSEGO MEMORIAL HOSPITAL*****FI*381303843~
REF*CE*MEDICAID~
DTM*232*20220104~
DTM*050*20220110~
SVC*NU>0250*4.5*0**1~
DTM*472*20220104~
CAS*CO*22*4.5~
SVC*HC>87631*446*0*0306*1~
DTM*472*20220104~
CAS*CO*22*446~
REF*6R*3OXP0003060352-2~
SVC*HC>87635*209*0*0306*2~
DTM*472*20220104~
CAS*CO*22*209~
REF*6R*3OXP0003060352-3~
SVC*HC>99283>CS*597*0*0450*1~
DTM*472*20220104~
CAS*CO*22*597~
REF*6R*3OXP0003060352-4~
CLP*VAP41258*4*6881.5*0**HM*199758082*13*1~
NM1*QC*1*MILLER*DOLORES*K***MI*0095151109~
NM1*82*2*OTSEGO MEMORIAL HOSPITAL*****XX*1124028972~
REF*CE*MEDICAID~
DTM*232*20210528~
DTM*050*20211223~
SVC*HC>Q5108>TB*6786.5*0*0636*12~
DTM*472*20210528~
CAS*CO*197*6786.5~
REF*6R*3OXP0003047546-1~
SVC*HC>96372*95*0*0940*1~
DTM*472*20210528~
CAS*CO*197*95~
REF*6R*3OXP0003047546-2~
CLP*VAP69523*1*597*137.8**HM*200249195*13*7~
NM1*QC*1*PERRAULT*KATIE****MI*0024803043~
NM1*82*2*OTSEGO MEMORIAL HOSPITAL*****XX*1124028972~
REF*CE*MEDICAID~
DTM*232*20210824~
DTM*050*20220111~
SVC*HC>99283*597*137.8*0450*1~
DTM*472*20210824~
CAS*CO*45*459.2~
REF*6R*3OXP0003061874-1~
AMT*B6*137.8~
SE*127*1080~
ST*835*1091~
BPR*H*0*C*NON************20220117~
TRN*1*38130384308033061*1383253977~
DTM*405*20220115~
N1*PR*MERIDIAN HEALTH PLAN~
N3*777 WOODWARD AVE*SUITE 600~
N4*DETROIT*MI*48226~
REF*2U*52563~
PER*BL*EDI TEAM*EM*EDITEAM@MHPLAN.COM~
PER*IC**UR*WWW.MHPLAN.COM/MI~
N1*PE*OSTEGO MEMORIAL HOSPITAL*XX*1942375050~
N3*825 N CENTER AVE~
N4*GAYLORD*MI*49735~
REF*TJ*381303843~
LX*1~
TS3*1124028972*13*20221231*1*21662.4~
CLP*VAQ16692*4*21662.4*0**HM*200249199*13*1~
NM1*QC*1*KUBINEC*RACHEL*A***MI*0001801941~
NM1*82*2*OTSEGO MEMORIAL HOSPITAL*****XX*1124028972~
REF*CE*MEDICAID~
DTM*232*20211212~
DTM*050*20220111~
SVC*NU>0250*1302.25*0**19~
DTM*472*20211212~
CAS*CO*B13*1302.25~
SVC*NU>0270*531*0**5~
DTM*472*20211212~
CAS*CO*B13*531~
SVC*NU>0272*2016.3*0**22~
DTM*472*20211212~
CAS*CO*B13*2016.3~
SVC*HC>C1713*800*0*0278*1~
DTM*472*20211212~
CAS*CO*B13*800~
REF*6R*3OXP0003061864-4~
SVC*HC>C1781*2070.25*0*0278*1~
DTM*472*20211212~
CAS*CO*B13*2070.25~
REF*6R*3OXP0003061864-5~
SVC*HC>36415*23*0*0300*1~
DTM*472*20211212~
CAS*CO*B13*23~
REF*6R*3OXP0003061864-6~
SVC*HC>80053*129*0*0300*1~
DTM*472*20211212~
CAS*CO*B13*129~
REF*6R*3OXP0003061864-7~
SVC*HC>83690*73*0*0301*1~
DTM*472*20211212~
CAS*CO*B13*73~
REF*6R*3OXP0003061864-8~
SVC*HC>84703*59*0*0301*1~
DTM*472*20211212~
CAS*CO*B13*59~
REF*6R*3OXP0003061864-9~
SVC*HC>U0002*102.6*0*0302*1~
DTM*472*20211212~
CAS*CO*B13*102.6~
REF*6R*3OXP0003061864-10~
SVC*HC>85025*70*0*0305*1~
DTM*472*20211212~
CAS*CO*B13*70~
REF*6R*3OXP0003061864-11~
SVC*HC>85610*40*0*0305*1~
DTM*472*20211212~
CAS*CO*B13*40~
REF*6R*3OXP0003061864-12~
SVC*HC>85730*54*0*0305*1~
DTM*472*20211212~
CAS*CO*B13*54~
REF*6R*3OXP0003061864-13~
SVC*HC>81003*24*0*0307*1~
DTM*472*20211212~
CAS*CO*B13*24~
REF*6R*3OXP0003061864-14~
SVC*HC>74177*3341*0*0352*1~
DTM*472*20211212~
CAS*CO*B13*3341~
REF*6R*3OXP0003061864-15~
SVC*HC>49655*6384*0*0360*1~
DTM*472*20211212~
CAS*CO*B13*6384~
REF*6R*3OXP0003061864-16~
SVC*NU>0370*1396*0**15~
DTM*472*20211212~
CAS*CO*B13*1396~
SVC*HC>99285>25*1419*0*0450*1~
DTM*472*20211212~
CAS*CO*B13*1419~
REF*6R*3OXP0003061864-18~
SVC*NU>0710*1663*0**2~
DTM*472*20211212~
CAS*CO*B13*1663~
SVC*HC>93005>59*165*0*0730*1~
DTM*472*20211212~
CAS*CO*B13*165~
REF*6R*3OXP0003061864-20~
SE*98*1091~
ST*835*1101~
BPR*I*26530.66*C*CHK************20220117~
TRN*1*4380617*1383253977~
DTM*405*20220115~
N1*PR*MERIDIAN HEALTH PLAN~
N3*777 WOODWARD AVE*SUITE 600~
N4*DETROIT*MI*48226~
REF*2U*52563~
PER*BL*EDI TEAM*EM*EDITEAM@MHPLAN.COM~
PER*IC**UR*WWW.MHPLAN.COM/MI~
N1*PE*MUNSON HEALTHCARE OTSEGO MEMORIAL*XX*1821064643~
N3*271 W MCCOY RD~
N4*GAYLORD*MI*49735~
REF*TJ*381303843~
LX*1~
TS3*1124028972*11*20221231*3*12011~
CLP*VAQ24628*1*4082.5*2411.62**HM*200276280*11*1**5602~
NM1*QC*1*PARKHURST*HAILEIGH*R***MI*0087930046~
NM1*82*2*OTSEGO MEMORIAL HOSPITAL*****XX*1124028972~
REF*CE*MEDICAID~
DTM*232*20220104~
DTM*233*20220105~
DTM*050*20220112~
SVC*NU>0120*1827*2411.62**1~
DTM*472*20220104~
CAS*CO*94*-584.62~
AMT*B6*2411.62~
SVC*NU>0250*102*0**10~
DTM*472*20220104~
CAS*CO*97*102~
SVC*NU>0300*46*0**2~
DTM*472*20220104~
CAS*CO*97*46~
SVC*NU>0301*259.9*0**2~
DTM*472*20220104~
CAS*CO*97*259.9~
SVC*NU>0302*191.6*0**3~
DTM*472*20220104~
CAS*CO*97*191.6~
SVC*NU>0305*372*0**5~
DTM*472*20220104~
CAS*CO*97*372~
SVC*NU>0307*24*0**1~
DTM*472*20220104~
CAS*CO*97*24~
SVC*NU>0720*662*0**1~
DTM*472*20220104~
CAS*CO*97*662~
SVC*NU>0920*598*0**1~
DTM*472*20220104~
CAS*CO*97*598~
CLP*VAQ21103*1*6280.25*2005.55**HM*200207688*11*1**7702*.506~
NM1*QC*1*PENDRYS*BRANDON*R***MI*0022736620~
NM1*82*2*OTSEGO MEMORIAL HOSPITAL*****XX*1124028972~
REF*CE*MEDICAID~
DTM*232*20211222~
DTM*233*20211224~
DTM*050*20220110~
SVC*NU>0120*1830*2005.55**1~
DTM*472*20211222~
CAS*CO*94*-175.55~
AMT*B6*2005.55~
SVC*NU>0200*3112*0**1~
DTM*472*20211222~
CAS*CO*97*3112~
SVC*NU>0250*498.25*0**33~
DTM*472*20211222~
CAS*CO*97*498.25~
SVC*NU>0300*46*0**2~
DTM*472*20211222~
CAS*CO*97*46~
SVC*NU>0301*467*0**6~
DTM*472*20211222~
CAS*CO*97*467~
SVC*NU>0305*140*0**2~
DTM*472*20211222~
CAS*CO*97*140~
SVC*NU>0761*187*0**1~
DTM*472*20211222~
CAS*CO*97*187~
CLP*VAQ16694*1*1648.25*804.06**HM*200252153*11*1**6401*.6304~
NM1*QC*1*SIMMONS*ARIEL****MI*1267714097~
NM1*82*2*OTSEGO MEMORIAL HOSPITAL*****XX*1124028972~
REF*CE*MEDICAID~
DTM*232*20211212~
DTM*233*20211213~
DTM*050*20220112~
SVC*NU>0170*978*804.06**1~
DTM*472*20211212~
CAS*CO*45*173.94~
AMT*B6*804.06~
SVC*NU>0250*36.25*0**3~
DTM*472*20211212~
CAS*CO*97*36.25~
SVC*NU>0300*23*0**1~
DTM*472*20211212~
CAS*CO*97*23~
SVC*NU>0301*161*0**2~
DTM*472*20211212~
CAS*CO*97*161~
SVC*NU>0302*205*0**2~
DTM*472*20211212~
CAS*CO*97*205~
SVC*NU>0460*198*0**1~
DTM*472*20211212~
CAS*CO*97*198~
SVC*NU>0470*47*0**1~
DTM*472*20211212~
CAS*CO*97*47~
LX*2~
TS3*1124028972*13*20221231*56*145659.52~
CLP*VAQ25514*1*8786.4*690.64**HM*200348693*13*1~
NM1*QC*1*ADEN*COLLEEN*M***MI*0003881987~
NM1*82*2*OTSEGO MEMORIAL HOSPITAL*****XX*1124028972~
REF*CE*MEDICAID~
DTM*232*20220108~
DTM*050*20220114~
SVC*NU>0250*191.5*0**4~
DTM*472*20220108~
CAS*CO*97*191.5~
SVC*HC>36415*23*0*0300*1~
DTM*472*20220108~
CAS*CO*97*23~
REF*6R*3OXP0003064265-2~
LQ*HE*M15~
SVC*HC>80048*88*0*0301*1~
DTM*472*20220108~
CAS*CO*97*88~
REF*6R*3OXP0003064265-3~
LQ*HE*M15~
SVC*HC>84484*102*0*0301*1~
DTM*472*20220108~
CAS*CO*97*102~
REF*6R*3OXP0003064265-4~
LQ*HE*M15~
SVC*HC>G0480*259.9*0*0301*1~
DTM*472*20220108~
CAS*CO*97*259.9~
REF*6R*3OXP0003064265-5~
LQ*HE*M15~
SVC*HC>85025*70*0*0305*1~
DTM*472*20220108~
CAS*CO*97*70~
REF*6R*3OXP0003064265-6~
LQ*HE*M15~
SVC*HC>70450>59*1437*258.9*0351*1~
DTM*472*20220108~
CAS*CO*45*1178.1~
REF*6R*3OXP0003064265-7~
AMT*B6*258.9~
SVC*HC>70496*2239*0*0351*1~
DTM*472*20220108~
CAS*CO*97*2239~
REF*6R*3OXP0003064265-8~
LQ*HE*M15~
SVC*HC>70498*2529*0*0352*1~
DTM*472*20220108~
CAS*CO*97*2529~
REF*6R*3OXP0003064265-9~
LQ*HE*M15~
SVC*HC>99285>25*1419*310.66*0450*1~
DTM*472*20220108~
CAS*CO*45*1108.34~
REF*6R*3OXP0003064265-10~
AMT*B6*310.66~
SVC*HC>93005*165*0*0730*1~
DTM*472*20220108~
CAS*CO*97*165~
REF*6R*3OXP0003064265-11~
LQ*HE*M15~
SVC*HC>96374>XU*263*121.08*0940*1~
DTM*472*20220108~
CAS*CO*45*141.92~
REF*6R*3OXP0003064265-12~
AMT*B6*121.08~
CLP*VAQ24809*1*14090.37*2623.68**HM*200314579*13*1~
NM1*QC*1*BARB*CARRIE*L***MI*0040097353~
NM1*82*2*OTSEGO MEMORIAL HOSPITAL*****XX*1124028972~
REF*CE*MEDICAID~
DTM*232*20220106~
DTM*050*20220113~
SVC*NU>0250*543.75*0**1~
DTM*472*20220106~
CAS*CO*97*543.75~
SVC*NU>0270*585*0**4~
DTM*472*20220106~
CAS*CO*97*585~
SVC*NU>0272*2772.94*0**4~
DTM*472*20220106~
CAS*CO*97*2772.94~
SVC*HC>81025*55*0*0301*1~
DTM*472*20220106~
CAS*CO*97*55~
REF*6R*3OXP0003063702-4~
LQ*HE*M15~
SVC*HC>88305*200*0*0312*1~
DTM*472*20220106~
CAS*CO*97*200~
REF*6R*3OXP0003063702-5~
LQ*HE*M15~
SVC*HC>58563*7914.68*2623.68*0360*1~
DTM*472*20220106~
CAS*CO*45*5291~
REF*6R*3OXP0003063702-6~
AMT*B6*2623.68~
SVC*NU>0370*720*0**7~
DTM*472*20220106~
CAS*CO*97*720~
SVC*NU>0710*1299*0**1~
DTM*472*20220106~
CAS*CO*97*1299~
CLP*VAQ25097*1*1108.25*163.08**HM*200314583*13*1~
NM1*QC*1*BEARD*KEYLARA*L***MI*1008795744~
NM1*82*2*OTSEGO MEMORIAL HOSPITAL*****XX*1124028972~
REF*CE*MEDICAID~
DTM*232*20220107~
DTM*050*20220113~
SVC*NU>0250*3.25*0**1~
DTM*472*20220107~
CAS*CO*97*3.25~
SVC*HC>87502*299*0*0306*1~
DTM*472*20220107~
CAS*CO*97*299~
REF*6R*3OXP0003063704-2~
LQ*HE*M15~
SVC*HC>87635*209*25.28*0306*1~
DTM*472*20220107~
CAS*CO*45*183.72~
REF*6R*3OXP0003063704-3~
AMT*B6*25.28~
SVC*HC>99283>CS*597*137.8*0450*1~
DTM*472*20220107~
CAS*CO*45*459.2~
REF*6R*3OXP0003063704-4~
AMT*B6*137.8~
CLP*VAQ24227*1*717*64.84**HM*200276278*13*1~
NM1*QC*1*BOLINGER*CHELSEA*A***MI*0084903976~
NM1*82*2*OTSEGO MEMORIAL HOSPITAL*****XX*1124028972~
REF*CE*MEDICAID~
DTM*232*20211230~
DTM*050*20220112~
SVC*HC>76801*717*64.84*0402*1~
DTM*472*20211230~
CAS*CO*45*652.16~
REF*6R*3OXP0003062027-1~
AMT*B6*64.84~
CLP*VAQ23536*4*290*0**HM*200198173*13*1~
NM1*QC*1*BOOKER*ANNABELLE*S***MI*1133777498~
NM1*82*2*OTSEGO MEMORIAL HOSPITAL*****XX*1124028972~
REF*CE*MEDICAID~
DTM*232*20211213~
DTM*233*20211231~
DTM*050*20220110~
SVC*HC>92507>GN*290*0*0441*1~
DTM*472*20211230~
CAS*CO*B13*290~
REF*6R*3OXP0003060295-1~
CLP*VAQ21516*1*1371*224.39**HM*200109020*13*1~
NM1*QC*1*BURKE*JEFF*P***MI*1196494498~
NM1*82*2*OTSEGO MEMORIAL HOSPITAL*****XX*1124028972~
REF*CE*MEDICAID~
DTM*232*20211221~
DTM*050*20220106~
SVC*HC>78315*1255*224.39*0341*1~
DTM*472*20211221~
CAS*CO*45*1030.61~
REF*6R*3OXP0003057720-1~
AMT*B6*224.39~
SVC*HC>A9503*116*0*0343*1~
DTM*472*20211221~
CAS*CO*97*116~
REF*6R*3OXP0003057720-2~
LQ*HE*M15~
CLP*VAQ24695*1*597*137.8**HM*200276279*13*1~
NM1*QC*1*BURNS*ZADIE*M***MI*1260934947~
NM1*82*2*OTSEGO MEMORIAL HOSPITAL*****XX*1124028972~
REF*CE*MEDICAID~
DTM*232*20220106~
DTM*050*20220112~
SVC*HC>99283*597*137.8*0450*1~
DTM*472*20220106~
CAS*CO*45*459.2~
REF*6R*3OXP0003062601-1~
AMT*B6*137.8~
CLP*VAQ25496*1*952.25*137.8**HM*200348702*13*1~
NM1*QC*1*CAMPBELL*AMANDA*L***MI*0084351845~
NM1*82*2*OTSEGO MEMORIAL HOSPITAL*****XX*1124028972~
REF*CE*MEDICAID~
DTM*232*20220108~
DTM*050*20220114~
SVC*NU>0250*2.25*0**1~
DTM*472*20220108~
CAS*CO*97*2.25~
SVC*HC>36415*23*0*0300*1~
DTM*472*20220108~
CAS*CO*97*23~
REF*6R*3OXP0003064397-2~
LQ*HE*M15~
SVC*HC>99283>25*597*137.8*0450*1~
DTM*472*20220108~
CAS*CO*45*459.2~
REF*6R*3OXP0003064397-3~
AMT*B6*137.8~
SVC*HC>93005*330*0*0730*2~
DTM*472*20220108~
CAS*CO*97*330~
REF*6R*3OXP0003064397-4~
LQ*HE*M15~
CLP*VAQ24644*1*257*48.14**HM*200276307*13*1~
NM1*QC*1*CAMPBELL*TIFFANY*J***MI*0094177011~
NM1*82*2*OTSEGO MEMORIAL HOSPITAL*****XX*1124028972~
REF*CE*MEDICAID~
DTM*232*20220104~
DTM*050*20220112~
SVC*HC>73130*257*48.14*0320*1~
DTM*472*20220104~
CAS*CO*45*208.86~
REF*6R*3OXP0003062431-1~
AMT*B6*48.14~
CLP*VAQ24205*1*2491*136.93**HM*200276304*13*1~
NM1*QC*1*CARNAHAN*KRISTA*S***MI*0071390659~
NM1*82*2*OTSEGO MEMORIAL HOSPITAL*****XX*1124028972~
REF*CE*MEDICAID~
DTM*232*20220103~
DTM*050*20220112~
SVC*HC>72141*2491*136.93*0612*1~
DTM*472*20220103~
CAS*CO*45*2354.07~
REF*6R*3OXP0003062078-1~
AMT*B6*136.93~
CLP*VAQ25485*1*3312.73*539.39**HM*200348698*13*1~
NM1*QC*1*CESARO*LINDA*S***MI*0088566284~
NM1*82*2*OTSEGO MEMORIAL HOSPITAL*****XX*1124028972~
REF*CE*MEDICAID~
DTM*232*20220108~
DTM*050*20220114~
SVC*NU>0250*567.73*0**5~
DTM*472*20220108~
CAS*CO*97*567.73~
SVC*HC>96365>59*383*121.08*0260*1~
DTM*472*20220108~
CAS*CO*45*261.92~
REF*6R*3OXP0003064289-2~
AMT*B6*121.08~
SVC*HC>12004*344*0*0761*1~
DTM*472*20220108~
CAS*CO*97*344~
REF*6R*3OXP0003064289-3~
LQ*HE*M15~
SVC*HC>90675*929*194.88*0761*1~
DTM*472*20220108~
CAS*CO*45*734.12~
REF*6R*3OXP0003064289-4~
AMT*B6*194.88~
SVC*HC>99284>25*1016*216.43*0450*1~
DTM*472*20220108~
CAS*CO*45*799.57~
REF*6R*3OXP0003064289-5~
AMT*B6*216.43~
SVC*HC>90471*73*7*0771*1~
DTM*472*20220108~
CAS*CO*45*66~
REF*6R*3OXP0003064289-6~
AMT*B6*7~
CLP*VAQ24218*1*766*64.84**HM*200276276*13*1~
NM1*QC*1*COTTEE*JANINE*V***MI*0057218294~
NM1*82*2*OTSEGO MEMORIAL HOSPITAL*****XX*1124028972~
REF*CE*MEDICAID~
DTM*232*20211230~
DTM*050*20220112~
SVC*HC>76805*766*64.84*0402*1~
DTM*472*20211230~
CAS*CO*45*701.16~
REF*6R*3OXP0003062551-1~
AMT*B6*64.84~
CLP*VAQ24267*1*598*101.34**HM*200276275*13*1~
NM1*QC*1*CROSSMAN*CRISTY*L***MI*0079387551~
NM1*82*2*OTSEGO MEMORIAL HOSPITAL*****XX*1124028972~
REF*CE*MEDICAID~
DTM*232*20211223~
DTM*050*20220112~
SVC*HC>59025*598*101.34*0920*1~
DTM*472*20211223~
CAS*CO*45*496.66~
REF*6R*3OXP0003062212-1~
AMT*B6*101.34~
CLP*VAQ24551*1*598*101.34**HM*200276282*13*1~
NM1*QC*1*CROSSMAN*CRISTY*L***MI*0079387551~
NM1*82*2*OTSEGO MEMORIAL HOSPITAL*****XX*1124028972~
REF*CE*MEDICAID~
DTM*232*20220103~
DTM*050*20220112~
SVC*HC>59025*598*101.34*0920*1~
DTM*472*20220103~
CAS*CO*45*496.66~
REF*6R*3OXP0003062213-1~
AMT*B6*101.34~
CLP*VAQ24668*1*17458.77*5534.51**HM*200276270*13*1~
NM1*QC*1*DAFOE*NEAL*H***MI*1229878728~
NM1*82*2*OTSEGO MEMORIAL HOSPITAL*****XX*1124028972~
REF*CE*MEDICAID~
DTM*232*20220106~
DTM*050*20220112~
SVC*NU>0250*52*0**1~
DTM*472*20220106~
CAS*CO*97*52~
SVC*HC>96365*459*121.08*0260*1~
DTM*472*20220106~
CAS*CO*45*337.92~
REF*6R*3OXP0003062541-2~
AMT*B6*121.08~
SVC*HC>96366*584*95.2*0260*4~
DTM*472*20220106~
CAS*CO*45*488.8~
REF*6R*3OXP0003062541-3~
AMT*B6*95.2~
SVC*HC>J1200*33*0*0636*1~
DTM*472*20220106~
CAS*CO*97*33~
REF*6R*3OXP0003062541-4~
LQ*HE*M15~
SVC*HC>J1569>59*1759.96*529.44*0636*20~
DTM*472*20220106~
CAS*CO*45*1230.52~
REF*6R*3OXP0003062541-5~
AMT*B6*529.44~
SVC*HC>J1569*14421.81*4764.99*0636*180~
DTM*472*20220106~
CAS*CO*45*9656.82~
REF*6R*3OXP0003062541-6~
AMT*B6*4764.99~
SVC*HC>96375*149*23.8*0940*1~
DTM*472*20220106~
CAS*CO*45*125.2~
REF*6R*3OXP0003062541-7~
AMT*B6*23.8~
CLP*VAQ24326*1*642*64.84**HM*200276293*13*1~
NM1*QC*1*DAGOSTINO*LAUREN*F***MI*0088693278~
NM1*82*2*OTSEGO MEMORIAL HOSPITAL*****XX*1124028972~
REF*CE*MEDICAID~
DTM*232*20211230~
DTM*050*20220112~
SVC*HC>72040*291*0*0320*1~
DTM*472*20211230~
CAS*CO*97*291~
REF*6R*3OXP0003062076-1~
LQ*HE*M15~
SVC*HC>72072*351*64.84*0320*1~
DTM*472*20211230~
CAS*CO*45*286.16~
REF*6R*3OXP0003062076-2~
AMT*B6*64.84~
CLP*VAQ25526*1*1148*216.43**HM*200348688*13*1~
NM1*QC*1*DAVIS*ALEXANDRIA*A***MI*0093583974~
NM1*82*2*OTSEGO MEMORIAL HOSPITAL*****XX*1124028972~
REF*CE*MEDICAID~
DTM*232*20220108~
DTM*050*20220114~
SVC*NU>0250*33*0**1~
DTM*472*20220108~
CAS*CO*97*33~
SVC*HC>99284>25*1016*216.43*0450*1~
DTM*472*20220108~
CAS*CO*45*799.57~
REF*6R*3OXP0003064326-2~
AMT*B6*216.43~
SVC*HC>96372*99*0*0940*1~
DTM*472*20220108~
CAS*CO*97*99~
REF*6R*3OXP0003064326-3~
LQ*HE*M15~
CLP*VAQ24689*1*4369*498.24**HM*200276273*13*1~
NM1*QC*1*DOLLEY*MARTIN*M***MI*1180625703~
NM1*82*2*OTSEGO MEMORIAL HOSPITAL*****XX*1124028972~
REF*CE*MEDICAID~
DTM*232*20220106~
DTM*050*20220112~
SVC*NU>0250*131*0**1~
DTM*472*20220106~
CAS*CO*97*131~
SVC*HC>36415*23*0*0300*1~
DTM*472*20220106~
CAS*CO*97*23~
REF*6R*3OXP0003062299-2~
LQ*HE*M15~
SVC*HC>80048*88*0*0301*1~
DTM*472*20220106~
CAS*CO*97*88~
REF*6R*3OXP0003062299-3~
LQ*HE*M15~
SVC*HC>85025*70*0*0305*1~
DTM*472*20220106~
CAS*CO*97*70~
REF*6R*3OXP0003062299-4~
LQ*HE*M15~
SVC*HC>81003*24*0*0307*1~
DTM*472*20220106~
CAS*CO*97*24~
REF*6R*3OXP0003062299-5~
LQ*HE*M15~
SVC*HC>74176*2605*136.93*0352*1~
DTM*472*20220106~
CAS*CO*45*2468.07~
REF*6R*3OXP0003062299-6~
AMT*B6*136.93~
SVC*HC>99284>25*1016*216.43*0450*1~
DTM*472*20220106~
CAS*CO*45*799.57~
REF*6R*3OXP0003062299-7~
AMT*B6*216.43~
SVC*HC>96374*263*121.08*0940*1~
DTM*472*20220106~
CAS*CO*45*141.92~
REF*6R*3OXP0003062299-8~
AMT*B6*121.08~
SVC*HC>96375*149*23.8*0940*1~
DTM*472*20220106~
CAS*CO*45*125.2~
REF*6R*3OXP0003062299-9~
AMT*B6*23.8~
CLP*VAQ24634*4*598*0**HM*200276271*13*1~
NM1*QC*1*DRZEWIECKI*TAYLOR*M***MI*1072822115~
NM1*PR*2*OTSEGO MEMORIAL HOSPITAL*****FI*381303843~
REF*CE*MEDICAID~
DTM*232*20220104~
DTM*050*20220112~
SVC*HC>59025*598*0*0920*1~
DTM*472*20220104~
CAS*CO*22*598~
REF*6R*3OXP0003062405-1~
CLP*VAQ24621*1*511*48.14**HM*200276272*13*1~
NM1*QC*1*ESSMAKER*MARK*D***MI*1006319385~
NM1*82*2*OTSEGO MEMORIAL HOSPITAL*****XX*1124028972~
REF*CE*MEDICAID~
DTM*232*20220103~
DTM*050*20220112~
SVC*HC>73060*239*0*0320*1~
DTM*472*20220103~
CAS*CO*97*239~
REF*6R*3OXP0003062362-1~
LQ*HE*M15~
SVC*HC>71046*272*48.14*0324*1~
DTM*472*20220103~
CAS*CO*45*223.86~
REF*6R*3OXP0003062362-2~
AMT*B6*48.14~
CLP*VAQ24725*1*2054*385.11**HM*200276284*13*1~
NM1*QC*1*TWEEDIE*JENNIFER*L***MI*0093969627~
NM1*74*1*FALKENHAGEN*JENNIFER*LYNN***C*0093969627~
NM1*82*2*OTSEGO MEMORIAL HOSPITAL*****XX*1124028972~
REF*CE*MEDICAID~
DTM*232*20220106~
DTM*050*20220112~
SVC*NU>0250*182*0**4~
DTM*472*20220106~
CAS*CO*97*182~
SVC*HC>96361*120*23.8*0260*1~
DTM*472*20220106~
CAS*CO*45*96.2~
REF*6R*3OXP0003062598-2~
AMT*B6*23.8~
SVC*HC>36415*23*0*0300*1~
DTM*472*20220106~
CAS*CO*97*23~
REF*6R*3OXP0003062598-3~
LQ*HE*M15~
SVC*HC>80053*129*0*0300*1~
DTM*472*20220106~
CAS*CO*97*129~
REF*6R*3OXP0003062598-4~
LQ*HE*M15~
SVC*HC>85025*70*0*0305*1~
DTM*472*20220106~
CAS*CO*97*70~
REF*6R*3OXP0003062598-5~
LQ*HE*M15~
SVC*HC>99284>25*1016*216.43*0450*1~
DTM*472*20220106~
CAS*CO*45*799.57~
REF*6R*3OXP0003062598-6~
AMT*B6*216.43~
SVC*HC>96374*263*121.08*0940*1~
DTM*472*20220106~
CAS*CO*45*141.92~
REF*6R*3OXP0003062598-7~
AMT*B6*121.08~
SVC*HC>96375*149*23.8*0940*1~
DTM*472*20220106~
CAS*CO*45*125.2~
REF*6R*3OXP0003062598-8~
AMT*B6*23.8~
SVC*HC>96376*102*0*0940*1~
DTM*472*20220106~
CAS*CO*97*102~
REF*6R*3OXP0003062598-9~
LQ*HE*M15~
CLP*VAQ24879*2*4700.6*0**HM*200321213*13*1~
NM1*QC*1*FORSEY*DEBORAH*M***MI*0003244757~
NM1*82*2*OTSEGO MEMORIAL HOSPITAL*****XX*1124028972~
REF*CE*MEDICAID~
DTM*232*20211218~
DTM*050*20220113~
SVC*NU>0250*149*0**1~
DTM*472*20211218~
CAS*OA*23*149~
SVC*HC>96360>59*337*0*0260*1~
DTM*472*20211218~
CAS*OA*23*337~
REF*6R*3OXP0003063874-2~
SVC*HC>96361*120*0*0260*1~
DTM*472*20211218~
CAS*OA*23*120~
REF*6R*3OXP0003063874-3~
SVC*HC>36415*23*0*0300*1~
DTM*472*20211218~
CAS*OA*23*23~
REF*6R*3OXP0003063874-4~
SVC*HC>80048*88*0*0301*1~
DTM*472*20211218~
CAS*OA*23*88~
REF*6R*3OXP0003063874-5~
SVC*HC>83735*54*0*0301*1~
DTM*472*20211218~
CAS*OA*23*54~
REF*6R*3OXP0003063874-6~
SVC*HC>84484*102*0*0301*1~
DTM*472*20211218~
CAS*OA*23*102~
REF*6R*3OXP0003063874-7~
SVC*HC>U0002*102.6*0*0302*1~
DTM*472*20211218~
CAS*OA*23*102.6~
REF*6R*3OXP0003063874-8~
SVC*HC>85025*70*0*0305*1~
DTM*472*20211218~
CAS*OA*23*70~
REF*6R*3OXP0003063874-9~
SVC*HC>71045*220*0*0324*1~
DTM*472*20211218~
CAS*OA*23*220~
REF*6R*3OXP0003063874-10~
SVC*HC>70491*1851*0*0351*1~
DTM*472*20211218~
CAS*OA*23*1851~
REF*6R*3OXP0003063874-11~
SVC*HC>99285>25>CS*1419*0*0450*1~
DTM*472*20211218~
CAS*OA*23*1419~
REF*6R*3OXP0003063874-12~
SVC*HC>93005*165*0*0730*1~
DTM*472*20211218~
CAS*OA*23*165~
REF*6R*3OXP0003063874-13~
CLP*VAQ25073*1*13103*607.77**HM*200314585*13*1~
NM1*QC*1*GAFFNEY*BRIANNA*R***MI*0076982509~
NM1*82*2*OTSEGO MEMORIAL HOSPITAL*****XX*1124028972~
REF*CE*MEDICAID~
DTM*232*20220106~
DTM*050*20220113~
SVC*NU>0250*214*0**1~
DTM*472*20220106~
CAS*CO*97*214~
SVC*HC>96361*120*23.8*0260*1~
DTM*472*20220106~
CAS*CO*45*96.2~
REF*6R*3OXP0003063742-2~
AMT*B6*23.8~
SVC*HC>96365*383*121.08*0260*1~
DTM*472*20220106~
CAS*CO*45*261.92~
REF*6R*3OXP0003063742-3~
AMT*B6*121.08~
SVC*HC>36415*23*0*0300*1~
DTM*472*20220106~
CAS*CO*97*23~
REF*6R*3OXP0003063742-4~
LQ*HE*M15~
SVC*HC>80076*127*0*0300*1~
DTM*472*20220106~
CAS*CO*97*127~
REF*6R*3OXP0003063742-5~
LQ*HE*M15~
SVC*HC>80048*88*0*0301*1~
DTM*472*20220106~
CAS*CO*97*88~
REF*6R*3OXP0003063742-6~
LQ*HE*M15~
SVC*HC>82150*95*0*0301*1~
DTM*472*20220106~
CAS*CO*97*95~
REF*6R*3OXP0003063742-7~
LQ*HE*M15~
SVC*HC>83605*63*0*0301*1~
DTM*472*20220106~
CAS*CO*97*63~
REF*6R*3OXP0003063742-8~
LQ*HE*M15~
SVC*HC>83690*73*0*0301*1~
DTM*472*20220106~
CAS*CO*97*73~
REF*6R*3OXP0003063742-9~
LQ*HE*M15~
SVC*HC>84702*107*0*0301*1~
DTM*472*20220106~
CAS*CO*97*107~
REF*6R*3OXP0003063742-10~
LQ*HE*M15~
SVC*HC>G0480*152*0*0301*1~
DTM*472*20220106~
CAS*CO*97*152~
REF*6R*3OXP0003063742-11~
LQ*HE*M15~
SVC*HC>85025*70*0*0305*1~
DTM*472*20220106~
CAS*CO*97*70~
REF*6R*3OXP0003063742-12~
LQ*HE*M15~
SVC*HC>85610*40*0*0305*1~
DTM*472*20220106~
CAS*CO*97*40~
REF*6R*3OXP0003063742-13~
LQ*HE*M15~
SVC*HC>85730*54*0*0305*1~
DTM*472*20220106~
CAS*CO*97*54~
REF*6R*3OXP0003063742-14~
LQ*HE*M15~
SVC*HC>86850*82*0*0305*1~
DTM*472*20220106~
CAS*CO*97*82~
REF*6R*3OXP0003063742-15~
LQ*HE*M15~
SVC*HC>86900*111*0*0305*1~
DTM*472*20220106~
CAS*CO*97*111~
REF*6R*3OXP0003063742-16~
LQ*HE*M15~
SVC*HC>86901*39*0*0305*1~
DTM*472*20220106~
CAS*CO*97*39~
REF*6R*3OXP0003063742-17~
LQ*HE*M15~
SVC*HC>71045*220*48.14*0324*1~
DTM*472*20220106~
CAS*CO*45*171.86~
REF*6R*3OXP0003063742-18~
AMT*B6*48.14~
SVC*HC>70450*1437*133.48*0351*1~
DTM*472*20220106~
CAS*CO*45*1303.52~
REF*6R*3OXP0003063742-19~
AMT*B6*133.48~
SVC*HC>70486*1364*0*0351*1~
DTM*472*20220106~
CAS*CO*97*1364~
REF*6R*3OXP0003063742-20~
LQ*HE*M15~
SVC*HC>72125*1560*0*0352*1~
DTM*472*20220106~
CAS*CO*97*1560~
REF*6R*3OXP0003063742-21~
LQ*HE*M15~
SVC*HC>76801*717*64.84*0402*1~
DTM*472*20220106~
CAS*CO*45*652.16~
REF*6R*3OXP0003063742-22~
AMT*B6*64.84~
SVC*HC>99284>25*5964*216.43*0450*1~
DTM*472*20220106~
CAS*CO*45*5747.57~
REF*6R*3OXP0003063742-23~
AMT*B6*216.43~
CLP*VAQ24923*1*3703*472.22**HM*200314591*13*1~
NM1*QC*1*GAPINSKI*DAWN*M***MI*0071025977~
NM1*82*2*OTSEGO MEMORIAL HOSPITAL*****XX*1124028972~
REF*CE*MEDICAID~
DTM*232*20220106~
DTM*050*20220113~
SVC*NU>0250*164*0**1~
DTM*472*20220106~
CAS*CO*97*164~
SVC*NU>0370*249*0**1~
DTM*472*20220106~
CAS*CO*97*249~
SVC*HC>G0121*3290*472.22*0761*1~
DTM*472*20220106~
CAS*CO*45*2817.78~
REF*6R*3OXP0003063788-3~
AMT*B6*472.22~
CLP*VAQ24477*1*1054*64.84**HM*200276285*13*1~
NM1*QC*1*GORTER*DELORES*M***MI*0011383817~
NM1*82*2*OTSEGO MEMORIAL HOSPITAL*****XX*1124028972~
REF*CE*MEDICAID~
DTM*232*20220103~
DTM*050*20220112~
SVC*HC>71100*262*0*0320*1~
DTM*472*20220103~
CAS*CO*97*262~
REF*6R*3OXP0003062341-1~
LQ*HE*M15~
SVC*HC>72110*448*64.84*0320*1~
DTM*472*20220103~
CAS*CO*45*383.16~
REF*6R*3OXP0003062341-2~
AMT*B6*64.84~
SVC*HC>73564*344*0*0320*1~
DTM*472*20220103~
CAS*CO*97*344~
REF*6R*3OXP0003062341-3~
LQ*HE*M15~
CLP*VAQ25113*1*597*137.8**HM*200314575*13*1~
NM1*QC*1*GRULKE*ATHENA*R***MI*1157656344~
NM1*82*2*OTSEGO MEMORIAL HOSPITAL*****XX*1124028972~
REF*CE*MEDICAID~
DTM*232*20220107~
DTM*050*20220113~
SVC*HC>99283*597*137.8*0450*1~
DTM*472*20220107~
CAS*CO*45*459.2~
REF*6R*3OXP0003063785-1~
AMT*B6*137.8~
CLP*VAQ25311*1*1065.5*144.8**HM*200348692*13*1~
NM1*QC*1*GWIZDALA*MATTHEW*L***MI*0093360039~
NM1*82*2*OTSEGO MEMORIAL HOSPITAL*****XX*1124028972~
REF*CE*MEDICAID~
DTM*232*20211229~
DTM*050*20220114~
SVC*NU>0250*85.5*0**2~
DTM*472*20211229~
CAS*CO*97*85.5~
SVC*HC>99283>25*597*137.8*0450*1~
DTM*472*20211229~
CAS*CO*45*459.2~
REF*6R*3OXP0003064301-2~
AMT*B6*137.8~
SVC*HC>12001*310*0*0761*1~
DTM*472*20211229~
CAS*CO*97*310~
REF*6R*3OXP0003064301-3~
LQ*HE*M15~
SVC*HC>90471*73*7*0771*1~
DTM*472*20211229~
CAS*CO*45*66~
REF*6R*3OXP0003064301-4~
AMT*B6*7~
CLP*VAQ24553*1*195*22.1**HM*200276281*13*1~
NM1*QC*1*HENION*ANN*M***MI*1137452202~
NM1*74*1*HENION*ANNIE*M***C*1137452202~
NM1*82*2*OTSEGO MEMORIAL HOSPITAL*****XX*1124028972~
REF*CE*MEDICAID~
DTM*232*20220103~
DTM*050*20220112~
SVC*HC>93270*195*22.1*0730*1~
DTM*472*20220103~
CAS*CO*45*172.9~
REF*6R*3OXP0003062593-1~
AMT*B6*22.1~
CLP*VAQ25117*1*962.5*137.8**HM*200314594*13*1~
NM1*QC*1*HOFFMAN*CHEYANNE*D***MI*1087145860~
NM1*82*2*OTSEGO MEMORIAL HOSPITAL*****XX*1124028972~
REF*CE*MEDICAID~
DTM*232*20220107~
DTM*050*20220113~
SVC*HC>81025*55*0*0301*1~
DTM*472*20220107~
CAS*CO*97*55~
REF*6R*3OXP0003063748-1~
LQ*HE*M15~
SVC*HC>87086*65*0*0306*1~
DTM*472*20220107~
CAS*CO*97*65~
REF*6R*3OXP0003063748-2~
LQ*HE*M15~
SVC*HC>87088*31*0*0306*1~
DTM*472*20220107~
CAS*CO*97*31~
REF*6R*3OXP0003063748-3~
LQ*HE*M15~
SVC*HC>87186*186*0*0306*1~
DTM*472*20220107~
CAS*CO*97*186~
REF*6R*3OXP0003063748-4~
LQ*HE*M15~
SVC*HC>81003*24*0*0307*1~
DTM*472*20220107~
CAS*CO*97*24~
REF*6R*3OXP0003063748-5~
LQ*HE*M15~
SVC*HC>99283*597*137.8*0450*1~
DTM*472*20220107~
CAS*CO*45*459.2~
REF*6R*3OXP0003063748-6~
AMT*B6*137.8~
SVC*NU>0637*4.5*0**3~
DTM*472*20220107~
CAS*CO*204*4.5~
CLP*VAQ25507*1*597*137.8**HM*200348691*13*1~
NM1*QC*1*JARVIS*ASHLEY*L***MI*0070767406~
NM1*82*2*OTSEGO MEMORIAL HOSPITAL*****XX*1124028972~
REF*CE*MEDICAID~
DTM*232*20220108~
DTM*050*20220114~
SVC*HC>99283*597*137.8*0450*1~
DTM*472*20220108~
CAS*CO*45*459.2~
REF*6R*3OXP0003064419-1~
AMT*B6*137.8~
CLP*VAQ25119*1*1105*163.08**HM*200321207*13*1~
NM1*QC*1*JOHNLOZ*KABELA*A***MI*1101973186~
NM1*82*2*OTSEGO MEMORIAL HOSPITAL*****XX*1124028972~
REF*CE*MEDICAID~
DTM*232*20220107~
DTM*050*20220113~
SVC*HC>87502*299*0*0306*1~
DTM*472*20220107~
CAS*CO*97*299~
REF*6R*3OXP0003063902-1~
LQ*HE*M15~
SVC*HC>87635*209*25.28*0306*1~
DTM*472*20220107~
CAS*CO*45*183.72~
REF*6R*3OXP0003063902-2~
AMT*B6*25.28~
SVC*HC>99283>CS*597*137.8*0450*1~
DTM*472*20220107~
CAS*CO*45*459.2~
REF*6R*3OXP0003063902-3~
AMT*B6*137.8~
CLP*VAQ24241*1*556*106.24**HM*200276274*13*1~
NM1*QC*1*JONES*AUTUMN*R***MI*1205123539~
NM1*82*2*OTSEGO MEMORIAL HOSPITAL*****XX*1124028972~
REF*CE*MEDICAID~
DTM*232*20220103~
DTM*050*20220112~
SVC*HC>74220*556*106.24*0320*1~
DTM*472*20220103~
CAS*CO*45*449.76~
REF*6R*3OXP0003062482-1~
AMT*B6*106.24~
CLP*VAQ24872*2*517*0**HM*200321216*13*1~
NM1*QC*1*KACHIGIAN*LOUREN****MI*0093523330~
NM1*82*2*OTSEGO MEMORIAL HOSPITAL*****XX*1124028972~
REF*CE*MEDICAID~
DTM*232*20211220~
DTM*050*20220113~
SVC*HC>80053*129*0*0300*1~
DTM*472*20211220~
CAS*OA*23*129~
REF*6R*3OXP0003063825-1~
SVC*HC>84443*122*0*0301*1~
DTM*472*20211220~
CAS*OA*23*122~
REF*6R*3OXP0003063825-2~
SVC*HC>85025*70*0*0305*1~
DTM*472*20211220~
CAS*OA*23*70~
REF*6R*3OXP0003063825-3~
SVC*HC>36591*196*0*0761*1~
DTM*472*20211220~
CAS*OA*23*196~
REF*6R*3OXP0003063825-4~
CLP*VAQ25088*1*1819*310.66**HM*200314578*13*1~
NM1*QC*1*KAPANKE*RONALD*A***MI*0014516888~
NM1*82*2*OTSEGO MEMORIAL HOSPITAL*****XX*1124028972~
REF*CE*MEDICAID~
DTM*232*20220107~
DTM*050*20220113~
SVC*NU>0250*99*0**1~
DTM*472*20220107~
CAS*CO*97*99~
SVC*NU>0270*28*0**1~
DTM*472*20220107~
CAS*CO*97*28~
SVC*HC>73630*273*0*0320*1~
DTM*472*20220107~
CAS*CO*97*273~
REF*6R*3OXP0003063676-3~
LQ*HE*M15~
SVC*HC>99285>25*1419*310.66*0450*1~
DTM*472*20220107~
CAS*CO*45*1108.34~
REF*6R*3OXP0003063676-4~
AMT*B6*310.66~
CLP*VAQ25333*1*514*48.14**HM*200348697*13*1~
NM1*QC*1*LEEK*BRITTANY*N***MI*1232379908~
NM1*82*2*OTSEGO MEMORIAL HOSPITAL*****XX*1124028972~
REF*CE*MEDICAID~
DTM*232*20220104~
DTM*050*20220114~
SVC*HC>73130*514*48.14*0320*2~
DTM*472*20220104~
CAS*CO*45*465.86~
REF*6R*3OXP0003064613-1~
AMT*B6*48.14~
CLP*VAQ24158*1*607*64.84**HM*200276277*13*1~
NM1*QC*1*MARTIN*MADDISON*M***MI*0016935001~
NM1*82*2*OTSEGO MEMORIAL HOSPITAL*****XX*1124028972~
REF*CE*MEDICAID~
DTM*232*20220103~
DTM*050*20220112~
SVC*HC>76830*607*64.84*0402*1~
DTM*472*20220103~
CAS*CO*45*542.16~
REF*6R*3OXP0003062092-1~
AMT*B6*64.84~
CLP*VAQ25095*1*6247.15*638.13**HM*200314576*13*1~
NM1*QC*1*MICK*LEISA*D***MI*0060764035~
NM1*82*2*OTSEGO MEMORIAL HOSPITAL*****XX*1124028972~
REF*CE*MEDICAID~
DTM*232*20220107~
DTM*050*20220113~
SVC*NU>0250*271.25*0**1~
DTM*472*20220107~
CAS*CO*97*271.25~
SVC*HC>96361*120*23.8*0260*1~
DTM*472*20220107~
CAS*CO*45*96.2~
REF*6R*3OXP0003063639-2~
AMT*B6*23.8~
SVC*HC>96365*383*121.08*0260*1~
DTM*472*20220107~
CAS*CO*45*261.92~
REF*6R*3OXP0003063639-3~
AMT*B6*121.08~
SVC*HC>36415*23*0*0300*1~
DTM*472*20220107~
CAS*CO*97*23~
REF*6R*3OXP0003063639-4~
LQ*HE*M15~
SVC*HC>80053*129*0*0300*1~
DTM*472*20220107~
CAS*CO*97*129~
REF*6R*3OXP0003063639-5~
LQ*HE*M15~
SVC*HC>81025*55*0*0301*1~
DTM*472*20220107~
CAS*CO*97*55~
REF*6R*3OXP0003063639-6~
LQ*HE*M15~
SVC*HC>82272*24*0*0301*1~
DTM*472*20220107~
CAS*CO*97*24~
REF*6R*3OXP0003063639-7~
LQ*HE*M15~
SVC*HC>84703*59*0*0301*1~
DTM*472*20220107~
CAS*CO*97*59~
REF*6R*3OXP0003063639-8~
LQ*HE*M15~
SVC*HC>G0480*259.9*0*0301*1~
DTM*472*20220107~
CAS*CO*97*259.9~
REF*6R*3OXP0003063639-9~
LQ*HE*M15~
SVC*HC>85025*70*0*0305*1~
DTM*472*20220107~
CAS*CO*97*70~
REF*6R*3OXP0003063639-10~
LQ*HE*M15~
SVC*HC>81003>59*24*0*0307*1~
DTM*472*20220107~
CAS*CO*97*24~
REF*6R*3OXP0003063639-11~
LQ*HE*M15~
SVC*HC>71045*220*48.14*0324*1~
DTM*472*20220107~
CAS*CO*45*171.86~
REF*6R*3OXP0003063639-12~
AMT*B6*48.14~
SVC*HC>70450*1437*133.48*0351*1~
DTM*472*20220107~
CAS*CO*45*1303.52~
REF*6R*3OXP0003063639-13~
AMT*B6*133.48~
SVC*HC>72125*1560*0*0352*1~
DTM*472*20220107~
CAS*CO*97*1560~
REF*6R*3OXP0003063639-14~
LQ*HE*M15~
SVC*HC>99284>25*1016*216.43*0450*1~
DTM*472*20220107~
CAS*CO*45*799.57~
REF*6R*3OXP0003063639-15~
AMT*B6*216.43~
SVC*HC>96375*596*95.2*0940*4~
DTM*472*20220107~
CAS*CO*45*500.8~
REF*6R*3OXP0003063639-16~
AMT*B6*95.2~
CLP*VAQ18937*4*7591.8*0**HM*200252152*13*1~
NM1*QC*1*MILLER*MISTY*D***MI*0073535960~
NM1*82*2*OTSEGO MEMORIAL HOSPITAL*****XX*1124028972~
REF*CE*MEDICAID~
DTM*232*20211214~
DTM*050*20220112~
SVC*NU>0250*274.8*0**4~
DTM*472*20211214~
CAS*CO*B13*274.8~
SVC*HC>96361*240*0*0260*2~
DTM*472*20211214~
CAS*CO*B13*240~
REF*6R*3OXP0003051255-2~
SVC*HC>36415*23*0*0300*1~
DTM*472*20211214~
CAS*CO*B13*23~
REF*6R*3OXP0003051255-3~
SVC*HC>80053*129*0*0300*1~
DTM*472*20211214~
CAS*CO*B13*129~
REF*6R*3OXP0003051255-4~
SVC*HC>83605*63*0*0301*1~
DTM*472*20211214~
CAS*CO*B13*63~
REF*6R*3OXP0003051255-5~
SVC*HC>83690*73*0*0301*1~
DTM*472*20211214~
CAS*CO*B13*73~
REF*6R*3OXP0003051255-6~
SVC*HC>84484*204*0*0301*2~
DTM*472*20211214~
CAS*CO*B13*204~
REF*6R*3OXP0003051255-7~
SVC*HC>84702*107*0*0301*1~
DTM*472*20211214~
CAS*CO*B13*107~
REF*6R*3OXP0003051255-8~
SVC*HC>85025*70*0*0305*1~
DTM*472*20211214~
CAS*CO*B13*70~
REF*6R*3OXP0003051255-9~
SVC*HC>86850*82*0*0305*1~
DTM*472*20211214~
CAS*CO*B13*82~
REF*6R*3OXP0003051255-10~
SVC*HC>86900*111*0*0305*1~
DTM*472*20211214~
CAS*CO*B13*111~
REF*6R*3OXP0003051255-11~
SVC*HC>86901*39*0*0305*1~
DTM*472*20211214~
CAS*CO*B13*39~
REF*6R*3OXP0003051255-12~
SVC*HC>81003*24*0*0307*1~
DTM*472*20211214~
CAS*CO*B13*24~
REF*6R*3OXP0003051255-13~
SVC*HC>71045*220*0*0324*1~
DTM*472*20211214~
CAS*CO*B13*220~
REF*6R*3OXP0003051255-14~
SVC*HC>74177*3341*0*0352*1~
DTM*472*20211214~
CAS*CO*B13*3341~
REF*6R*3OXP0003051255-15~
SVC*HC>76830*607*0*0402*1~
DTM*472*20211214~
CAS*CO*B13*607~
REF*6R*3OXP0003051255-16~
SVC*HC>99285>25*1419*0*0450*1~
DTM*472*20211214~
CAS*CO*B13*1419~
REF*6R*3OXP0003051255-17~
SVC*HC>93005*165*0*0730*1~
DTM*472*20211214~
CAS*CO*B13*165~
REF*6R*3OXP0003051255-18~
SVC*HC>96375*298*0*0940*2~
DTM*472*20211214~
CAS*CO*B13*298~
REF*6R*3OXP0003051255-19~
SVC*HC>96376*102*0*0940*1~
DTM*472*20211214~
CAS*CO*B13*102~
REF*6R*3OXP0003051255-20~
CLP*VAQ23530*4*290*0**HM*200198016*13*1~
NM1*QC*1*MUNSON*NORA*J***MI*1251519841~
NM1*82*2*OTSEGO MEMORIAL HOSPITAL*****XX*1124028972~
REF*CE*MEDICAID~
DTM*232*20211210~
DTM*233*20211231~
DTM*050*20220110~
SVC*HC>92507>GN*290*0*0441*1~
DTM*472*20211222~
CAS*CO*B13*290~
REF*6R*3OXP0003060338-1~
CLP*VAQ24192*1*432*48.14**HM*200276306*13*1~
NM1*QC*1*NEWMAN*DANIELLE*L***MI*0012181512~
NM1*82*2*OTSEGO MEMORIAL HOSPITAL*****XX*1124028972~
REF*CE*MEDICAID~
DTM*232*20220103~
DTM*050*20220112~
SVC*HC>76642*432*48.14*0402*1~
DTM*472*20220103~
CAS*CO*45*383.86~
REF*6R*3OXP0003062254-1~
AMT*B6*48.14~
CLP*VAQ21541*1*607*64.84**HM*200109014*13*1~
NM1*QC*1*OSTROM*TAYLOR*M***MI*0018508520~
NM1*82*2*OTSEGO MEMORIAL HOSPITAL*****XX*1124028972~
REF*CE*MEDICAID~
DTM*232*20211221~
DTM*050*20220106~
SVC*HC>76830*607*64.84*0402*1~
DTM*472*20211221~
CAS*CO*45*542.16~
REF*6R*3OXP0003057363-1~
AMT*B6*64.84~
CLP*VAQ24724*1*1943.39*289.85**HM*200276283*13*1~
NM1*QC*1*PAIGE*CRYSTAL*M***MI*0049092492~
NM1*82*2*OTSEGO MEMORIAL HOSPITAL*****XX*1124028972~
REF*CE*MEDICAID~
DTM*232*20220106~
DTM*050*20220112~
SVC*NU>0250*52.39*0**1~
DTM*472*20220106~
CAS*CO*97*52.39~
SVC*HC>87631*446*0*0306*1~
DTM*472*20220106~
CAS*CO*97*446~
REF*6R*3OXP0003062687-2~
LQ*HE*M15~
SVC*HC>87635*209*25.28*0306*1~
DTM*472*20220106~
CAS*CO*45*183.72~
REF*6R*3OXP0003062687-3~
AMT*B6*25.28~
SVC*HC>71045*220*48.14*0324*1~
DTM*472*20220106~
CAS*CO*45*171.86~
REF*6R*3OXP0003062687-4~
AMT*B6*48.14~
SVC*HC>99284>25>CS*1016*216.43*0450*1~
DTM*472*20220106~
CAS*CO*45*799.57~
REF*6R*3OXP0003062687-5~
AMT*B6*216.43~
CLP*VAQ24954*1*132.25*36.87**HM*200321208*13*1~
NM1*QC*1*PATTERSON*SARAH****MI*0038698001~
NM1*82*2*OTSEGO MEMORIAL HOSPITAL*****XX*1124028972~
REF*CE*MEDICAID~
DTM*232*20211229~
DTM*050*20220113~
SVC*HC>J0702*33.25*0*0636*2~
DTM*472*20211229~
CAS*CO*97*33.25~
REF*6R*3OXP0003063933-1~
LQ*HE*M15~
SVC*HC>96372*99*36.87*0940*1~
DTM*472*20211229~
CAS*CO*45*62.13~
REF*6R*3OXP0003063933-2~
AMT*B6*36.87~
CLP*VAQ24455*1*598*101.34**HM*200276303*13*1~
NM1*QC*1*PERRY*BRITTANY*R***MI*0072909162~
NM1*82*2*OTSEGO MEMORIAL HOSPITAL*****XX*1124028972~
REF*CE*MEDICAID~
DTM*232*20220103~
DTM*050*20220112~
SVC*HC>59025*598*101.34*0920*1~
DTM*472*20220103~
CAS*CO*45*496.66~
REF*6R*3OXP0003062291-1~
AMT*B6*101.34~
CLP*VAQ25051*1*19800.6*1450.22**HM*200314581*13*1~
NM1*QC*1*PHILLIPS-KAPANKE*ANNJULIA*V***MI*0078136860~
NM1*82*2*OTSEGO MEMORIAL HOSPITAL*****XX*1124028972~
REF*CE*MEDICAID~
DTM*232*20220105~
DTM*050*20220113~
SVC*NU>0250*247*0**1~
DTM*472*20220105~
CAS*CO*97*247~
SVC*HC>96365>XU*383*121.08*0260*1~
DTM*472*20220105~
CAS*CO*45*261.92~
REF*6R*3OXP0003063813-2~
AMT*B6*121.08~
SVC*HC>36415*23*0*0300*1~
DTM*472*20220105~
CAS*CO*97*23~
REF*6R*3OXP0003063813-3~
LQ*HE*M15~
SVC*HC>80076*127*0*0300*1~
DTM*472*20220105~
CAS*CO*97*127~
REF*6R*3OXP0003063813-4~
LQ*HE*M15~
SVC*HC>80048*88*0*0301*1~
DTM*472*20220105~
CAS*CO*97*88~
REF*6R*3OXP0003063813-5~
LQ*HE*M15~
SVC*HC>82150*95*0*0301*1~
DTM*472*20220105~
CAS*CO*97*95~
REF*6R*3OXP0003063813-6~
LQ*HE*M15~
SVC*HC>83605*63*0*0301*1~
DTM*472*20220105~
CAS*CO*97*63~
REF*6R*3OXP0003063813-7~
LQ*HE*M15~
SVC*HC>83690*73*0*0301*1~
DTM*472*20220105~
CAS*CO*97*73~
REF*6R*3OXP0003063813-8~
LQ*HE*M15~
SVC*HC>G0480*382*0*0301*1~
DTM*472*20220105~
CAS*CO*97*382~
REF*6R*3OXP0003063813-9~
LQ*HE*M15~
SVC*HC>U0002*102.6*25.28*0302*1~
DTM*472*20220105~
CAS*CO*45*77.32~
REF*6R*3OXP0003063813-10~
AMT*B6*25.28~
SVC*HC>85025*70*0*0305*1~
DTM*472*20220105~
CAS*CO*97*70~
REF*6R*3OXP0003063813-11~
LQ*HE*M15~
SVC*HC>85610*40*0*0305*1~
DTM*472*20220105~
CAS*CO*97*40~
REF*6R*3OXP0003063813-12~
LQ*HE*M15~
SVC*HC>85730*54*0*0305*1~
DTM*472*20220105~
CAS*CO*97*54~
REF*6R*3OXP0003063813-13~
LQ*HE*M15~
SVC*HC>86850*82*0*0305*1~
DTM*472*20220105~
CAS*CO*97*82~
REF*6R*3OXP0003063813-14~
LQ*HE*M15~
SVC*HC>86900*111*0*0305*1~
DTM*472*20220105~
CAS*CO*97*111~
REF*6R*3OXP0003063813-15~
LQ*HE*M15~
SVC*HC>86901*39*0*0305*1~
DTM*472*20220105~
CAS*CO*97*39~
REF*6R*3OXP0003063813-16~
LQ*HE*M15~
SVC*HC>81003>59*24*0*0307*1~
DTM*472*20220105~
CAS*CO*97*24~
REF*6R*3OXP0003063813-17~
LQ*HE*M15~
SVC*HC>73560*215*0*0320*1~
DTM*472*20220105~
CAS*CO*97*215~
REF*6R*3OXP0003063813-18~
LQ*HE*M15~
SVC*HC>71045*220*48.14*0324*1~
DTM*472*20220105~
CAS*CO*45*171.86~
REF*6R*3OXP0003063813-19~
AMT*B6*48.14~
SVC*HC>70450*1437*258.9*0351*1~
DTM*472*20220105~
CAS*CO*45*1178.1~
REF*6R*3OXP0003063813-20~
AMT*B6*258.9~
SVC*HC>70486*1364*0*0351*1~
DTM*472*20220105~
CAS*CO*97*1364~
REF*6R*3OXP0003063813-21~
LQ*HE*M15~
SVC*HC>71260*1902*0*0352*1~
DTM*472*20220105~
CAS*CO*97*1902~
REF*6R*3OXP0003063813-22~
LQ*HE*M15~
SVC*HC>72125*1560*0*0352*1~
DTM*472*20220105~
CAS*CO*97*1560~
REF*6R*3OXP0003063813-23~
LQ*HE*M15~
SVC*HC>74177*3341*0*0352*1~
DTM*472*20220105~
CAS*CO*97*3341~
REF*6R*3OXP0003063813-24~
LQ*HE*M15~
SVC*HC>99291>25*2496*412.14*0450*1~
DTM*472*20220105~
CAS*CO*45*2083.86~
REF*6R*3OXP0003063813-25~
AMT*B6*412.14~
SVC*HC>G0390*4948*560.88*0684*1~
DTM*472*20220105~
CAS*CO*45*4387.12~
REF*6R*3OXP0003063813-26~
AMT*B6*560.88~
SVC*HC>93005*165*0*0730*1~
DTM*472*20220105~
CAS*CO*97*165~
REF*6R*3OXP0003063813-27~
LQ*HE*M15~
SVC*HC>96375>XU*149*23.8*0940*1~
DTM*472*20220105~
CAS*CO*45*125.2~
REF*6R*3OXP0003063813-28~
AMT*B6*23.8~
CLP*VAQ24958*1*1175*270.02**HM*200314574*13*1~
NM1*QC*1*PIEHL*SHELBY*M***MI*0004461763~
NM1*82*2*OTSEGO MEMORIAL HOSPITAL*****XX*1124028972~
REF*CE*MEDICAID~
DTM*232*20220101~
DTM*050*20220113~
SVC*HC>96360*337*121.08*0260*1~
DTM*472*20220101~
CAS*CO*45*215.92~
REF*6R*3OXP0003063716-1~
AMT*B6*121.08~
SVC*HC>96361>XU*240*47.6*0260*2~
DTM*472*20220101~
CAS*CO*45*192.4~
REF*6R*3OXP0003063716-2~
AMT*B6*47.6~
SVC*HC>59025*598*101.34*0920*1~
DTM*472*20220101~
CAS*CO*45*496.66~
REF*6R*3OXP0003063716-3~
AMT*B6*101.34~
CLP*VAQ21790*1*291*48.14**HM*200108899*13*1~
NM1*QC*1*REINSMITH*JEFFREY*A***MI*0091163086~
NM1*82*2*OTSEGO MEMORIAL HOSPITAL*****XX*1124028972~
REF*CE*MEDICAID~
DTM*232*20211221~
DTM*050*20220106~
SVC*HC>72040*291*48.14*0320*1~
DTM*472*20211221~
CAS*CO*45*242.86~
REF*6R*3OXP0003057285-1~
AMT*B6*48.14~
CLP*VAQ24901*1*4875.71*481.71**HM*200321205*13*1~
NM1*QC*1*REVORD*MICHELLE*M***MI*1119340932~
NM1*82*2*OTSEGO MEMORIAL HOSPITAL*****XX*1124028972~
REF*CE*MEDICAID~
DTM*232*20220106~
DTM*050*20220113~
SVC*NU>0250*230*0**1~
DTM*472*20220106~
CAS*CO*97*230~
SVC*NU>0270*170*0**1~
DTM*472*20220106~
CAS*CO*97*170~
SVC*HC>81025*55*0*0301*1~
DTM*472*20220106~
CAS*CO*97*55~
REF*6R*3OXP0003063936-3~
LQ*HE*M15~
SVC*HC>88305*400*0*0312*2~
DTM*472*20220106~
CAS*CO*97*400~
REF*6R*3OXP0003063936-4~
LQ*HE*M15~
SVC*NU>0370*249*0**1~
DTM*472*20220106~
CAS*CO*97*249~
SVC*HC>43239*3771.71*481.71*0761*1~
DTM*472*20220106~
CAS*CO*45*3290~
REF*6R*3OXP0003063936-6~
AMT*B6*481.71~
CLP*VAQ25004*1*245*48.14**HM*200314596*13*1~
NM1*QC*1*ROLLS*NIRVANA*R***MI*1186220560~
NM1*82*2*OTSEGO MEMORIAL HOSPITAL*****XX*1124028972~
REF*CE*MEDICAID~
DTM*232*20220104~
DTM*050*20220113~
SVC*HC>74018*245*48.14*0320*1~
DTM*472*20220104~
CAS*CO*45*196.86~
REF*6R*3OXP0003063816-1~
AMT*B6*48.14~
CLP*VAQ25106*1*1864.5*163.08**HM*200321210*13*1~
NM1*QC*1*SALADINE*CRYSTAL*R***MI*0064279324~
NM1*82*2*OTSEGO MEMORIAL HOSPITAL*****XX*1124028972~
REF*CE*MEDICAID~
DTM*232*20220107~
DTM*050*20220113~
SVC*HC>36415*23*0*0300*1~
DTM*472*20220107~
CAS*CO*97*23~
REF*6R*3OXP0003063948-1~
LQ*HE*M15~
SVC*HC>80053*129*0*0300*1~
DTM*472*20220107~
CAS*CO*97*129~
REF*6R*3OXP0003063948-2~
LQ*HE*M15~
SVC*HC>80178*50*0*0301*1~
DTM*472*20220107~
CAS*CO*97*50~
REF*6R*3OXP0003063948-3~
LQ*HE*M15~
SVC*HC>81025*55*0*0301*1~
DTM*472*20220107~
CAS*CO*97*55~
REF*6R*3OXP0003063948-4~
LQ*HE*M15~
SVC*HC>G0480*813.9*0*0301*1~
DTM*472*20220107~
CAS*CO*97*813.9~
REF*6R*3OXP0003063948-5~
LQ*HE*M15~
SVC*HC>U0002*102.6*25.28*0302*1~
DTM*472*20220107~
CAS*CO*45*77.32~
REF*6R*3OXP0003063948-6~
AMT*B6*25.28~
SVC*HC>85025*70*0*0305*1~
DTM*472*20220107~
CAS*CO*97*70~
REF*6R*3OXP0003063948-7~
LQ*HE*M15~
SVC*HC>81003>59*24*0*0307*1~
DTM*472*20220107~
CAS*CO*97*24~
REF*6R*3OXP0003063948-8~
LQ*HE*M15~
SVC*HC>99283>CS*597*137.8*0450*1~
DTM*472*20220107~
CAS*CO*45*459.2~
REF*6R*3OXP0003063948-9~
AMT*B6*137.8~
CLP*VAQ24714*1*1164*137.8**HM*200276286*13*1~
NM1*QC*1*SOPSCAK*JACOB*C***MI*0087546071~
NM1*82*2*OTSEGO MEMORIAL HOSPITAL*****XX*1124028972~
REF*CE*MEDICAID~
DTM*232*20220106~
DTM*050*20220112~
SVC*HC>73110*258*0*0320*1~
DTM*472*20220106~
CAS*CO*97*258~
REF*6R*3OXP0003062459-1~
LQ*HE*M15~
SVC*HC>29125*309*0*0761*1~
DTM*472*20220106~
CAS*CO*97*309~
REF*6R*3OXP0003062459-2~
LQ*HE*M15~
SVC*HC>99283>25*597*137.8*0450*1~
DTM*472*20220106~
CAS*CO*45*459.2~
REF*6R*3OXP0003062459-3~
AMT*B6*137.8~
CLP*VAQ25310*1*410*48.14**HM*200348690*13*1~
NM1*QC*1*TASKEY*GREYSON*M***MI*1102417578~
NM1*82*2*OTSEGO MEMORIAL HOSPITAL*****XX*1124028972~
REF*CE*MEDICAID~
DTM*232*20220105~
DTM*050*20220114~
SVC*HC>74018*245*48.14*0320*1~
DTM*472*20220105~
CAS*CO*45*196.86~
REF*6R*3OXP0003064414-1~
AMT*B6*48.14~
SVC*HC>93005*165*0*0730*1~
DTM*472*20220105~
CAS*CO*97*165~
REF*6R*3OXP0003064414-2~
LQ*HE*M15~
CLP*VAQ23401*1*2470.75*873.66**HM*200198171*13*1~
NM1*QC*1*THAYER*KALYNN*M***MI*0091264113~
NM1*82*2*OTSEGO MEMORIAL HOSPITAL*****XX*1124028972~
REF*CE*MEDICAID~
DTM*232*20220103~
DTM*050*20220110~
SVC*HC>J1950*2371.75*836.79*0636*1~
DTM*472*20220103~
CAS*CO*45*1534.96~
REF*6R*3OXP0003059935-1~
AMT*B6*836.79~
SVC*HC>96372*99*36.87*0940*1~
DTM*472*20220103~
CAS*CO*45*62.13~
REF*6R*3OXP0003059935-2~
AMT*B6*36.87~
CLP*VAQ25486*1*706*78.3**HM*200348701*13*1~
NM1*QC*1*TULLIO*TRAVIS*M***MI*0084503876~
NM1*82*2*OTSEGO MEMORIAL HOSPITAL*****XX*1124028972~
REF*CE*MEDICAID~
DTM*232*20220108~
DTM*050*20220114~
SVC*NU>0250*33*0**1~
DTM*472*20220108~
CAS*CO*97*33~
SVC*HC>12002*326*0*0761*1~
DTM*472*20220108~
CAS*CO*97*326~
REF*6R*3OXP0003064626-2~
LQ*HE*M15~
SVC*HC>99282>25*347*78.3*0450*1~
DTM*472*20220108~
CAS*CO*45*268.7~
REF*6R*3OXP0003064626-3~
AMT*B6*78.3~
CLP*VAQ24174*1*732*106.24**HM*200276305*13*1~
NM1*QC*1*VARNHAGENSACKRIDER*JONI*C***MI*1203990581~
NM1*74*1*VARNHAGEN-SACKRIDER*JONI*C***C*1203990581~
NM1*82*2*OTSEGO MEMORIAL HOSPITAL*****XX*1124028972~
REF*CE*MEDICAID~
DTM*232*20220103~
DTM*050*20220112~
SVC*HC>74246*732*106.24*0320*1~
DTM*472*20220103~
CAS*CO*45*625.76~
REF*6R*3OXP0003062443-1~
AMT*B6*106.24~
CLP*VAQ25042*1*272*48.14**HM*200314584*13*1~
NM1*QC*1*WINZLOFF*ROBERT*W***MI*1171053045~
NM1*82*2*OTSEGO MEMORIAL HOSPITAL*****XX*1124028972~
REF*CE*MEDICAID~
DTM*232*20220104~
DTM*050*20220113~
SVC*HC>71046*272*48.14*0324*1~
DTM*472*20220104~
CAS*CO*45*223.86~
REF*6R*3OXP0003063807-1~
AMT*B6*48.14~
LX*3~
TS3*1285867838*71*20221231*4*738.48~
CLP*C21003XP*1*168.12*53.1**HM*200356346*71*1~
NM1*QC*1*BAKER*NATHAN*J***MI*0099512595~
NM1*82*2*OTSEGO MEMORIAL HOSPITAL*****XX*1285867838~
REF*CE*MEDICAID~
DTM*232*20220112~
DTM*050*20220114~
SVC*HC>T1015*168.12*53.1*0521*1~
DTM*472*20220112~
CAS*CO*45*115.02~
REF*6R*3043786~
AMT*B6*53.1~
SVC*HC>99214*0*0*0521*1~
DTM*472*20220112~
REF*6R*R00773043786~
CLP*C21003XN*1*168.12*53.1**HM*200356342*71*1~
NM1*QC*1*FERRIS*WENDI*G***MI*1100509400~
NM1*82*2*OTSEGO MEMORIAL HOSPITAL*****XX*1285867838~
REF*CE*MEDICAID~
DTM*232*20220111~
DTM*050*20220114~
SVC*HC>T1015*168.12*53.1*0521*1~
DTM*472*20220111~
CAS*CO*45*115.02~
REF*6R*3043021~
AMT*B6*53.1~
SVC*HC>99214*0*0*0521*1~
DTM*472*20220111~
REF*6R*R00753043021~
CLP*C21003XM*1*234.12*53.1**HM*200356348*71*1~
NM1*QC*1*LUCAS*WENDY*J***MI*0035081105~
NM1*82*2*OTSEGO MEMORIAL HOSPITAL*****XX*1285867838~
REF*CE*MEDICAID~
DTM*232*20220111~
DTM*050*20220114~
SVC*HC>T1015*168.12*53.1*0521*1~
DTM*472*20220111~
CAS*CO*45*115.02~
REF*6R*3043015~
AMT*B6*53.1~
SVC*HC>99396*0*0*0521*1~
DTM*472*20220111~
REF*6R*R00743043015~
SVC*HC>Q0091*66*0*0521*1~
DTM*472*20220111~
CAS*CO*97*66~
REF*6R*3043016~
CLP*C21003XO*1*168.12*53.1**HM*200356344*71*1~
NM1*QC*1*RICHEY*KIMBERLEY*A***MI*0018690687~
NM1*82*2*OTSEGO MEMORIAL HOSPITAL*****XX*1285867838~
REF*CE*MEDICAID~
DTM*232*20220111~
DTM*050*20220114~
SVC*HC>T1015*168.12*53.1*0521*1~
DTM*472*20220111~
CAS*CO*45*115.02~
REF*6R*3043243~
AMT*B6*53.1~
SVC*HC>99214*0*0*0521*1~
DTM*472*20220111~
REF*6R*R00763043243~
LX*4~
TS3*1093911364*71*20221231*14*2273.18~
CLP*C21003VR*1*162.37*53.1**HM*200356512*71*1~
NM1*QC*1*CLINK*HEATHER*L***MI*0082645344~
NM1*82*2*MUNSON HEALTHCARE OMH WALK-IN CLINIC RHC*****XX*1093911364~
REF*CE*MEDICAID~
DTM*232*20220111~
DTM*050*20220114~
SVC*HC>T1015*162.37*53.1*0521*1~
DTM*472*20220111~
CAS*CO*45*109.27~
REF*6R*3043436~
AMT*B6*53.1~
SVC*HC>99213*0*0*0521*1~
DTM*472*20220111~
REF*6R*R00073043436~
SVC*HC>81002*0*0*0300*1~
DTM*472*20220111~
REF*6R*3043437~
CLP*C21003W0*1*162.37*53.1**HM*200356507*71*1~
NM1*QC*1*DOREY*ASHLEY****MI*0087624759~
NM1*82*2*MUNSON HEALTHCARE OMH WALK-IN CLINIC RHC*****XX*1093911364~
REF*CE*MEDICAID~
DTM*232*20220112~
DTM*050*20220114~
SVC*HC>T1015*162.37*53.1*0521*1~
DTM*472*20220112~
CAS*CO*45*109.27~
REF*6R*3044033~
AMT*B6*53.1~
SVC*HC>99203*0*0*0521*1~
DTM*472*20220112~
REF*6R*R00163044033~
SVC*HC>87426*0*0*0306*1~
DTM*472*20220112~
REF*6R*3044034~
SVC*HC>87880*0*0*0300*1~
DTM*472*20220112~
REF*6R*3044035~
SVC*HC>87804*0*0*0306*1~
DTM*472*20220112~
REF*6R*3044036~
SVC*HC>87804>59*0*0*0306*1~
DTM*472*20220112~
REF*6R*3044037~
CLP*C21003VT*1*162.37*53.1**HM*200356517*71*1~
NM1*QC*1*GARCIAHUNT*JULIA*A***MI*0022193525~
NM1*74*1*GARCIA-HUNT*JULIA*ALEXANDRIA***C*0022193525~
NM1*82*2*MUNSON HEALTHCARE OMH WALK-IN CLINIC RHC*****XX*1093911364~
REF*CE*MEDICAID~
DTM*232*20220111~
DTM*050*20220114~
SVC*HC>T1015*162.37*53.1*0521*1~
DTM*472*20220111~
CAS*CO*45*109.27~
REF*6R*3043468~
AMT*B6*53.1~
SVC*HC>99213*0*0*0521*1~
DTM*472*20220111~
REF*6R*R00093043468~
SVC*HC>87426*0*0*0306*1~
DTM*472*20220111~
REF*6R*3043469~
SVC*HC>87880*0*0*0300*1~
DTM*472*20220111~
REF*6R*3043470~
SVC*HC>87804*0*0*0306*1~
DTM*472*20220111~
REF*6R*3043471~
SVC*HC>87804>59*0*0*0306*1~
DTM*472*20220111~
REF*6R*3043472~
CLP*C21003VU*1*162.37*53.1**HM*200356505*71*1~
NM1*QC*1*GIBSON*SAMANTHA*JO***MI*0095708601~
NM1*82*2*MUNSON HEALTHCARE OMH WALK-IN CLINIC RHC*****XX*1093911364~
REF*CE*MEDICAID~
DTM*232*20220111~
DTM*050*20220114~
SVC*HC>T1015*162.37*53.1*0521*1~
DTM*472*20220111~
CAS*CO*45*109.27~
REF*6R*3043488~
AMT*B6*53.1~
SVC*HC>99213*0*0*0521*1~
DTM*472*20220111~
REF*6R*R00103043488~
SVC*HC>87426*0*0*0306*1~
DTM*472*20220111~
REF*6R*3043489~
CLP*C21003VX*1*162.37*53.1**HM*200356509*71*1~
NM1*QC*1*NORTON*JANELLE*L***MI*0098735738~
NM1*74*1*LICAUSI*JANELLE*L***C*0098735738~
NM1*82*2*MUNSON HEALTHCARE OMH WALK-IN CLINIC RHC*****XX*1093911364~
REF*CE*MEDICAID~
DTM*232*20220112~
DTM*050*20220114~
SVC*HC>T1015*162.37*53.1*0521*1~
DTM*472*20220112~
CAS*CO*45*109.27~
REF*6R*3043986~
AMT*B6*53.1~
SVC*HC>99213*0*0*0521*1~
DTM*472*20220112~
REF*6R*R00133043986~
CLP*C21003VW*1*162.37*53.1**HM*200356515*71*1~
NM1*QC*1*LYKINS*WILLOW*A***MI*1159109088~
NM1*82*2*MUNSON HEALTHCARE OMH WALK-IN CLINIC RHC*****XX*1093911364~
REF*CE*MEDICAID~
DTM*232*20220112~
DTM*050*20220114~
SVC*HC>T1015*162.37*53.1*0521*1~
DTM*472*20220112~
CAS*CO*45*109.27~
REF*6R*3043925~
AMT*B6*53.1~
SVC*HC>99213*0*0*0521*1~
DTM*472*20220112~
REF*6R*R00123043925~
CLP*C210033S*1*162.37*53.1**HM*200267464*71*1~
NM1*QC*1*MASON*LILLIAN*R***MI*1145898351~
NM1*82*2*MUNSON HEALTHCARE OMH WALK-IN CLINIC RHC*****XX*1093911364~
REF*CE*MEDICAID~
DTM*232*20220110~
DTM*050*20220112~
SVC*HC>T1015*162.37*53.1*0521*1~
DTM*472*20220110~
CAS*CO*45*109.27~
REF*6R*3042420~
AMT*B6*53.1~
SVC*HC>99213*0*0*0521*1~
DTM*472*20220110~
REF*6R*R00063042420~
SVC*HC>87426*0*0*0306*1~
DTM*472*20220110~
REF*6R*3042421~
SVC*HC>87880*0*0*0300*1~
DTM*472*20220110~
REF*6R*3042422~
CLP*C210033T*1*162.37*53.1**HM*200267461*71*1~
NM1*QC*1*MORGAN*CHARITY****MI*0022724343~
NM1*74*1*MORGAN-BARDWELL*CHARITY*SPRING***C*0022724343~
NM1*82*2*MUNSON HEALTHCARE OMH WALK-IN CLINIC RHC*****XX*1093911364~
REF*CE*MEDICAID~
DTM*232*20220110~
DTM*050*20220112~
SVC*HC>T1015*162.37*53.1*0521*1~
DTM*472*20220110~
CAS*CO*45*109.27~
REF*6R*3042467~
AMT*B6*53.1~
SVC*HC>99213>GT*0*0*0521*1~
DTM*472*20220110~
REF*6R*R00073042467~
CLP*C21003VV*1*162.37*53.1**HM*200356501*71*1~
NM1*QC*1*POLLASKI*KARSYN*L***MI*1080621505~
NM1*82*2*MUNSON HEALTHCARE OMH WALK-IN CLINIC RHC*****XX*1093911364~
REF*CE*MEDICAID~
DTM*232*20220111~
DTM*050*20220114~
SVC*HC>T1015*162.37*53.1*0521*1~
DTM*472*20220111~
CAS*CO*45*109.27~
REF*6R*3043515~
AMT*B6*53.1~
SVC*HC>99213*0*0*0521*1~
DTM*472*20220111~
REF*6R*R00113043515~
SVC*HC>87426*0*0*0306*1~
DTM*472*20220111~
REF*6R*3043516~
SVC*HC>87880*0*0*0300*1~
DTM*472*20220111~
REF*6R*3043517~
SVC*HC>87804*0*0*0306*1~
DTM*472*20220111~
REF*6R*3043518~
SVC*HC>87804>59*0*0*0306*1~
DTM*472*20220111~
REF*6R*3043519~
CLP*C210033R*1*162.37*53.1**HM*200267467*71*1~
NM1*QC*1*SANCHEZ*KAYLA*Y***MI*1063450638~
NM1*82*2*MUNSON HEALTHCARE OMH WALK-IN CLINIC RHC*****XX*1093911364~
REF*CE*MEDICAID~
DTM*232*20220104~
DTM*050*20220112~
SVC*HC>T1015*162.37*53.1*0521*1~
DTM*472*20220104~
CAS*CO*45*109.27~
REF*6R*3041983~
AMT*B6*53.1~
SVC*HC>99213*0*0*0521*1~
DTM*472*20220104~
REF*6R*R00053041983~
SVC*HC>87426*0*0*0306*1~
DTM*472*20220104~
REF*6R*3041984~
SVC*HC>87880*0*0*0300*1~
DTM*472*20220104~
REF*6R*3041985~
SVC*HC>87804*0*0*0306*1~
DTM*472*20220104~
REF*6R*3041986~
SVC*HC>87804>59*0*0*0306*1~
DTM*472*20220104~
REF*6R*3041987~
CLP*C21003VY*1*162.37*53.1**HM*200356521*71*1~
NM1*QC*1*SELL*ETHAN*T***MI*1070316176~
NM1*82*2*MUNSON HEALTHCARE OMH WALK-IN CLINIC RHC*****XX*1093911364~
REF*CE*MEDICAID~
DTM*232*20220112~
DTM*050*20220114~
SVC*HC>T1015*162.37*53.1*0521*1~
DTM*472*20220112~
CAS*CO*45*109.27~
REF*6R*3043988~
AMT*B6*53.1~
SVC*HC>99213*0*0*0521*1~
DTM*472*20220112~
REF*6R*R00143043988~
CLP*C210033U*1*162.37*53.1**HM*200267458*71*1~
NM1*QC*1*SZYMONIAK*KAITLYN*M***MI*0002343573~
NM1*82*2*MUNSON HEALTHCARE OMH WALK-IN CLINIC RHC*****XX*1093911364~
REF*CE*MEDICAID~
DTM*232*20220110~
DTM*050*20220112~
SVC*HC>T1015*162.37*53.1*0521*1~
DTM*472*20220110~
CAS*CO*45*109.27~
REF*6R*3042494~
AMT*B6*53.1~
SVC*HC>99213*0*0*0521*1~
DTM*472*20220110~
REF*6R*R00083042494~
SVC*HC>81025*0*0*0300*1~
DTM*472*20220110~
REF*6R*3042495~
SVC*HC>81002*0*0*0300*1~
DTM*472*20220110~
REF*6R*3042496~
CLP*C21003VZ*1*162.37*53.1**HM*200356514*71*1~
NM1*QC*1*WALRAVEN*JOURNEE*K***MI*1265200406~
NM1*82*2*MUNSON HEALTHCARE OMH WALK-IN CLINIC RHC*****XX*1093911364~
REF*CE*MEDICAID~
DTM*232*20220112~
DTM*050*20220114~
SVC*HC>T1015*162.37*53.1*0521*1~
DTM*472*20220112~
CAS*CO*45*109.27~
REF*6R*3044019~
AMT*B6*53.1~
SVC*HC>99213*0*0*0521*1~
DTM*472*20220112~
REF*6R*R00153044019~
SVC*HC>87426*0*0*0306*1~
DTM*472*20220112~
REF*6R*3044020~
SVC*HC>87880*0*0*0300*1~
DTM*472*20220112~
REF*6R*3044021~
SVC*HC>87804*0*0*0306*1~
DTM*472*20220112~
REF*6R*3044022~
SVC*HC>87804>59*0*0*0306*1~
DTM*472*20220112~
REF*6R*3044023~
CLP*C21003VS*1*162.37*53.1**HM*200356511*71*1~
NM1*QC*1*WHEELIS*ABBIGAIL*M***MI*1001911028~
NM1*82*2*MUNSON HEALTHCARE OMH WALK-IN CLINIC RHC*****XX*1093911364~
REF*CE*MEDICAID~
DTM*232*20220111~
DTM*050*20220114~
SVC*HC>T1015*162.37*53.1*0521*1~
DTM*472*20220111~
CAS*CO*45*109.27~
REF*6R*3043451~
AMT*B6*53.1~
SVC*HC>99213>GT*0*0*0521*1~
DTM*472*20220111~
REF*6R*R00083043451~
SVC*HC>87426*0*0*0306*1~
DTM*472*20220111~
REF*6R*3043452~
SVC*HC>87880*0*0*0300*1~
DTM*472*20220111~
REF*6R*3043453~
LX*5~
TS3*1639420557*71*20221231*23*3875.5~
CLP*C210034Z*1*168.5*53.1**HM*200266532*71*1~
NM1*QC*1*BICKHARDT*LYLIAN*CHRISTINE***MI*1009472579~
NM1*82*2*MUNSON HEALTHCARE OTSEGO MEMORIAL*****XX*1639420557~
REF*CE*MEDICAID~
DTM*232*20220110~
DTM*050*20220112~
SVC*HC>T1015*168.5*53.1*0521*1~
DTM*472*20220110~
CAS*CO*45*115.4~
REF*6R*3042314~
AMT*B6*53.1~
SVC*HC>99203*0*0*0521*1~
DTM*472*20220110~
REF*6R*R00483042314~
CLP*C2100354*1*168.5*53.1**HM*200266533*71*1~
NM1*QC*1*BOUCK*ROSE*L***MI*0081493097~
NM1*82*2*MUNSON HEALTHCARE OTSEGO MEMORIAL*****XX*1639420557~
REF*CE*MEDICAID~
DTM*232*20220111~
DTM*050*20220112~
SVC*HC>T1015*168.5*53.1*0521*1~
DTM*472*20220111~
CAS*CO*45*115.4~
REF*6R*3042685~
AMT*B6*53.1~
SVC*HC>99213*0*0*0521*1~
DTM*472*20220111~
REF*6R*R00533042685~
CLP*C21003Y4*1*168.5*53.1**HM*200356387*71*1~
NM1*QC*1*BROWN*JOHN*F***MI*1146851019~
NM1*82*2*MUNSON HEALTHCARE OTSEGO MEMORIAL*****XX*1639420557~
REF*CE*MEDICAID~
DTM*232*20220111~
DTM*050*20220114~
SVC*HC>T1015*168.5*53.1*0521*1~
DTM*472*20220111~
CAS*CO*45*115.4~
REF*6R*3043372~
AMT*B6*53.1~
SVC*HC>99393*0*0*0521*1~
DTM*472*20220111~
REF*6R*R00923043372~
CLP*C21002EZ*1*168.5*53.1**HM*200230327*71*1~
NM1*QC*1*BUNKER*AMANDA*JO***MI*0003546104~
NM1*82*2*MUNSON HEALTHCARE OTSEGO MEMORIAL*****XX*1639420557~
REF*CE*MEDICAID~
DTM*232*20220106~
DTM*050*20220111~
SVC*HC>T1015*168.5*53.1*0521*1~
DTM*472*20220106~
CAS*CO*45*115.4~
REF*6R*3039884~
AMT*B6*53.1~
SVC*HC>99213*0*0*0521*1~
DTM*472*20220106~
REF*6R*R01503039884~
SVC*HC>81002*0*0*0300*1~
DTM*472*20220106~
REF*6R*3039885~
CLP*C21003YC*1*168.5*53.1**HM*200356369*71*1~
NM1*QC*1*DUVALL*CHRISTINA*L***MI*0007498135~
NM1*82*2*MUNSON HEALTHCARE OTSEGO MEMORIAL*****XX*1639420557~
REF*CE*MEDICAID~
DTM*232*20220113~
DTM*050*20220114~
SVC*HC>T1015*168.5*53.1*0521*1~
DTM*472*20220113~
CAS*CO*45*115.4~
REF*6R*3044393~
AMT*B6*53.1~
SVC*HC>99213>GT*0*0*0521*1~
DTM*472*20220113~
REF*6R*R01003044393~
SVC*HC>87426*0*0*0306*1~
DTM*472*20220113~
REF*6R*3044394~
CLP*C2100353*1*168.5*53.1**HM*200266535*71*1~
NM1*QC*1*HADLEY*HANNAH*M***MI*1232930249~
NM1*82*2*MUNSON HEALTHCARE OTSEGO MEMORIAL*****XX*1639420557~
REF*CE*MEDICAID~
DTM*232*20220110~
DTM*050*20220112~
SVC*HC>T1015*168.5*53.1*0521*1~
DTM*472*20220110~
CAS*CO*45*115.4~
REF*6R*3042567~
AMT*B6*53.1~
SVC*HC>99213*0*0*0521*1~
DTM*472*20220110~
REF*6R*R00523042567~
CLP*C2100352*1*168.5*53.1**HM*200266536*71*1~
NM1*QC*1*HADLEY*LUCAS*D***MI*1253482221~
NM1*82*2*MUNSON HEALTHCARE OTSEGO MEMORIAL*****XX*1639420557~
REF*CE*MEDICAID~
DTM*232*20220110~
DTM*050*20220112~
SVC*HC>T1015*168.5*53.1*0521*1~
DTM*472*20220110~
CAS*CO*45*115.4~
REF*6R*3042564~
AMT*B6*53.1~
SVC*HC>99213*0*0*0521*1~
DTM*472*20220110~
REF*6R*R00513042564~
CLP*C21003Y9*1*168.5*53.1**HM*200356395*71*1~
NM1*QC*1*JUVINALL*TRISTIAN*K***MI*1167673311~
NM1*82*2*MUNSON HEALTHCARE OTSEGO MEMORIAL*****XX*1639420557~
REF*CE*MEDICAID~
DTM*232*20220112~
DTM*050*20220114~
SVC*HC>T1015*168.5*53.1*0521*1~
DTM*472*20220112~
CAS*CO*45*115.4~
REF*6R*3043989~
AMT*B6*53.1~
SVC*HC>99213>GT*0*0*0521*1~
DTM*472*20220112~
REF*6R*R00973043989~
SVC*HC>87804*0*0*0306*1~
DTM*472*20220112~
REF*6R*3043990~
SVC*HC>87804>59*0*0*0306*1~
DTM*472*20220112~
REF*6R*3043991~
CLP*C21003Y7*1*168.5*53.1**HM*200356397*71*1~
NM1*QC*1*KIBBY*DANIKA*P***MI*0004908001~
NM1*82*2*MUNSON HEALTHCARE OTSEGO MEMORIAL*****XX*1639420557~
REF*CE*MEDICAID~
DTM*232*20220112~
DTM*050*20220114~
SVC*HC>T1015*168.5*53.1*0521*1~
DTM*472*20220112~
CAS*CO*45*115.4~
REF*6R*3043857~
AMT*B6*53.1~
SVC*HC>99213*0*0*0521*1~
DTM*472*20220112~
REF*6R*R00953043857~
SVC*HC>81002*0*0*0300*1~
DTM*472*20220112~
REF*6R*3043858~
CLP*C21003Y5*1*168.5*53.1**HM*200356374*71*1~
NM1*QC*1*KLOSS*KELLY*P***MI*1250165605~
NM1*74*1*KRAWCZEWSKI*KELLY*PATRICIA***C*1250165605~
NM1*82*2*MUNSON HEALTHCARE OTSEGO MEMORIAL*****XX*1639420557~
REF*CE*MEDICAID~
DTM*232*20220112~
DTM*050*20220114~
SVC*HC>T1015*168.5*53.1*0521*1~
DTM*472*20220112~
CAS*CO*45*115.4~
REF*6R*3043433~
AMT*B6*53.1~
SVC*HC>99213*0*0*0521*1~
DTM*472*20220112~
REF*6R*R00933043433~
CLP*C2100355*1*168.5*53.1**HM*200266539*71*1~
NM1*QC*1*LUCIER*DRAVEN*S***MI*1076791115~
NM1*82*2*MUNSON HEALTHCARE OTSEGO MEMORIAL*****XX*1639420557~
REF*CE*MEDICAID~
DTM*232*20220110~
DTM*050*20220112~
SVC*HC>T1015*168.5*53.1*0521*1~
DTM*472*20220110~
CAS*CO*45*115.4~
REF*6R*3042689~
AMT*B6*53.1~
SVC*HC>99203>25*0*0*0521*1~
DTM*472*20220110~
REF*6R*R00543042689~
SVC*HC>12001*0*0*0521*1~
DTM*472*20220110~
REF*6R*3042690~
CLP*C21003Y1*1*168.5*53.1**HM*200356382*71*1~
NM1*QC*1*MARSH*ANGELA*M***MI*0006022716~
NM1*82*2*MUNSON HEALTHCARE OTSEGO MEMORIAL*****XX*1639420557~
REF*CE*MEDICAID~
DTM*232*20220111~
DTM*050*20220114~
SVC*HC>T1015*168.5*53.1*0521*1~
DTM*472*20220111~
CAS*CO*45*115.4~
REF*6R*3042934~
AMT*B6*53.1~
SVC*HC>99203>GT*0*0*0521*1~
DTM*472*20220111~
REF*6R*R00893042934~
SVC*HC>87426*0*0*0306*1~
DTM*472*20220111~
REF*6R*3042935~
SVC*HC>87804*0*0*0306*1~
DTM*472*20220111~
REF*6R*3042936~
SVC*HC>87804>59*0*0*0306*1~
DTM*472*20220111~
REF*6R*3042937~
CLP*C21003Y0*1*168.5*53.1**HM*200356379*71*1~
NM1*QC*1*MARSH*ANGELISE****MI*1025268921~
NM1*82*2*MUNSON HEALTHCARE OTSEGO MEMORIAL*****XX*1639420557~
REF*CE*MEDICAID~
DTM*232*20220111~
DTM*050*20220114~
SVC*HC>T1015*168.5*53.1*0521*1~
DTM*472*20220111~
CAS*CO*45*115.4~
REF*6R*3042928~
AMT*B6*53.1~
SVC*HC>99202>GT*0*0*0521*1~
DTM*472*20220111~
REF*6R*R00883042928~
SVC*HC>87426*0*0*0306*1~
DTM*472*20220111~
REF*6R*3042929~
SVC*HC>87804*0*0*0306*1~
DTM*472*20220111~
REF*6R*3042930~
SVC*HC>87804>59*0*0*0306*1~
DTM*472*20220111~
REF*6R*3042931~
CLP*C21003Y3*1*168.5*53.1**HM*200356392*71*1~
NM1*QC*1*MARSH*JAMIE****MI*1142538943~
NM1*82*2*MUNSON HEALTHCARE OTSEGO MEMORIAL*****XX*1639420557~
REF*CE*MEDICAID~
DTM*232*20220111~
DTM*050*20220114~
SVC*HC>T1015*168.5*53.1*0521*1~
DTM*472*20220111~
CAS*CO*45*115.4~
REF*6R*3042944~
AMT*B6*53.1~
SVC*HC>99203>GT*0*0*0521*1~
DTM*472*20220111~
REF*6R*R00913042944~
SVC*HC>87426*0*0*0306*1~
DTM*472*20220111~
REF*6R*3042945~
SVC*HC>87804*0*0*0306*1~
DTM*472*20220111~
REF*6R*3042946~
SVC*HC>87804>59*0*0*0306*1~
DTM*472*20220111~
REF*6R*3042947~
CLP*C21003Y2*1*168.5*53.1**HM*200356376*71*1~
NM1*QC*1*MARSH*KYA****MI*1142542472~
NM1*82*2*MUNSON HEALTHCARE OTSEGO MEMORIAL*****XX*1639420557~
REF*CE*MEDICAID~
DTM*232*20220111~
DTM*050*20220114~
SVC*HC>T1015*168.5*53.1*0521*1~
DTM*472*20220111~
CAS*CO*45*115.4~
REF*6R*3042939~
AMT*B6*53.1~
SVC*HC>99203>GT*0*0*0521*1~
DTM*472*20220111~
REF*6R*R00903042939~
SVC*HC>87426*0*0*0306*1~
DTM*472*20220111~
REF*6R*3042940~
SVC*HC>87804*0*0*0306*1~
DTM*472*20220111~
REF*6R*3042941~
SVC*HC>87804>59*0*0*0306*1~
DTM*472*20220111~
REF*6R*3042942~
CLP*C21003YB*1*168.5*53.1**HM*200356389*71*1~
NM1*QC*1*MILLER*SANDRA*L***MI*0001498737~
NM1*82*2*MUNSON HEALTHCARE OTSEGO MEMORIAL*****XX*1639420557~
REF*CE*MEDICAID~
DTM*232*20220113~
DTM*050*20220114~
SVC*HC>T1015*168.5*53.1*0521*1~
DTM*472*20220113~
CAS*CO*45*115.4~
REF*6R*3044208~
AMT*B6*53.1~
SVC*HC>99214*0*0*0521*1~
DTM*472*20220113~
REF*6R*R00993044208~
SVC*HC>96372*0*0*0521*1~
DTM*472*20220113~
REF*6R*3044209~
SVC*HC>J1885*0*0*0636*4~
DTM*472*20220113~
REF*6R*3044210~
LQ*HE*M79~
CLP*C21003Y6*1*168.5*53.1**HM*200356370*71*1~
NM1*QC*1*MONTAGUE*JAXON*P***MI*1173767182~
NM1*82*2*MUNSON HEALTHCARE OTSEGO MEMORIAL*****XX*1639420557~
REF*CE*MEDICAID~
DTM*232*20220112~
DTM*050*20220114~
SVC*HC>T1015*168.5*53.1*0521*1~
DTM*472*20220112~
CAS*CO*45*115.4~
REF*6R*3043850~
AMT*B6*53.1~
SVC*HC>99203>GT*0*0*0521*1~
DTM*472*20220112~
REF*6R*R00943043850~
SVC*HC>87426*0*0*0306*1~
DTM*472*20220112~
REF*6R*3043851~
SVC*HC>87804*0*0*0306*1~
DTM*472*20220112~
REF*6R*3043852~
SVC*HC>87804>59*0*0*0306*1~
DTM*472*20220112~
REF*6R*3043853~
CLP*C210034X*1*168.5*53.1**HM*200266531*71*1~
NM1*QC*1*MURRAY*CARSON*J***MI*1258431860~
NM1*82*2*MUNSON HEALTHCARE OTSEGO MEMORIAL*****XX*1639420557~
REF*CE*MEDICAID~
DTM*232*20220108~
DTM*050*20220112~
SVC*HC>T1015*168.5*53.1*0521*1~
DTM*472*20220108~
CAS*CO*45*115.4~
REF*6R*3042075~
AMT*B6*53.1~
SVC*HC>99213*0*0*0521*1~
DTM*472*20220108~
REF*6R*R00463042075~
SVC*HC>87426*0*0*0306*1~
DTM*472*20220108~
REF*6R*3042076~
CLP*C2100350*1*168.5*53.1**HM*200266534*71*1~
NM1*QC*1*REMEUR*STEPHANIE*L***MI*0096760900~
NM1*82*2*MUNSON HEALTHCARE OTSEGO MEMORIAL*****XX*1639420557~
REF*CE*MEDICAID~
DTM*232*20220110~
DTM*050*20220112~
SVC*HC>T1015*168.5*53.1*0521*1~
DTM*472*20220110~
CAS*CO*45*115.4~
REF*6R*3042375~
AMT*B6*53.1~
SVC*HC>99214*0*0*0521*1~
DTM*472*20220110~
REF*6R*R00493042375~
CLP*C2100351*1*168.5*53.1**HM*200266538*71*1~
NM1*QC*1*RILEY*SIERRA*S***MI*0068305057~
NM1*82*2*MUNSON HEALTHCARE OTSEGO MEMORIAL*****XX*1639420557~
REF*CE*MEDICAID~
DTM*232*20220110~
DTM*050*20220112~
SVC*HC>T1015*168.5*53.1*0521*1~
DTM*472*20220110~
CAS*CO*45*115.4~
REF*6R*3042476~
AMT*B6*53.1~
SVC*HC>99213>25*0*0*0521*1~
DTM*472*20220110~
REF*6R*R00503042476~
SVC*HC>87426*0*0*0306*1~
DTM*472*20220110~
REF*6R*3042477~
SVC*HC>87804*0*0*0306*1~
DTM*472*20220110~
REF*6R*3042478~
CLP*C21003Y8*1*168.5*53.1**HM*200356388*71*1~
NM1*QC*1*STONEHAM*LINCOLN*W***MI*1250592687~
NM1*82*2*MUNSON HEALTHCARE OTSEGO MEMORIAL*****XX*1639420557~
REF*CE*MEDICAID~
DTM*232*20220112~
DTM*050*20220114~
SVC*HC>T1015*168.5*53.1*0521*1~
DTM*472*20220112~
CAS*CO*45*115.4~
REF*6R*3043890~
AMT*B6*53.1~
SVC*HC>99213*0*0*0521*1~
DTM*472*20220112~
REF*6R*R00963043890~
CLP*C21003YA*1*168.5*53.1**HM*200356385*71*1~
NM1*QC*1*WALTERS*CLOVER*R***MI*1244814574~
NM1*82*2*MUNSON HEALTHCARE OTSEGO MEMORIAL*****XX*1639420557~
REF*CE*MEDICAID~
DTM*232*20220112~
DTM*050*20220114~
SVC*HC>T1015*168.5*53.1*0521*1~
DTM*472*20220112~
CAS*CO*45*115.4~
REF*6R*3044180~
AMT*B6*53.1~
SVC*HC>99213*0*0*0521*1~
DTM*472*20220112~
REF*6R*R00983044180~
CLP*C210034W*1*168.5*53.1**HM*200266537*71*1~
NM1*QC*1*YAKLIN*OLIVIA****MI*1250592749~
NM1*82*2*MUNSON HEALTHCARE OTSEGO MEMORIAL*****XX*1639420557~
REF*CE*MEDICAID~
DTM*232*20220110~
DTM*050*20220112~
SVC*HC>T1015*168.5*53.1*0521*1~
DTM*472*20220110~
CAS*CO*45*115.4~
REF*6R*3041927~
AMT*B6*53.1~
SVC*HC>99392*0*0*0521*1~
DTM*472*20220110~
REF*6R*R00453041927~
SVC*HC>90471*0*0*0521*1~
DTM*472*20220110~
REF*6R*3041928~
SE*2381*1101~
GE*8*1~
IEA*1*262455724~
