ISA*00*          *00*          *ZZ*133052274      *ZZ*XXXXXXXXXXXXXXX*220119*0250*^*00501*100358959*0*P*>~
GS*HP*133052274*XX*20220119*0250*1*X*005010X221A1~
ST*835*1544~
BPR*I*181.46*C*ACH*CCP*01*031100209*DA*0038865237*1066033492**01*053902197*DA*4262085066*20220121~
TRN*1*160118220270729*1066033492~
REF*EV*XXXXXXXXXXXXXXXXXXXXXXXXXXXXXX~
DTM*405*20220119~
N1*PR*AETNA~
N3*151 FARMINGTON AVENUE~
N4*HARTFORD*CT*06156~
REF*2U*60054~
PER*BL*Provider Service~
N1*PE*TIDELANDS HEALTH WACCAMAW COMMU*XX*1972503910~
N3*PO BOX 421718~
N4*GEORGETOWN*SC*294424203~
REF*PQ*276360160~
REF*TJ*043633263~
LX*1~
TS3*1902818495*23*20221231*1*1239.75~
CLP*WKC4807389*1*1239.75*181.46**13*220114E109720000*23*1~
NM1*QC*1*RUSCH*BARBARA*J***MI*7Y91PF7XP99~
NM1*74*1******C*MEBTHB1Y~
NM1*82*2*TIDELANDS HEALTH WACCAMAW COMMU*****XX*1902818495~
REF*1L*467428-129~
REF*CE*MEDICARE OPEN ACCESS PPO PLAN NET 04267~
DTM*232*20211217~
DTM*233*20211217~
DTM*050*20220114~
PER*CX**TE*8006240756~
AMT*AU*1239.75~
SVC*HC>99291*1239.75*181.46**1~
DTM*472*20211217~
CAS*CO*45*1058.29~
REF*6R*W2XP0008726182-1~
AMT*B6*181.46~
SE*34*1544~
GE*1*1~
IEA*1*100358959~
