ISA*00*          *00*          *ZZ*133052274      *ZZ*XXXXXXXXXXXXXXX*220119*0250*^*00501*100358959*0*P*>~
GS*HP*133052274*XX*20220119*0250*1*X*005010X221A1~
ST*835*1920~
BPR*I*516.19*C*ACH*CCP*01*031100209*DA*0038865237*1066033492**01*011103093*DA*4369138338*20220121~
TRN*1*160118220271001*1066033492~
REF*EV*XXXXXXXXXXXXXXXXXXXXXXXXXXXXXX~
DTM*405*20220119~
N1*PR*AETNA~
N3*151 FARMINGTON AVENUE~
N4*HARTFORD*CT*06156~
REF*2U*60054~
PER*BL*Provider Service~
N1*PE*TIDELANDS HEALTH MARKET COMMON*XX*1609437961~
N3*PO BOX 421718~
N4*GEORGETOWN*SC*294424203~
REF*PQ*121383310~
REF*TJ*384112811~
LX*1~
TS3*1457524852*49*20221231*1*3403.73~
CLP*FKC4579758*1*3403.73*516.19**13*220114E012160000*49*1~
NM1*QC*1*DELORENZO*DENNIS*V***MI*MEBRFJCH~
NM1*82*2*TIDELANDS HEALTH MARKET COMMON*****XX*1457524852~
REF*G1*2683945~
REF*1L*456920-091~
REF*CE*SEHBP EDUCATORS MEDICARE PLAN NET 04267~
DTM*232*20211231~
DTM*233*20211231~
DTM*050*20220114~
PER*CX**TE*8006240756~
AMT*AU*2984.8~
SVC*HC>72197*2247*368.63**1~
DTM*472*20211231~
CAS*CO*45*1878.37~
REF*6R*THIC0008724974-2~
AMT*B6*368.63~
LQ*HE*N59~
SVC*HC>J1610*737.8*147.56**1~
DTM*472*20211231~
CAS*CO*45*590.24~
REF*6R*THIC0008724974-1~
AMT*B6*147.56~
LQ*HE*N59~
SVC*HC>A9577*418.93*0**0**1~
DTM*472*20211231~
CAS*CO*97*418.93*1~
REF*6R*THIC0008724974-3~
LQ*HE*N20~
SE*46*1920~
GE*1*1~
IEA*1*100358959~
