ISA*00*          *00*          *ZZ*133052274      *ZZ*XXXXXXXXXXXXXXX*220119*0250*^*00501*100358959*0*P*>~
GS*HP*133052274*XX*20220119*0250*1*X*005010X221A1~
ST*835*1302~
BPR*I*8548.66*C*ACH*CCP*01*031100209*DA*0038865237*1066033492**01*074000010*DA*641879929*20220121~
TRN*1*160118220237943*1066033492~
REF*EV*XXXXXXXXXXXXXXXXXXXXXXXXXXXXXX~
DTM*405*20220119~
N1*PR*AETNA~
N3*151 FARMINGTON AVENUE~
N4*HARTFORD*CT*06156~
REF*2U*60054~
PER*BL*Provider Service~
N1*PE*METHODIST HOSPITAL INC*XX*1467504555~
N3*27383 NETWORK PLACE~
N4*CHICAGO*IL*60673~
REF*PQ*476140900~
REF*TJ*350868133~
LX*1~
TS3*1467504555*11*20221231*24*190799.75~
CLP*120402298600*1*1599*0**13*211122E275700002*13*1~
NM1*QC*1*THOMPSON*CHARLES****MI*MEBPLKJM~
NM1*82*2*METHODIST HOSPITAL INC*****XX*1467504555~
REF*1L*467112-019~
REF*CE*MEDICARE (C02) ESA PPO PLAN NET 04149~
DTM*232*20211116~
DTM*233*20211116~
DTM*050*20211122~
PER*CX**TE*8006240756~
SVC*HC>43762*799.5*0*0450*0**1~
DTM*472*20211116~
CAS*PI*252*799.5*1~
REF*6R*MTXP0010007316-1~
LQ*HE*N391~
SVC*HC>99283>25*799.5*0*0450*0**1~
DTM*472*20211116~
CAS*PI*252*799.5*1~
REF*6R*MTXP0010007316-2~
LQ*HE*N391~
CLP*110201321600*1*520*0**13*211125E689770000*13*1~
NM1*QC*1*DEVEN*ELOISA****MI*MEBPLKXN~
NM1*82*2*METHODIST HOSPITAL INC*****XX*1467504555~
REF*1L*467112-019~
REF*CE*MEDICARE (C02) ESA PPO PLAN NET 04149~
DTM*232*20211120~
DTM*233*20211120~
DTM*050*20211125~
PER*CX**TE*8006240756~
SVC*HC>99282*520*0*0450*0**1~
DTM*472*20211120~
CAS*PI*252*520*1~
REF*6R*MTXP0010018496-1~
LQ*HE*N391~
CLP*120406109400*22*-15112*-2397.31**13*211223E970730004~
NM1*QC*1*JOHNSON*LILLIAN****MI*MEBTQVCK~
NM1*82*2*METHODIST HOSPITAL INC*****XX*1467504555~
REF*1L*467574-053~
REF*CE*MEDICARE ESA-FORMERLY OPTION B NET 02101~
DTM*232*20211217~
DTM*233*20211217~
DTM*050*20211223~
PER*CX**TE*8006240756~
SVC*HC>19083>50*-11912*-2397.31*0402*1~
DTM*472*20211217~
CAS*CO*45*-9514.69~
LQ*HE*N59~
LQ*HE*N694~
SVC*HC>76942>RT*-669*0*0402*0**1~
DTM*472*20211217~
CAS*CO*97*-669*1~
LQ*HE*N130~
LQ*HE*N694~
SVC*HC>38505>RT*-2531*0*0761*0**1~
DTM*472*20211217~
CAS*CO*97*-2531*1~
LQ*HE*N130~
LQ*HE*N694~
CLP*120405966100*22*-10887*-2290.41**13*211227E800390003~
NM1*QC*1*STURGEON*FRANK*K***MI*MEBVS1SW~
NM1*82*2*METHODIST HOSPITAL INC*****XX*1467504555~
REF*1L*466916-116~
REF*CE*USS MEDICARE ESA PPO PLAN NET 02101~
DTM*232*20211221~
DTM*233*20211221~
DTM*050*20211227~
PER*CX**TE*8006240756~
SVC*NU>0250*-166.75*0**0**1~
DTM*472*20211221~
CAS*CO*97*-166.75*36~
LQ*HE*N130~
LQ*HE*N694~
SVC*NU>0258*-42.25*0**0**1~
DTM*472*20211221~
CAS*CO*97*-42.25*1~
LQ*HE*N130~
LQ*HE*N694~
SVC*HC>28124>T6*-5874*-2290.41*0360*1~
DTM*472*20211221~
CAS*CO*45*-3010.99~
CAS*PR*3*-572.6~
LQ*HE*N59~
LQ*HE*N694~
SVC*NU>0370*-2896*0**0**1~
DTM*472*20211221~
CAS*CO*97*-2896*1~
LQ*HE*N130~
LQ*HE*N694~
SVC*HC>J1100*-44.25*0*0636*0**1~
DTM*472*20211221~
CAS*CO*97*-44.25*20~
LQ*HE*N130~
LQ*HE*N694~
SVC*HC>J1580*-18.25*0*0636*0**1~
DTM*472*20211221~
CAS*CO*97*-18.25*1~
LQ*HE*N130~
LQ*HE*N694~
SVC*HC>J2405*-11.5*0*0636*0**1~
DTM*472*20211221~
CAS*CO*97*-11.5*4~
LQ*HE*N130~
LQ*HE*N694~
SVC*HC>J2704*-95*0*0636*0**1~
DTM*472*20211221~
CAS*CO*97*-95*40~
LQ*HE*N130~
LQ*HE*N694~
SVC*HC>J3010*-14*0*0636*0**1~
DTM*472*20211221~
CAS*CO*97*-14*1~
LQ*HE*N130~
LQ*HE*N694~
SVC*NU>0710*-1725*0**0**1~
DTM*472*20211221~
CAS*CO*97*-1725*1~
LQ*HE*N130~
LQ*HE*N694~
CLP*120404453000*1*612*15.74*2.42*13*220111E255080000*13*2~
NM1*QC*1*POPONAS*LOUISE****MI*MEBMZVFF~
NM1*82*2*METHODIST HOSPITAL INC*****XX*1467504555~
REF*1L*466916-116~
REF*CE*USS MEDICARE ESA PPO PLAN NET 04149~
DTM*232*20211208~
DTM*233*20211208~
DTM*050*20220111~
PER*CX**TE*8006240756~
AMT*AU*612~
SVC*HC>80048*487*7.11*0301*1~
DTM*472*20211208~
CAS*CO*45*478.54~
CAS*PR*2*1.35~
REF*6R*MTXP0010155600-2~
AMT*B6*8.46~
SVC*HC>83735*113*5.63*0301*1~
DTM*472*20211208~
CAS*CO*45*106.3~
CAS*PR*2*1.07~
REF*6R*MTXP0010155600-3~
AMT*B6*6.7~
SVC*HC>36415*12*3*0300*1~
DTM*472*20211208~
CAS*CO*45*9~
REF*6R*MTXP0010155600-1~
AMT*B6*3~
LQ*HE*N59~
CLP*110201653501*1*23924.75*0**13*220112E354100001*11*1**897*.827~
NM1*QC*1*GARCIA*ROBERT****MI*MEBMZ11F~
NM1*82*2*METHODIST HOSPITAL INC*****XX*1467504555~
REF*G1*2821054~
REF*1L*466916-116~
REF*CE*USS MEDICARE ESA PPO PLAN NET 04149~
DTM*232*20211129~
DTM*233*20211201~
DTM*050*20220112~
PER*CX**TE*8006240756~
SVC*NU>0206*2506*0**0**2~
DTM*150*20211129~
DTM*151*20211201~
CAS*CO*150*2506*2~
REF*6R*MTXP0010159714-1~
LQ*HE*N640~
SVC*NU>0410*1797*0**0**6~
DTM*150*20211129~
DTM*151*20211201~
CAS*CO*150*1797*6~
REF*6R*MTXP0010159714-13~
LQ*HE*N640~
SVC*NU>0450*1925*0**0**1~
DTM*150*20211129~
DTM*151*20211201~
CAS*CO*150*1925*1~
REF*6R*MTXP0010159714-17~
LQ*HE*N640~
SVC*NU>0250*4268.75*0**0**229~
DTM*150*20211129~
DTM*151*20211201~
CAS*CO*150*4268.75*229~
REF*6R*MTXP0010159714-2~
LQ*HE*N640~
SVC*NU>0300*1814*0**0**10~
DTM*150*20211129~
DTM*151*20211201~
CAS*CO*150*1814*10~
REF*6R*MTXP0010159714-3~
LQ*HE*N640~
SVC*NU>0301*4219*0**0**21~
DTM*150*20211129~
DTM*151*20211201~
CAS*CO*150*4219*21~
REF*6R*MTXP0010159714-4~
LQ*HE*N640~
SVC*NU>0302*72*0**0**1~
DTM*150*20211129~
DTM*151*20211201~
CAS*CO*150*72*1~
REF*6R*MTXP0010159714-5~
LQ*HE*N640~
SVC*NU>0305*1010*0**0**6~
DTM*150*20211129~
DTM*151*20211201~
CAS*CO*150*1010*6~
REF*6R*MTXP0010159714-6~
LQ*HE*N640~
SVC*NU>0306*376*0**0**2~
DTM*150*20211129~
DTM*151*20211201~
CAS*CO*150*376*2~
REF*6R*MTXP0010159714-7~
LQ*HE*N640~
SVC*NU>0307*199*0**0**2~
DTM*150*20211129~
DTM*151*20211201~
CAS*CO*150*199*2~
REF*6R*MTXP0010159714-8~
LQ*HE*N640~
SVC*NU>0320*732*0**0**2~
DTM*150*20211129~
DTM*151*20211201~
CAS*CO*150*732*2~
REF*6R*MTXP0010159714-9~
LQ*HE*N640~
SVC*NU>0324*360*0**0**1~
DTM*150*20211129~
DTM*151*20211201~
CAS*CO*150*360*1~
REF*6R*MTXP0010159714-10~
LQ*HE*N640~
SVC*NU>0352*2679*0**0**1~
DTM*150*20211129~
DTM*151*20211201~
CAS*CO*150*2679*1~
REF*6R*MTXP0010159714-11~
LQ*HE*N640~
SVC*NU>0402*1088*0**0**1~
DTM*150*20211129~
DTM*151*20211201~
CAS*CO*150*1088*1~
REF*6R*MTXP0010159714-12~
LQ*HE*N640~
SVC*NU>0420*117*0**0**1~
DTM*150*20211129~
DTM*151*20211201~
CAS*CO*150*117*1~
REF*6R*MTXP0010159714-14~
LQ*HE*N640~
SVC*NU>0424*242*0**0**1~
DTM*150*20211129~
DTM*151*20211201~
CAS*CO*150*242*1~
REF*6R*MTXP0010159714-15~
LQ*HE*N640~
SVC*NU>0434*235*0**0**1~
DTM*150*20211129~
DTM*151*20211201~
CAS*CO*150*235*1~
REF*6R*MTXP0010159714-16~
LQ*HE*N640~
SVC*NU>0730*285*0**0**1~
DTM*150*20211129~
DTM*151*20211201~
CAS*CO*150*285*1~
REF*6R*MTXP0010159714-18~
LQ*HE*N640~
CLP*110203084300*1*38961.75*4629.75**13*220113E231700001*11*1**310*.5592~
NM1*QC*1*POWE*DIANE****MI*MEBMZSKW~
NM1*82*2*METHODIST HOSPITAL INC*****XX*1467504555~
REF*G1*3035175~
REF*1L*466916-116~
REF*CE*USS MEDICARE ESA PPO PLAN NET 04149~
DTM*232*20211226~
DTM*233*20211231~
DTM*050*20220113~
PER*CX**TE*8006240756~
AMT*AU*6265~
SVC*NU>0206*6265*4629.75**5~
DTM*150*20211226~
DTM*151*20211231~
CAS*CO*45*1635.25~
REF*6R*MTXP0010163223-1~
AMT*B6*4629.75~
SVC*NU>0450*1925*0**0**1~
DTM*150*20211226~
DTM*151*20211231~
CAS*CO*97*1925*1~
REF*6R*MTXP0010163223-15~
LQ*HE*M2~
SVC*NU>0250*7896.75*0**0**199~
DTM*150*20211226~
DTM*151*20211231~
CAS*CO*97*7896.75*199~
REF*6R*MTXP0010163223-2~
LQ*HE*M2~
SVC*NU>0300*2202*0**0**14~
DTM*150*20211226~
DTM*151*20211231~
CAS*CO*97*2202*14~
REF*6R*MTXP0010163223-3~
LQ*HE*M2~
SVC*NU>0301*5390*0**0**21~
DTM*150*20211226~
DTM*151*20211231~
CAS*CO*97*5390*21~
REF*6R*MTXP0010163223-4~
LQ*HE*M2~
SVC*NU>0302*272*0**0**1~
DTM*150*20211226~
DTM*151*20211231~
CAS*CO*97*272*1~
REF*6R*MTXP0010163223-5~
LQ*HE*M2~
SVC*NU>0305*1222*0**0**7~
DTM*150*20211226~
DTM*151*20211231~
CAS*CO*97*1222*7~
REF*6R*MTXP0010163223-6~
LQ*HE*M2~
SVC*NU>0306*1729*0**0**9~
DTM*150*20211226~
DTM*151*20211231~
CAS*CO*97*1729*9~
REF*6R*MTXP0010163223-7~
LQ*HE*M2~
SVC*NU>0307*135*0**0**1~
DTM*150*20211226~
DTM*151*20211231~
CAS*CO*97*135*1~
REF*6R*MTXP0010163223-8~
LQ*HE*M2~
SVC*NU>0324*360*0**0**1~
DTM*150*20211226~
DTM*151*20211231~
CAS*CO*97*360*1~
REF*6R*MTXP0010163223-9~
LQ*HE*M2~
SVC*NU>0351*2679*0**0**1~
DTM*150*20211226~
DTM*151*20211231~
CAS*CO*97*2679*1~
REF*6R*MTXP0010163223-10~
LQ*HE*M2~
SVC*NU>0420*795*0**0**6~
DTM*150*20211226~
DTM*151*20211231~
CAS*CO*97*795*6~
REF*6R*MTXP0010163223-11~
LQ*HE*M2~
SVC*NU>0424*242*0**0**1~
DTM*150*20211226~
DTM*151*20211231~
CAS*CO*97*242*1~
REF*6R*MTXP0010163223-12~
LQ*HE*M2~
SVC*NU>0430*275*0**0**3~
DTM*150*20211226~
DTM*151*20211231~
CAS*CO*97*275*3~
REF*6R*MTXP0010163223-13~
LQ*HE*M2~
SVC*NU>0434*235*0**0**1~
DTM*150*20211226~
DTM*151*20211231~
CAS*CO*97*235*1~
REF*6R*MTXP0010163223-14~
LQ*HE*M2~
SVC*NU>0483*2164*0**0**1~
DTM*150*20211226~
DTM*151*20211231~
CAS*CO*97*2164*1~
REF*6R*MTXP0010163223-16~
LQ*HE*M2~
SVC*NU>0611*4018*0**0**1~
DTM*150*20211226~
DTM*151*20211231~
CAS*CO*97*4018*1~
REF*6R*MTXP0010163223-17~
LQ*HE*M2~
SVC*NU>0730*570*0**0**2~
DTM*150*20211226~
DTM*151*20211231~
CAS*CO*97*570*2~
REF*6R*MTXP0010163223-18~
LQ*HE*M2~
SVC*NU>0740*587*0**0**1~
DTM*150*20211226~
DTM*151*20211231~
CAS*CO*97*587*1~
REF*6R*MTXP0010163223-19~
LQ*HE*M2~
CLP*110201631001*1*29957.5*2499.27**13*220113E231710000*13*1~
NM1*QC*1*FOSTER*CLAUDETTE****MI*MEBPLGRH~
NM1*82*2*METHODIST HOSPITAL INC*****XX*1467504555~
REF*1L*467112-135~
REF*CE*MEDICARE (C02) ESA PPO PLAN NET 04149~
DTM*232*20211126~
DTM*233*20211130~
DTM*050*20220113~
PER*CX**TE*8006240756~
AMT*AU*2402~
SVC*NU>0250*213.25*0**0**5~
DTM*472*20211126~
CAS*CO*97*213.25*5~
REF*6R*MTXP0010163302-1~
LQ*HE*N130~
SVC*NU>0250*384*0**0**6~
DTM*472*20211127~
CAS*CO*97*384*6~
REF*6R*MTXP0010163302-2~
LQ*HE*N130~
SVC*NU>0250*468.5*0**0**8~
DTM*472*20211128~
CAS*CO*97*468.5*8~
REF*6R*MTXP0010163302-3~
LQ*HE*N130~
SVC*NU>0250*468.5*0**0**8~
DTM*472*20211129~
CAS*CO*97*468.5*8~
REF*6R*MTXP0010163302-4~
LQ*HE*N130~
SVC*NU>0250*234.25*0**0**4~
DTM*472*20211130~
CAS*CO*97*234.25*4~
REF*6R*MTXP0010163302-5~
LQ*HE*N130~
SVC*NU>0255*582.75*0**0**100~
DTM*472*20211126~
CAS*CO*97*582.75*100~
REF*6R*MTXP0010163302-6~
LQ*HE*N130~
SVC*NU>0255*1556.25*0**0**405~
DTM*472*20211127~
CAS*CO*97*1556.25*405~
REF*6R*MTXP0010163302-7~
LQ*HE*N130~
SVC*NU>0258*35.75*0**0**1~
DTM*472*20211126~
CAS*CO*97*35.75*1~
REF*6R*MTXP0010163302-8~
LQ*HE*N130~
SVC*NU>0258*35.75*0**0**1~
DTM*472*20211127~
CAS*CO*97*35.75*1~
REF*6R*MTXP0010163302-9~
LQ*HE*N130~
SVC*HC>96360>59*463*0*0260*0**1~
DTM*472*20211126~
CAS*CO*97*463*1~
REF*6R*MTXP0010163302-10~
LQ*HE*N130~
SVC*NU>0272*114*0**0**1~
DTM*472*20211126~
CAS*CO*97*114*1~
REF*6R*MTXP0010163302-11~
LQ*HE*N130~
SVC*HC>0202U>GY*1679*0*0300*0**1~
DTM*472*20211126~
CAS*CO*96*1679*1~
REF*6R*MTXP0010163302-12~
LQ*HE*N115~
SVC*HC>36415*60*0*0300*0**1~
DTM*472*20211126~
CAS*CO*97*60*1~
REF*6R*MTXP0010163302-13~
LQ*HE*N130~
SVC*HC>36415*15*0*0300*0**1~
DTM*472*20211127~
CAS*CO*97*15*1~
REF*6R*MTXP0010163302-14~
LQ*HE*N130~
SVC*HC>36415*15*0*0300*0**1~
DTM*472*20211128~
CAS*CO*97*15*1~
REF*6R*MTXP0010163302-15~
LQ*HE*N130~
SVC*HC>80053*474*0*0301*0**1~
DTM*472*20211126~
CAS*CO*97*474*1~
REF*6R*MTXP0010163302-16~
LQ*HE*N130~
SVC*HC>80053*474*0*0301*0**1~
DTM*472*20211127~
CAS*CO*97*474*1~
REF*6R*MTXP0010163302-17~
LQ*HE*N130~
SVC*HC>83605*86*0*0301*0**1~
DTM*472*20211126~
CAS*CO*97*86*1~
REF*6R*MTXP0010163302-18~
LQ*HE*N130~
SVC*HC>83690*204*0*0301*0**1~
DTM*472*20211126~
CAS*CO*97*204*1~
REF*6R*MTXP0010163302-19~
LQ*HE*N130~
SVC*HC>83735*113*0*0301*0**1~
DTM*472*20211126~
CAS*CO*97*113*1~
REF*6R*MTXP0010163302-20~
LQ*HE*N130~
SVC*HC>83880*107*0*0301*0**1~
DTM*472*20211126~
CAS*CO*96*107*1~
REF*6R*MTXP0010163302-21~
LQ*HE*N115~
SVC*HC>84484*192*0*0301*0**1~
DTM*472*20211126~
CAS*CO*97*192*1~
REF*6R*MTXP0010163302-22~
LQ*HE*N130~
SVC*HC>84484>91*192*0*0301*0**1~
DTM*472*20211126~
CAS*CO*97*192*1~
REF*6R*MTXP0010163302-23~
LQ*HE*N130~
SVC*HC>85007*89*0*0305*0**1~
DTM*472*20211127~
CAS*CO*97*89*1~
REF*6R*MTXP0010163302-24~
LQ*HE*N130~
SVC*HC>85025*221*0*0305*0**1~
DTM*472*20211126~
CAS*CO*97*221*1~
REF*6R*MTXP0010163302-25~
LQ*HE*N130~
SVC*HC>85025*221*0*0305*0**1~
DTM*472*20211128~
CAS*CO*97*221*1~
REF*6R*MTXP0010163302-26~
LQ*HE*N130~
SVC*HC>85027*189*0*0305*0**1~
DTM*472*20211127~
CAS*CO*97*189*1~
REF*6R*MTXP0010163302-27~
LQ*HE*N130~
SVC*HC>87040*376*0*0306*0**2~
DTM*472*20211126~
CAS*CO*97*376*2~
REF*6R*MTXP0010163302-28~
LQ*HE*N130~
SVC*HC>81001*135*0*0307*0**1~
DTM*472*20211126~
CAS*CO*97*135*1~
REF*6R*MTXP0010163302-29~
LQ*HE*N130~
SVC*HC>74250*1050*0*0320*0**1~
DTM*472*20211127~
CAS*CO*97*1050*1~
REF*6R*MTXP0010163302-30~
LQ*HE*N130~
SVC*HC>71045*360*0*0324*0**1~
DTM*472*20211126~
CAS*CO*97*360*1~
REF*6R*MTXP0010163302-31~
LQ*HE*N130~
SVC*HC>71045*360*0*0324*0**1~
DTM*472*20211127~
CAS*CO*97*360*1~
REF*6R*MTXP0010163302-32~
LQ*HE*N130~
SVC*HC>74177*7779*0*0350*0**1~
DTM*472*20211126~
CAS*CO*97*7779*1~
REF*6R*MTXP0010163302-33~
LQ*HE*N130~
SVC*HC>97110>GP*117*0*0420*0**1~
DTM*472*20211129~
CAS*CO*97*117*1~
REF*6R*MTXP0010163302-34~
LQ*HE*N130~
SVC*HC>97116>GP*102*0*0420*0**1~
DTM*472*20211129~
CAS*CO*97*102*1~
REF*6R*MTXP0010163302-35~
LQ*HE*N130~
SVC*HC>97162>GP*242*96.32*0424*1~
DTM*472*20211129~
CAS*CO*45*145.68~
REF*6R*MTXP0010163302-36~
AMT*B6*96.32~
LQ*HE*N59~
SVC*HC>97110>GO*113*0*0430*0**1~
DTM*472*20211130~
CAS*CO*97*113*1~
REF*6R*MTXP0010163302-37~
LQ*HE*N130~
SVC*HC>97535>GO*81*0*0430*0**1~
DTM*472*20211130~
CAS*CO*97*81*1~
REF*6R*MTXP0010163302-38~
LQ*HE*N130~
SVC*HC>97165>GO*235*93.49*0434*1~
DTM*472*20211130~
CAS*CO*45*141.51~
REF*6R*MTXP0010163302-39~
AMT*B6*93.49~
LQ*HE*N59~
SVC*HC>99285>25>CS*1925*2309.46*0450*1~
DTM*472*20211126~
CAS*CO*45*-384.46~
REF*6R*MTXP0010163302-40~
AMT*B6*2309.46~
LQ*HE*N59~
SVC*HC>J0360*117.75*0*0636*0**1~
DTM*472*20211127~
CAS*CO*97*117.75*1~
REF*6R*MTXP0010163302-41~
LQ*HE*N130~
SVC*HC>J0360*235.5*0*0636*0**2~
DTM*472*20211128~
CAS*CO*97*235.5*2~
REF*6R*MTXP0010163302-42~
LQ*HE*N130~
SVC*HC>J1940*26.25*0*0636*0**2~
DTM*472*20211128~
CAS*CO*97*26.25*2~
REF*6R*MTXP0010163302-43~
LQ*HE*N130~
SVC*HC>J1940*12*0*0636*0**2~
DTM*472*20211129~
CAS*CO*97*12*2~
REF*6R*MTXP0010163302-44~
LQ*HE*N130~
SVC*HC>J1940*12*0*0636*0**2~
DTM*472*20211130~
CAS*CO*97*12*2~
REF*6R*MTXP0010163302-45~
LQ*HE*N130~
SVC*HC>J2270*20*0*0636*0**1~
DTM*472*20211127~
CAS*CO*97*20*1~
REF*6R*MTXP0010163302-46~
LQ*HE*N130~
SVC*HC>J2405*13.25*0*0636*0**4~
DTM*472*20211127~
CAS*CO*97*13.25*4~
REF*6R*MTXP0010163302-47~
LQ*HE*N130~
SVC*HC>J2405*11.25*0*0636*0**4~
DTM*472*20211128~
CAS*CO*97*11.25*4~
REF*6R*MTXP0010163302-48~
LQ*HE*N130~
SVC*HC>A9270>GY*46.75*0*0637*0**2~
DTM*472*20211126~
CAS*PI*16*46.75*2~
REF*6R*MTXP0010163302-49~
LQ*HE*M49~
SVC*HC>A9270>GY*297.25*0*0637*0**1~
DTM*472*20211127~
CAS*PI*16*297.25*1~
REF*6R*MTXP0010163302-50~
LQ*HE*M49~
SVC*HC>A9270>GY*6.25*0*0637*0**1~
DTM*472*20211128~
CAS*PI*16*6.25*1~
REF*6R*MTXP0010163302-51~
LQ*HE*M49~
SVC*HC>A9270>GY*11.5*0*0637*0**6~
DTM*472*20211129~
CAS*PI*16*11.5*6~
REF*6R*MTXP0010163302-52~
LQ*HE*M49~
SVC*HC>A9270>GY*16.75*0*0637*0**11~
DTM*472*20211130~
CAS*PI*16*16.75*11~
REF*6R*MTXP0010163302-53~
LQ*HE*M49~
SVC*HC>93005*285*0*0730*0**1~
DTM*472*20211126~
CAS*CO*97*285*1~
REF*6R*MTXP0010163302-54~
LQ*HE*N130~
SVC*HC>G0378>CS*7084*0*0762*0**92~
DTM*472*20211126~
CAS*CO*97*7084*92~
REF*6R*MTXP0010163302-55~
LQ*HE*N130~
CLP*120402231303*1*3646.25*888.43**13*220113E260280000*13*3~
NM1*QC*1*KARSTEN*LARRY****MI*MEBTXPDC~
NM1*82*2*METHODIST HOSPITAL INC*****XX*1467504555~
REF*1L*466916-116~
REF*CE*USS MEDICARE ESA PPO PLAN NET 04149~
DTM*232*20211130~
DTM*233*20211130~
DTM*050*20220113~
PER*CX**TE*8006240756~
AMT*AU*3641~
SVC*HC>P9035*2476*486.8*0390*1~
DTM*472*20211130~
CAS*CO*45*1989.2~
REF*6R*MTXP0010163083-2~
AMT*B6*486.8~
LQ*HE*N59~
SVC*HC>36430*1165*401.63*0391*1~
DTM*472*20211130~
CAS*CO*45*763.37~
REF*6R*MTXP0010163083-3~
AMT*B6*401.63~
LQ*HE*N59~
SVC*NU>0250*5.25*0**0**2~
DTM*472*20211130~
CAS*CO*97*5.25*2~
REF*6R*MTXP0010163083-1~
LQ*HE*N130~
CLP*110201557700*1*12798.25*0**13*220113E289910001*11*1**682*1.4727~
NM1*QC*1*BROWN*CORDIA*L***MI*MEBMZ37L~
NM1*82*2*METHODIST HOSPITAL INC*****XX*1467504555~
REF*G1*2830879~
REF*1L*466916-116~
REF*CE*USS MEDICARE ESA PPO PLAN NET 04149~
DTM*232*20211126~
DTM*233*20211126~
DTM*050*20220113~
PER*CX**TE*8006240756~
SVC*NU>0206*1253*0**0**1~
DTM*472*20211126~
CAS*CO*150*1253*1~
REF*6R*MTXP0010163330-1~
LQ*HE*N640~
SVC*NU>0260*2132*0**0**6~
DTM*472*20211126~
CAS*CO*150*2132*6~
REF*6R*MTXP0010163330-3~
LQ*HE*N640~
SVC*NU>0450*2729*0**0**1~
DTM*472*20211126~
CAS*CO*150*2729*1~
REF*6R*MTXP0010163330-9~
LQ*HE*N640~
SVC*NU>0250*1263.25*0**0**28~
DTM*472*20211126~
CAS*CO*150*1263.25*28~
REF*6R*MTXP0010163330-2~
LQ*HE*N640~
SVC*NU>0300*1709*0**0**3~
DTM*472*20211126~
CAS*CO*150*1709*3~
REF*6R*MTXP0010163330-4~
LQ*HE*N640~
SVC*NU>0301*2032*0**0**10~
DTM*472*20211126~
CAS*CO*150*2032*10~
REF*6R*MTXP0010163330-5~
LQ*HE*N640~
SVC*NU>0305*328*0**0**3~
DTM*472*20211126~
CAS*CO*150*328*3~
REF*6R*MTXP0010163330-6~
LQ*HE*N640~
SVC*NU>0306*707*0**0**4~
DTM*472*20211126~
CAS*CO*150*707*4~
REF*6R*MTXP0010163330-7~
LQ*HE*N640~
SVC*NU>0324*360*0**0**1~
DTM*472*20211126~
CAS*CO*150*360*1~
REF*6R*MTXP0010163330-8~
LQ*HE*N640~
SVC*NU>0730*285*0**0**1~
DTM*472*20211126~
CAS*CO*150*285*1~
REF*6R*MTXP0010163330-10~
LQ*HE*N640~
CLP*120406678100*1*47353*0**13*220113E349100001*11*1**683*.8793~
NM1*QC*1*CUSIC*WILLIE*D***MI*MEBPLHBM~
NM1*82*2*METHODIST HOSPITAL INC*****XX*1467504555~
REF*G1*3031473~
REF*1L*467112-019~
REF*CE*MEDICARE (C02) ESA PPO PLAN NET 04149~
DTM*232*20211222~
DTM*233*20211230~
DTM*050*20220113~
PER*CX**TE*8006240756~
SVC*NU>0206*3759*0**0**3~
DTM*150*20211222~
DTM*151*20211225~
CAS*CO*249*3759*3~
REF*6R*MTXP0010162846-2~
SVC*NU>0110*5585*0**0**5~
DTM*150*20211225~
DTM*151*20211230~
CAS*CO*249*5585*5~
REF*6R*MTXP0010162846-1~
SVC*NU>0271*124*0**0**1~
DTM*150*20211222~
DTM*151*20211230~
CAS*CO*249*124*1~
REF*6R*MTXP0010162846-4~
SVC*NU>0450*1925*0**0**1~
DTM*150*20211222~
DTM*151*20211230~
CAS*CO*249*1925*1~
REF*6R*MTXP0010162846-16~
SVC*NU>0250*13489*0**0**103~
DTM*150*20211222~
DTM*151*20211230~
CAS*CO*249*13489*103~
REF*6R*MTXP0010162846-3~
SVC*NU>0300*3598*0**0**18~
DTM*150*20211222~
DTM*151*20211230~
CAS*CO*249*3598*18~
REF*6R*MTXP0010162846-5~
SVC*NU>0301*6297*0**0**20~
DTM*150*20211222~
DTM*151*20211230~
CAS*CO*249*6297*20~
REF*6R*MTXP0010162846-6~
SVC*NU>0305*1390*0**0**10~
DTM*150*20211222~
DTM*151*20211230~
CAS*CO*249*1390*10~
REF*6R*MTXP0010162846-7~
SVC*NU>0306*934*0**0**6~
DTM*150*20211222~
DTM*151*20211230~
CAS*CO*249*934*6~
REF*6R*MTXP0010162846-8~
SVC*NU>0307*270*0**0**2~
DTM*150*20211222~
DTM*151*20211230~
CAS*CO*249*270*2~
REF*6R*MTXP0010162846-9~
SVC*NU>0324*720*0**0**2~
DTM*150*20211222~
DTM*151*20211230~
CAS*CO*249*720*2~
REF*6R*MTXP0010162846-10~
SVC*NU>0402*1172*0**0**1~
DTM*150*20211222~
DTM*151*20211230~
CAS*CO*249*1172*1~
REF*6R*MTXP0010162846-11~
SVC*NU>0420*545*0**0**5~
DTM*150*20211222~
DTM*151*20211230~
CAS*CO*249*545*5~
REF*6R*MTXP0010162846-12~
SVC*NU>0424*242*0**0**1~
DTM*150*20211222~
DTM*151*20211230~
CAS*CO*249*242*1~
REF*6R*MTXP0010162846-13~
SVC*NU>0430*81*0**0**1~
DTM*150*20211222~
DTM*151*20211230~
CAS*CO*249*81*1~
REF*6R*MTXP0010162846-14~
SVC*NU>0434*470*0**0**2~
DTM*150*20211222~
DTM*151*20211230~
CAS*CO*249*470*2~
REF*6R*MTXP0010162846-15~
SVC*NU>0483*2164*0**0**1~
DTM*150*20211222~
DTM*151*20211230~
CAS*CO*249*2164*1~
REF*6R*MTXP0010162846-17~
SVC*NU>0611*4018*0**0**1~
DTM*150*20211222~
DTM*151*20211230~
CAS*CO*249*4018*1~
REF*6R*MTXP0010162846-18~
SVC*NU>0730*570*0**0**2~
DTM*150*20211222~
DTM*151*20211230~
CAS*CO*249*570*2~
REF*6R*MTXP0010162846-19~
CLP*120402231304*1*3646.25*888.43**13*220113E349120000*13*3~
NM1*QC*1*KARSTEN*LARRY****MI*MEBTXPDC~
NM1*82*2*METHODIST HOSPITAL INC*****XX*1467504555~
REF*1L*466916-116~
REF*CE*USS MEDICARE ESA PPO PLAN NET 04149~
DTM*232*20211116~
DTM*233*20211116~
DTM*050*20220113~
PER*CX**TE*8006240756~
AMT*AU*3641~
SVC*HC>P9035*2476*486.8*0390*1~
DTM*472*20211116~
CAS*CO*45*1989.2~
REF*6R*MTXP0010163084-2~
AMT*B6*486.8~
LQ*HE*N59~
SVC*HC>36430*1165*401.63*0391*1~
DTM*472*20211116~
CAS*CO*45*763.37~
REF*6R*MTXP0010163084-3~
AMT*B6*401.63~
LQ*HE*N59~
SVC*NU>0250*5.25*0**0**2~
DTM*472*20211116~
CAS*CO*97*5.25*2~
REF*6R*MTXP0010163084-1~
LQ*HE*N130~
CLP*120406109403*1*22727*1423.21**13*220113E349130000*13*7~
NM1*QC*1*JOHNSON*LILLIAN****MI*MEBTQVCK~
NM1*82*2*METHODIST HOSPITAL INC*****XX*1467504555~
REF*1L*467574-053~
REF*CE*MEDICARE ESA-FORMERLY OPTION B NET 04149~
DTM*232*20211217~
DTM*233*20211217~
DTM*050*20220113~
PER*CX**TE*8006240756~
AMT*AU*2531~
SVC*HC>88360*3357*0*0310*0**1~
DTM*472*20211217~
CAS*CO*97*3357*1~
REF*6R*MTXP0010162930-1~
LQ*HE*MA67~
LQ*HE*N130~
SVC*HC>88377*706*0*0310*0**1~
DTM*472*20211217~
CAS*CO*97*706*1~
REF*6R*MTXP0010162930-2~
LQ*HE*MA67~
LQ*HE*N130~
SVC*HC>88305*1692*0*0312*0**3~
DTM*472*20211217~
CAS*CO*97*1692*3~
REF*6R*MTXP0010162930-3~
LQ*HE*MA67~
LQ*HE*N130~
SVC*HC>88341*654*0*0312*0**1~
DTM*472*20211217~
CAS*CO*97*654*1~
REF*6R*MTXP0010162930-4~
LQ*HE*MA67~
LQ*HE*M15~
LQ*HE*N19~
SVC*HC>88342*1206*0*0312*0**3~
DTM*472*20211217~
CAS*CO*97*1206*3~
REF*6R*MTXP0010162930-5~
LQ*HE*MA67~
LQ*HE*M15~
LQ*HE*N19~
SVC*HC>19083>LT*5956*0*0402*0**1~
DTM*472*20211217~
CAS*CO*97*5956*1~
REF*6R*MTXP0010162930-6~
LQ*HE*MA67~
LQ*HE*N130~
SVC*HC>19083>RT*5956*0*0402*0**1~
DTM*472*20211217~
CAS*CO*97*5956*1~
REF*6R*MTXP0010162930-7~
LQ*HE*MA67~
LQ*HE*N130~
SVC*HC>76942>RT*669*0*0402*0**1~
DTM*472*20211217~
CAS*CO*97*669*1~
REF*6R*MTXP0010162930-8~
LQ*HE*MA67~
LQ*HE*N130~
SVC*HC>38505>RT*2531*1423.21*0761*1~
DTM*472*20211217~
CAS*CO*45*1107.79~
REF*6R*MTXP0010162930-9~
AMT*B6*1423.21~
LQ*HE*N59~
CLP*110198811803*1*579*109.76**13*2201130931160000*13*1~
NM1*QC*1*OWENS*SANDRA*E~
NM1*IL*1*OWENS*EDWARD****MI*MEBTYKQT~
NM1*74*1**SANDRA~
NM1*82*2*METHODIST HOSPITAL INC*****XX*1467504555~
REF*1L*466559-035~
REF*CE*VALUE PPO NET 04149~
DTM*232*20211004~
DTM*233*20211004~
DTM*050*20220113~
PER*CX**TE*8006240756~
AMT*AU*579~
SVC*HC>77063*134*22.92*0403*1~
DTM*472*20211004~
CAS*CO*45*111.08~
REF*6R*00000000001~
AMT*B6*22.92~
LQ*HE*N59~
SVC*HC>77067*445*86.84*0403*1~
DTM*472*20211004~
CAS*CO*45*358.16~
REF*6R*00000000002~
AMT*B6*86.84~
LQ*HE*N59~
CLP*120405119302*1*5096*0**13*220114E195130000*13*1~
NM1*QC*1*RODRIGUEZ*ESTEFANA*S***MI*MEBNWHLQ~
NM1*82*2*METHODIST HOSPITAL INC*****XX*1467504555~
REF*1L*441300-136~
REF*CE*MEDICARE (S02) ESA PPO PLAN NET 04149~
DTM*232*20211210~
DTM*233*20211210~
DTM*050*20220114~
PER*CX**TE*8006240756~
SVC*NU>0258*35.75*0**0**1~
DTM*472*20211210~
CAS*CO*B9*35.75*1~
REF*6R*MTXP0010166270-1~
LQ*HE*N130~
SVC*NU>0258*44.75*0**0**1~
DTM*472*20211210~
CAS*CO*B9*44.75*1~
REF*6R*MTXP0010166270-2~
LQ*HE*N130~
SVC*HC>96365>59*183*0*0260*0**1~
DTM*472*20211210~
CAS*CO*B9*183*1~
REF*6R*MTXP0010166270-3~
SVC*HC>96366>59*116*0*0260*0**1~
DTM*472*20211210~
CAS*CO*B9*116*1~
REF*6R*MTXP0010166270-4~
SVC*HC>96367>59*116*0*0260*0**1~
DTM*472*20211210~
CAS*CO*B9*116*1~
REF*6R*MTXP0010166270-5~
SVC*HC>96375>59*546*0*0260*0**1~
DTM*472*20211210~
CAS*CO*B9*546*1~
REF*6R*MTXP0010166270-6~
SVC*HC>36415*15*0*0300*0**1~
DTM*472*20211210~
CAS*CO*B9*15*1~
REF*6R*MTXP0010166270-7~
LQ*HE*N130~
SVC*HC>80053*474*0*0301*0**1~
DTM*472*20211210~
CAS*CO*B9*474*1~
REF*6R*MTXP0010166270-8~
LQ*HE*N130~
SVC*HC>83735*113*0*0301*0**1~
DTM*472*20211210~
CAS*CO*B9*113*1~
REF*6R*MTXP0010166270-9~
LQ*HE*N130~
SVC*HC>84484*192*0*0301*0**1~
DTM*472*20211210~
CAS*CO*B9*192*1~
REF*6R*MTXP0010166270-10~
LQ*HE*N130~
SVC*HC>85025*221*0*0305*0**1~
DTM*472*20211210~
CAS*CO*B9*221*1~
REF*6R*MTXP0010166270-11~
LQ*HE*N130~
SVC*HC>87086*201*0*0306*0**1~
DTM*472*20211210~
CAS*CO*B9*201*1~
REF*6R*MTXP0010166270-12~
LQ*HE*N130~
SVC*HC>87088*245*0*0306*0**1~
DTM*472*20211210~
CAS*CO*B9*245*1~
REF*6R*MTXP0010166270-13~
LQ*HE*N130~
SVC*HC>87186*86*0*0306*0**1~
DTM*472*20211210~
CAS*CO*B9*86*1~
REF*6R*MTXP0010166270-14~
LQ*HE*N130~
SVC*HC>81001*135*0*0307*0**1~
DTM*472*20211210~
CAS*CO*B9*135*1~
REF*6R*MTXP0010166270-15~
LQ*HE*N130~
SVC*HC>71045*360*0*0324*0**1~
DTM*472*20211210~
CAS*CO*B9*360*1~
REF*6R*MTXP0010166270-16~
SVC*HC>51701*823.5*0*0450*0**1~
DTM*472*20211210~
CAS*CO*B9*823.5*1~
REF*6R*MTXP0010166270-17~
LQ*HE*N130~
SVC*HC>99284>25*823.5*0*0450*0**1~
DTM*472*20211210~
CAS*CO*B9*823.5*1~
REF*6R*MTXP0010166270-18~
SVC*HC>J0696*22.5*0*0636*0**4~
DTM*472*20211210~
CAS*CO*B9*22.5*4~
REF*6R*MTXP0010166270-19~
LQ*HE*N130~
SVC*HC>J1200*25.25*0*0636*0**1~
DTM*472*20211210~
CAS*CO*B9*25.25*1~
REF*6R*MTXP0010166270-20~
LQ*HE*N130~
SVC*HC>J3480*32.75*0*0636*0**10~
DTM*472*20211210~
CAS*CO*B9*32.75*10~
REF*6R*MTXP0010166270-21~
LQ*HE*N130~
SVC*HC>93005>59*285*0*0730*0**1~
DTM*472*20211210~
CAS*CO*B9*285*1~
REF*6R*MTXP0010166270-22~
LQ*HE*N130~
CLP*120407805401*1*710*17.67*3.66*13*220114E195150000*14*2~
NM1*QC*1*MANOJLOVIC*DUSAN****MI*MEBMZR6P~
NM1*82*2*METHODIST HOSPITAL INC*****XX*1467504555~
REF*1L*466916-116~
REF*CE*USS MEDICARE ESA PPO PLAN NET 04149~
DTM*232*20211230~
DTM*233*20211230~
DTM*050*20220114~
PER*CX**TE*8006240756~
AMT*AU*710~
SVC*HC>80053*474*8.45*0301*1~
DTM*472*20211230~
CAS*CO*45*463.44~
CAS*PR*2*2.11~
REF*6R*MTXP0010166177-2~
AMT*B6*10.56~
LQ*HE*N59~
SVC*HC>85025*221*6.22*0305*1~
DTM*472*20211230~
CAS*CO*45*213.23~
CAS*PR*2*1.55~
REF*6R*MTXP0010166177-3~
AMT*B6*7.77~
LQ*HE*N59~
SVC*HC>36415*15*3*0300*1~
DTM*472*20211230~
CAS*CO*45*12~
REF*6R*MTXP0010166177-1~
AMT*B6*3~
LQ*HE*N59~
CLP*120403888200*1*2008*42.44*3.4*13*220114E195160000*14*3~
NM1*QC*1*STANKO*FRANCES****MI*MEBN5T5G~
NM1*82*2*METHODIST HOSPITAL INC*****XX*1467504555~
REF*1L*467112-019~
REF*CE*MEDICARE (C02) ESA PPO PLAN NET 04149~
DTM*232*20211201~
DTM*233*20211229~
DTM*050*20220114~
PER*CX**TE*8006240756~
AMT*AU*2008~
SVC*HC>80048*487*7.61*0301*1~
DTM*472*20211201~
CAS*CO*45*478.54~
CAS*PR*2*.85~
REF*6R*MTXP0010166291-5~
AMT*B6*8.46~
LQ*HE*N59~
LQ*HE*N782~
SVC*HC>36415*15*3*0300*1~
DTM*472*20211201~
CAS*CO*45*12~
REF*6R*MTXP0010166291-1~
AMT*B6*3~
LQ*HE*N59~
SVC*HC>80048*487*7.61*0301*1~
DTM*472*20211208~
CAS*CO*45*478.54~
CAS*PR*2*.85~
REF*6R*MTXP0010166291-6~
AMT*B6*8.46~
LQ*HE*N59~
LQ*HE*N782~
SVC*HC>36415*15*3*0300*1~
DTM*472*20211208~
CAS*CO*45*12~
REF*6R*MTXP0010166291-2~
AMT*B6*3~
LQ*HE*N59~
SVC*HC>80048*487*7.61*0301*1~
DTM*472*20211215~
CAS*CO*45*478.54~
CAS*PR*2*.85~
REF*6R*MTXP0010166291-7~
AMT*B6*8.46~
LQ*HE*N59~
LQ*HE*N782~
SVC*HC>36415*15*3*0300*1~
DTM*472*20211215~
CAS*CO*45*12~
REF*6R*MTXP0010166291-3~
AMT*B6*3~
LQ*HE*N59~
SVC*HC>80048*487*7.61*0301*1~
DTM*472*20211229~
CAS*CO*45*478.54~
CAS*PR*2*.85~
REF*6R*MTXP0010166291-8~
AMT*B6*8.46~
LQ*HE*N59~
LQ*HE*N782~
SVC*HC>36415*15*3*0300*1~
DTM*472*20211229~
CAS*CO*45*12~
REF*6R*MTXP0010166291-4~
AMT*B6*3~
LQ*HE*N59~
CLP*120407482400*1*697*0**13*220114E234330000*14*2~
NM1*QC*1*ANDREWS*OLLIE*B***MI*MEBVDV7X~
NM1*82*2*METHODIST HOSPITAL INC*****XX*1467504555~
REF*1L*466851-462~
REF*CE*PREMIER MEDICAL PLAN NET 04149~
DTM*232*20211228~
DTM*233*20211228~
DTM*050*20220114~
PER*CX**TE*8006240756~
SVC*HC>87086*201*0*0306*0**1~
DTM*472*20211228~
CAS*CO*B9*201*1~
REF*6R*MTXP0010166320-2~
SVC*HC>87088*245*0*0306*0**1~
DTM*472*20211228~
CAS*CO*B9*245*1~
REF*6R*MTXP0010166320-3~
SVC*HC>87186*86*0*0306*0**1~
DTM*472*20211228~
CAS*CO*B9*86*1~
REF*6R*MTXP0010166320-4~
SVC*HC>81001*135*0*0307*0**1~
DTM*472*20211228~
CAS*CO*B9*135*1~
REF*6R*MTXP0010166320-5~
SVC*HC>36415*30*0*0300*0**1~
DTM*472*20211228~
CAS*CO*B9*30*1~
REF*6R*MTXP0010166320-1~
CLP*120405966102*1*11609*2290.41*572.6*13*220114E234340000*13*7~
NM1*QC*1*STURGEON*FRANK*K***MI*101248645800~
NM1*74*1******C*MEBVS1SW~
NM1*82*2*METHODIST HOSPITAL INC*****XX*1467504555~
REF*1L*466916-116~
REF*CE*USS MEDICARE ESA PPO PLAN NET 04149~
DTM*232*20211221~
DTM*233*20211221~
DTM*050*20220114~
PER*CX**TE*8006240756~
AMT*AU*5874~
SVC*NU>0250*166.75*0**0**36~
DTM*472*20211221~
CAS*CO*97*166.75*36~
REF*6R*MTXP0010166392-1~
LQ*HE*MA67~
LQ*HE*N130~
SVC*NU>0258*42.25*0**0**1~
DTM*472*20211221~
CAS*CO*97*42.25*1~
REF*6R*MTXP0010166392-2~
LQ*HE*MA67~
LQ*HE*N130~
SVC*HC>88305*564*0*0312*0**1~
DTM*472*20211221~
CAS*CO*97*564*1~
REF*6R*MTXP0010166392-3~
LQ*HE*MA67~
LQ*HE*N130~
SVC*HC>88311*158*0*0312*0**1~
DTM*472*20211221~
CAS*CO*97*158*1~
REF*6R*MTXP0010166392-4~
LQ*HE*MA67~
LQ*HE*N130~
SVC*HC>28124>T6*5874*2290.41*0360*1~
DTM*472*20211221~
CAS*CO*45*3010.99~
CAS*PR*2*572.6~
REF*6R*MTXP0010166392-5~
AMT*B6*2863.01~
LQ*HE*N59~
SVC*NU>0370*2896*0**0**1~
DTM*472*20211221~
CAS*CO*97*2896*1~
REF*6R*MTXP0010166392-6~
LQ*HE*MA67~
LQ*HE*N130~
SVC*HC>J1100*44.25*0*0636*0**20~
DTM*472*20211221~
CAS*CO*97*44.25*20~
REF*6R*MTXP0010166392-7~
LQ*HE*MA67~
LQ*HE*N130~
SVC*HC>J1580*18.25*0*0636*0**1~
DTM*472*20211221~
CAS*CO*97*18.25*1~
REF*6R*MTXP0010166392-8~
LQ*HE*MA67~
LQ*HE*N130~
SVC*HC>J2405*11.5*0*0636*0**4~
DTM*472*20211221~
CAS*CO*97*11.5*4~
REF*6R*MTXP0010166392-9~
LQ*HE*MA67~
LQ*HE*N130~
SVC*HC>J2704*95*0*0636*0**40~
DTM*472*20211221~
CAS*CO*97*95*40~
REF*6R*MTXP0010166392-10~
LQ*HE*MA67~
LQ*HE*N130~
SVC*HC>J3010*14*0*0636*0**1~
DTM*472*20211221~
CAS*CO*97*14*1~
REF*6R*MTXP0010166392-11~
LQ*HE*MA67~
LQ*HE*N130~
SVC*NU>0710*1725*0**0**1~
DTM*472*20211221~
CAS*CO*97*1725*1~
REF*6R*MTXP0010166392-12~
LQ*HE*MA67~
LQ*HE*N130~
CLP*120404765200*1*2500*120.01*13.02*13*220114E272500000*14*3~
NM1*QC*1*DOLOSZYCKI*DIANE****MI*MEBPLGFB~
NM1*82*2*METHODIST HOSPITAL INC*****XX*1467504555~
REF*1L*467112-019~
REF*CE*MEDICARE (C02) ESA PPO PLAN NET 04149~
DTM*232*20211207~
DTM*233*20211208~
DTM*050*20220114~
PER*CX**TE*8006240756~
AMT*AU*2500~
SVC*HC>81003*64*2.02*0307*1~
DTM*472*20211207~
CAS*CO*45*61.75~
CAS*PR*2*.23~
REF*6R*MTXP0010166382-11~
AMT*B6*2.25~
LQ*HE*N59~
SVC*HC>80053*474*9.5*0301*1~
DTM*472*20211208~
CAS*CO*45*463.44~
CAS*PR*2*1.06~
REF*6R*MTXP0010166382-2~
AMT*B6*10.56~
LQ*HE*N59~
SVC*HC>80061*374*12.05*0301*1~
DTM*472*20211208~
CAS*CO*45*360.61~
CAS*PR*2*1.34~
REF*6R*MTXP0010166382-3~
AMT*B6*13.39~
LQ*HE*N59~
SVC*HC>80164*102*12.19*0301*1~
DTM*472*20211208~
CAS*CO*45*88.46~
CAS*PR*2*1.35~
REF*6R*MTXP0010166382-4~
AMT*B6*13.54~
LQ*HE*N59~
SVC*HC>82140*141*13.11*0301*1~
DTM*472*20211208~
CAS*CO*45*126.43~
CAS*PR*2*1.46~
REF*6R*MTXP0010166382-5~
AMT*B6*14.57~
LQ*HE*N59~
SVC*HC>82306*439*26.64*0301*1~
DTM*472*20211208~
CAS*CO*45*409.4~
CAS*PR*2*2.96~
REF*6R*MTXP0010166382-6~
AMT*B6*29.6~
LQ*HE*N59~
SVC*HC>82607*258*13.57*0301*1~
DTM*472*20211208~
CAS*CO*45*242.92~
CAS*PR*2*1.51~
REF*6R*MTXP0010166382-7~
AMT*B6*15.08~
LQ*HE*N59~
SVC*HC>83540*47*5.82*0301*1~
DTM*472*20211208~
CAS*CO*45*40.53~
CAS*PR*2*.65~
REF*6R*MTXP0010166382-8~
AMT*B6*6.47~
LQ*HE*N59~
SVC*HC>84443*365*15.12*0301*1~
DTM*472*20211208~
CAS*CO*45*348.2~
CAS*PR*2*1.68~
REF*6R*MTXP0010166382-9~
AMT*B6*16.8~
LQ*HE*N59~
SVC*HC>85025*221*6.99*0305*1~
DTM*472*20211208~
CAS*CO*45*213.23~
CAS*PR*2*.78~
REF*6R*MTXP0010166382-10~
AMT*B6*7.77~
LQ*HE*N59~
SVC*HC>36415*15*3*0300*1~
DTM*472*20211208~
CAS*CO*45*12~
REF*6R*MTXP0010166382-1~
AMT*B6*3~
LQ*HE*N59~
CLP*120403886900*1*2502*95.55**13*220114E272510000*14*3~
NM1*QC*1*MORTON*GLEN*W***MI*MEBPLQXF~
NM1*82*2*METHODIST HOSPITAL INC*****XX*1467504555~
REF*1L*467112-135~
REF*CE*MEDICARE (C02) ESA PPO PLAN NET 04149~
DTM*232*20211201~
DTM*233*20211210~
DTM*050*20220114~
PER*CX**TE*8006240756~
AMT*AU*2502~
SVC*HC>80053*474*10.56*0301*1~
DTM*472*20211201~
CAS*CO*45*463.44~
REF*6R*MTXP0010166387-4~
AMT*B6*10.56~
LQ*HE*N59~
SVC*HC>85025*221*7.77*0305*1~
DTM*472*20211201~
CAS*CO*45*213.23~
REF*6R*MTXP0010166387-6~
AMT*B6*7.77~
LQ*HE*N59~
SVC*HC>36415*15*3*0300*1~
DTM*472*20211201~
CAS*CO*45*12~
REF*6R*MTXP0010166387-1~
AMT*B6*3~
LQ*HE*N59~
SVC*HC>87077*245*8.08*0306*1~
DTM*472*20211202~
CAS*CO*45*236.92~
REF*6R*MTXP0010166387-8~
AMT*B6*8.08~
LQ*HE*N59~
SVC*HC>87086*201*8.07*0306*1~
DTM*472*20211202~
CAS*CO*45*192.93~
REF*6R*MTXP0010166387-9~
AMT*B6*8.07~
LQ*HE*N59~
SVC*HC>87088*245*8.09*0306*1~
DTM*472*20211202~
CAS*CO*45*236.91~
REF*6R*MTXP0010166387-10~
AMT*B6*8.09~
LQ*HE*N59~
SVC*HC>87147*54*5.18*0306*1~
DTM*472*20211202~
CAS*CO*45*48.82~
REF*6R*MTXP0010166387-11~
AMT*B6*5.18~
LQ*HE*N59~
SVC*HC>87186*86*8.65*0306*1~
DTM*472*20211202~
CAS*CO*45*77.35~
REF*6R*MTXP0010166387-12~
AMT*B6*8.65~
LQ*HE*N59~
SVC*HC>87186*86*8.65*0306*1~
DTM*472*20211202~
CAS*CO*45*77.35~
REF*6R*MTXP0010166387-13~
AMT*B6*8.65~
LQ*HE*N59~
SVC*HC>81001*135*3.17*0307*1~
DTM*472*20211202~
CAS*CO*45*131.83~
REF*6R*MTXP0010166387-14~
AMT*B6*3.17~
LQ*HE*N59~
SVC*HC>36415*30*3*0300*1~
DTM*472*20211202~
CAS*CO*45*27~
REF*6R*MTXP0010166387-2~
AMT*B6*3~
LQ*HE*N59~
SVC*HC>80053*474*10.56*0301*1~
DTM*472*20211210~
CAS*CO*45*463.44~
REF*6R*MTXP0010166387-5~
AMT*B6*10.56~
LQ*HE*N59~
SVC*HC>85025*221*7.77*0305*1~
DTM*472*20211210~
CAS*CO*45*213.23~
REF*6R*MTXP0010166387-7~
AMT*B6*7.77~
LQ*HE*N59~
SVC*HC>36415*15*3*0300*1~
DTM*472*20211210~
CAS*CO*45*12~
REF*6R*MTXP0010166387-3~
AMT*B6*3~
LQ*HE*N59~
CLP*120405339100*1*1735*66.61**13*220114E311350000*13*3~
NM1*QC*1*OWENS*MARIAN*L***MI*101328519500~
NM1*74*1******C*MEBPL8GM~
NM1*82*2*METHODIST HOSPITAL INC*****XX*1467504555~
REF*1L*467112-019~
REF*CE*MEDICARE (C02) ESA PPO PLAN NET 04149~
DTM*232*20211213~
DTM*233*20211213~
DTM*050*20220114~
PER*CX**TE*8006240756~
AMT*AU*1735~
SVC*HC>80053*474*10.56*0301*1~
DTM*472*20211213~
CAS*CO*45*463.44~
REF*6R*MTXP0010166111-2~
AMT*B6*10.56~
LQ*HE*N59~
SVC*HC>80197*419*13.73*0301*1~
DTM*472*20211213~
CAS*CO*45*405.27~
REF*6R*MTXP0010166111-3~
AMT*B6*13.73~
LQ*HE*N59~
SVC*HC>82550*102*6.51*0301*1~
DTM*472*20211213~
CAS*CO*45*95.49~
REF*6R*MTXP0010166111-4~
AMT*B6*6.51~
LQ*HE*N59~
SVC*HC>82570*65*5.18*0301*1~
DTM*472*20211213~
CAS*CO*45*59.82~
REF*6R*MTXP0010166111-5~
AMT*B6*5.18~
LQ*HE*N59~
SVC*HC>83735*113*6.7*0301*1~
DTM*472*20211213~
CAS*CO*45*106.3~
REF*6R*MTXP0010166111-6~
AMT*B6*6.7~
LQ*HE*N59~
SVC*HC>84100*58*4.74*0301*1~
DTM*472*20211213~
CAS*CO*45*53.26~
REF*6R*MTXP0010166111-7~
AMT*B6*4.74~
LQ*HE*N59~
SVC*HC>84156*147*3.67*0301*1~
DTM*472*20211213~
CAS*CO*45*143.33~
REF*6R*MTXP0010166111-8~
AMT*B6*3.67~
LQ*HE*N59~
SVC*HC>85007*89*3.8*0305*1~
DTM*472*20211213~
CAS*CO*45*85.2~
REF*6R*MTXP0010166111-9~
AMT*B6*3.8~
LQ*HE*N59~
SVC*HC>85027*189*6.47*0305*1~
DTM*472*20211213~
CAS*CO*45*182.53~
REF*6R*MTXP0010166111-10~
AMT*B6*6.47~
LQ*HE*N59~
SVC*HC>81003*64*2.25*0307*1~
DTM*472*20211213~
CAS*CO*45*61.75~
REF*6R*MTXP0010166111-11~
AMT*B6*2.25~
LQ*HE*N59~
SVC*HC>36415*15*3*0300*1~
DTM*472*20211213~
CAS*CO*45*12~
REF*6R*MTXP0010166111-1~
AMT*B6*3~
LQ*HE*N59~
CLP*120405734900*1*1561*59.06**13*220114E311360000*14*2~
NM1*QC*1*PETTENGER*DONNA*M***MI*MEBVJ8RK~
NM1*82*2*METHODIST HOSPITAL INC*****XX*1467504555~
REF*1L*467248-033~
REF*CE*PREMIER PPO NET 04149~
DTM*232*20211215~
DTM*233*20211215~
DTM*050*20220114~
PER*CX**TE*8006240756~
AMT*AU*1454~
SVC*HC>80053*474*10.56*0301*1~
DTM*472*20211215~
CAS*CO*45*463.44~
REF*6R*MTXP0010166220-2~
AMT*B6*10.56~
LQ*HE*N59~
SVC*HC>82728*128*13.63*0301*1~
DTM*472*20211215~
CAS*CO*45*114.37~
REF*6R*MTXP0010166220-3~
AMT*B6*13.63~
LQ*HE*N59~
SVC*HC>83615*156*6.04*0301*1~
DTM*472*20211215~
CAS*CO*45*149.96~
REF*6R*MTXP0010166220-4~
AMT*B6*6.04~
LQ*HE*N59~
SVC*HC>83880*107*0*0301*0**1~
DTM*472*20211215~
CAS*CO*96*107*1~
REF*6R*MTXP0010166220-5~
LQ*HE*N115~
SVC*HC>86140*72*5.18*0302*1~
DTM*472*20211215~
CAS*CO*45*66.82~
REF*6R*MTXP0010166220-6~
AMT*B6*5.18~
LQ*HE*N59~
SVC*HC>85025*221*7.77*0305*1~
DTM*472*20211215~
CAS*CO*45*213.23~
REF*6R*MTXP0010166220-7~
AMT*B6*7.77~
LQ*HE*N59~
SVC*HC>85379*176*10.18*0305*1~
DTM*472*20211215~
CAS*CO*45*165.82~
REF*6R*MTXP0010166220-8~
AMT*B6*10.18~
LQ*HE*N59~
SVC*HC>85652*212*2.7*0305*1~
DTM*472*20211215~
CAS*CO*45*209.3~
REF*6R*MTXP0010166220-9~
AMT*B6*2.7~
LQ*HE*N59~
SVC*HC>36415*15*3*0300*1~
DTM*472*20211215~
CAS*CO*45*12~
REF*6R*MTXP0010166220-1~
AMT*B6*3~
LQ*HE*N59~
CLP*120407041500*1*2056*90.04**13*220114E311370000*14*3~
NM1*QC*1*CUMMINS*MARY*E***MI*MEBTCQ7P~
NM1*82*2*METHODIST HOSPITAL INC*****XX*1467504555~
REF*1L*466851-462~
REF*CE*PREMIER MEDICAL PLAN NET 04149~
DTM*232*20211224~
DTM*233*20211228~
DTM*050*20220114~
PER*CX**TE*8006240756~
AMT*AU*1949~
SVC*HC>87086*201*8.07*0306*1~
DTM*472*20211224~
CAS*CO*45*192.93~
REF*6R*MTXP0010166384-11~
AMT*B6*8.07~
LQ*HE*N59~
SVC*HC>87088*43*8.09*0306*1~
DTM*472*20211224~
CAS*CO*45*34.91~
REF*6R*MTXP0010166384-12~
AMT*B6*8.09~
LQ*HE*N59~
SVC*HC>87186*86*8.65*0306*1~
DTM*472*20211224~
CAS*CO*45*77.35~
REF*6R*MTXP0010166384-13~
AMT*B6*8.65~
LQ*HE*N59~
SVC*HC>81001*135*3.17*0307*1~
DTM*472*20211224~
CAS*CO*45*131.83~
REF*6R*MTXP0010166384-14~
AMT*B6*3.17~
LQ*HE*N59~
SVC*HC>36415*30*3*0300*1~
DTM*472*20211224~
CAS*CO*45*27~
REF*6R*MTXP0010166384-1~
AMT*B6*3~
LQ*HE*N59~
SVC*HC>80053*474*10.56*0301*1~
DTM*472*20211228~
CAS*CO*45*463.44~
REF*6R*MTXP0010166384-3~
AMT*B6*10.56~
LQ*HE*N59~
SVC*HC>82728*128*13.63*0301*1~
DTM*472*20211228~
CAS*CO*45*114.37~
REF*6R*MTXP0010166384-4~
AMT*B6*13.63~
LQ*HE*N59~
SVC*HC>83615*156*6.04*0301*1~
DTM*472*20211228~
CAS*CO*45*149.96~
REF*6R*MTXP0010166384-5~
AMT*B6*6.04~
LQ*HE*N59~
SVC*HC>83880*107*0*0301*0**1~
DTM*472*20211228~
CAS*CO*96*107*1~
REF*6R*MTXP0010166384-6~
LQ*HE*N115~
SVC*HC>86140*72*5.18*0302*1~
DTM*472*20211228~
CAS*CO*45*66.82~
REF*6R*MTXP0010166384-7~
AMT*B6*5.18~
LQ*HE*N59~
SVC*HC>85025*221*7.77*0305*1~
DTM*472*20211228~
CAS*CO*45*213.23~
REF*6R*MTXP0010166384-8~
AMT*B6*7.77~
LQ*HE*N59~
SVC*HC>85379*176*10.18*0305*1~
DTM*472*20211228~
CAS*CO*45*165.82~
REF*6R*MTXP0010166384-9~
AMT*B6*10.18~
LQ*HE*N59~
SVC*HC>85652*212*2.7*0305*1~
DTM*472*20211228~
CAS*CO*45*209.3~
REF*6R*MTXP0010166384-10~
AMT*B6*2.7~
LQ*HE*N59~
SVC*HC>36415*15*3*0300*1~
DTM*472*20211228~
CAS*CO*45*12~
REF*6R*MTXP0010166384-2~
AMT*B6*3~
LQ*HE*N59~
SE*1738*1302~
GE*1*1~
IEA*1*100358959~
