ISA*00*          *00*          *ZZ*133052274      *ZZ*XXXXXXXXXXXXXXX*220119*0250*^*00501*100358959*0*P*>~
GS*HP*133052274*XX*20220119*0250*1*X*005010X221A1~
ST*835*0448~
BPR*H*0*C*NON************20220119~
TRN*1*922019000282901*1066033492~
REF*EV*XXXXXXXXXXXXXXXXXXXXXXXXXXXXXX~
DTM*405*20220119~
N1*PR*AETNA~
N3*151 FARMINGTON AVENUE~
N4*HARTFORD*CT*06156~
REF*2U*60054~
PER*BL*Provider Service~
N1*PE*NATIONWIDE CHILDREN S HOSPITAL*XX*1275198780~
N3*PO BOX 78000 DEPT 781670~
N4*DETROIT*MI*482780001~
REF*PQ*105217460~
REF*TJ*314379441~
LX*1~
TS3*1275198780*12*20221231*1*37.13~
CLP*47363-C551797*1*37.13*0*37.13*13*E136S5KT70001*12*1~
NM1*QC*1*JEROME*JOHAN~
NM1*IL*1*JEROME*JOSEPH****MI*W256270812~
NM1*74*1*JOSEPH*JEROME~
NM1*82*2*NATIONWIDE CHILDREN S HOSPITAL HOMECARE*****XX*1275198780~
MOA***MA15~
REF*1L*0109143-010-00001- I~
REF*CE*Aetna Choice  POS II NET 00582~
DTM*232*20210928~
DTM*233*20211027~
DTM*050*20211028~
PER*CX**TE*8886323862~
AMT*AU*37.13~
SVC*HC>B4100*37.13*0**0**9~
DTM*150*20210928~
DTM*151*20211027~
CAS*PR*204*37.13*9~
REF*6R*NWHC0000112991-1~
AMT*B6*3.42~
SE*37*0448~
GE*1*1~
IEA*1*100358959~
