ISA*00*          *00*          *01*030240928      *ZZ*XXXXXXXXXXXXXXX*220118*1531*^*00501*262455724*0*P*>~
GS*HP*364559356*XX*20220118*1531*1*X*005010X221A1~
ST*835*1020~
BPR*H*0*C*NON************20220117~
TRN*1*26391222908032206*1383253977~
DTM*405*20220115~
N1*PR*MERIDIAN HEALTH PLAN~
N3*777 WOODWARD AVE*SUITE 600~
N4*DETROIT*MI*48226~
REF*2U*52563~
PER*BL*EDI TEAM*EM*EDITEAM@MHPLAN.COM~
PER*IC**UR*WWW.MHPLAN.COM/MI~
N1*PE*FLUSHING ROAD URGENT CARE*FI*263912229~
N3*1301 FLUSHING RD~
N4*FLINT*MI*48504~
LX*1~
TS3*1639210669*02*20221231*2*375~
CLP*A1003623880*4*190*0**HM*199939522*02~
NM1*QC*1*AUSTIN*ANGEL*L***MI*0049332964~
REF*CE*MEDICAID~
DTM*050*20211230~
SVC*HC>99203>GT*145*0**1~
DTM*472*20211229~
CAS*CO*22*145~
REF*6R*PHBM0000799515-1~
LQ*HE*MA04~
SVC*HC>99000*25*0**1~
DTM*472*20211229~
CAS*CO*4*25~
REF*6R*PHBM0000799515-2~
LQ*HE*MA04~
SVC*HC>99072*20*0**1~
DTM*472*20211229~
CAS*CO*4*20~
REF*6R*PHBM0000799515-3~
LQ*HE*MA04~
CLP*A1003627170*4*185*0**HM*199966514*02~
NM1*QC*1*HOLMES*DELORAS****MI*0024878370~
REF*CE*MEDICAID~
DTM*050*20211231~
SVC*HC>99214>GT*140*0**1~
DTM*472*20211229~
CAS*CO*22*140~
REF*6R*PHBM0000799924-1~
LQ*HE*MA04~
SVC*HC>99000*25*0**1~
DTM*472*20211229~
CAS*CO*4*25~
REF*6R*PHBM0000799924-2~
LQ*HE*MA04~
SVC*HC>99072*20*0**1~
DTM*472*20211229~
CAS*CO*4*20~
REF*6R*PHBM0000799924-3~
LQ*HE*MA04~
SE*54*1020~
ST*835*1056~
BPR*I*664.24*C*ACH*CCP*01* 121000248*DA*4649685948*3383253977**01*072403473*DA*01388412872*20220117~
TRN*1*00000963423*1383253977~
DTM*405*20220115~
N1*PR*MERIDIAN HEALTH PLAN~
N3*777 WOODWARD AVE*SUITE 600~
N4*DETROIT*MI*48226~
REF*2U*52563~
PER*BL*EDI TEAM*EM*EDITEAM@MHPLAN.COM~
PER*IC**UR*WWW.MHPLAN.COM/MI~
N1*PE*FLUSHING ROAD URGENT CARE*XX*1346486222~
N3*PO BOX 4399~
N4*FLINT*MI*48504~
REF*TJ*263912229~
LX*1~
TS3*1841249836*02*20221231*6*985~
CLP*A1003644590*1*170*64.58**HM*200285889*02~
NM1*QC*1*BROOKS*KEIRRA*L***MI*0035567552~
NM1*82*1*ARIF*AHMED*ABDULMALIK***XX*1841249836~
REF*CE*MEDICAID~
DTM*050*20220112~
SVC*HC>99203>GT*145*64.58**1~
DTM*472*20220111~
CAS*CO*45*80.42~
REF*6R*PHBM0000803505-1~
AMT*B6*64.58~
SVC*HC>99000*25*0**1~
DTM*472*20220111~
CAS*CO*4*25~
REF*6R*PHBM0000803505-2~
CLP*A1003644700*1*170*64.58**HM*200285887*02~
NM1*QC*1*DUNLAP*AMANDA*N***MI*0061029391~
NM1*82*1*ARIF*AHMED*ABDULMALIK***XX*1841249836~
REF*CE*MEDICAID~
DTM*050*20220112~
SVC*HC>99203>GT*145*64.58**1~
DTM*472*20220111~
CAS*CO*45*80.42~
REF*6R*PHBM0000803536-1~
AMT*B6*64.58~
SVC*HC>99000*25*0**1~
DTM*472*20220111~
CAS*CO*4*25~
REF*6R*PHBM0000803536-2~
CLP*A1003644570*1*165*74.49**HM*200285882*02~
NM1*QC*1*NIXON*RHAMU****MI*0017831623~
NM1*82*1*ARIF*AHMED*ABDULMALIK***XX*1841249836~
REF*CE*MEDICAID~
DTM*050*20220112~
SVC*HC>99214>GT*140*74.49**1~
DTM*472*20220111~
CAS*CO*45*65.51~
REF*6R*PHBM0000803492-1~
AMT*B6*74.49~
SVC*HC>99000*25*0**1~
DTM*472*20220111~
CAS*CO*4*25~
REF*6R*PHBM0000803492-2~
CLP*A1003644600*1*145*64.58**HM*200285885*02~
NM1*QC*1*POOLE*LATRICE****MI*0054383249~
NM1*82*1*ARIF*AHMED*ABDULMALIK***XX*1841249836~
REF*CE*MEDICAID~
DTM*050*20220112~
SVC*HC>99203>GT*145*64.58**1~
DTM*472*20220111~
CAS*CO*45*80.42~
REF*6R*PHBM0000803513-1~
AMT*B6*64.58~
CLP*A1003644710*1*165*74.49**HM*200285883*02~
NM1*QC*1*SASSER*KENSINGTON*D***MI*1154688371~
NM1*82*1*ARIF*AHMED*ABDULMALIK***XX*1841249836~
REF*CE*MEDICAID~
DTM*050*20220112~
SVC*HC>99214>GT*140*74.49**1~
DTM*472*20220111~
CAS*CO*45*65.51~
REF*6R*PHBM0000803519-1~
AMT*B6*74.49~
SVC*HC>99000*25*0**1~
DTM*472*20220111~
CAS*CO*4*25~
REF*6R*PHBM0000803519-2~
CLP*A1003644720*1*170*64.58**HM*200285890*02~
NM1*QC*1*SKINNER*CHANELL*A***MI*0066280736~
NM1*82*1*ARIF*AHMED*ABDULMALIK***XX*1841249836~
REF*CE*MEDICAID~
DTM*050*20220112~
SVC*HC>99203>GT*145*64.58**1~
DTM*472*20220111~
CAS*CO*45*80.42~
REF*6R*PHBM0000803485-1~
AMT*B6*64.58~
SVC*HC>99000*25*0**1~
DTM*472*20220111~
CAS*CO*4*25~
REF*6R*PHBM0000803485-2~
LX*2~
TS3*1841249836*20*20221231*3*579~
CLP*A1003644620*1*268*95.07**HM*200285888*20~
NM1*QC*1*LANG*EMMANUEL*T***MI*0036578406~
NM1*82*1*ARIF*AHMED*ABDULMALIK***XX*1841249836~
REF*CE*MEDICAID~
DTM*050*20220112~
SVC*HC>99214>25*140*74.49**1~
DTM*472*20220110~
CAS*CO*45*65.51~
REF*6R*PHBM0000803483-1~
AMT*B6*74.49~
SVC*HC>J0696*40*.5**1~
DTM*472*20220110~
CAS*CO*45*39.5~
REF*6R*PHBM0000803483-2~
AMT*B6*.5~
SVC*HC>J1885*20*.96**2~
DTM*472*20220110~
CAS*CO*45*19.04~
REF*6R*PHBM0000803483-3~
AMT*B6*.96~
SVC*HC>96372*58*16.24**2~
DTM*472*20220110~
CAS*CO*45*41.76~
REF*6R*PHBM0000803483-4~
AMT*B6*16.24~
SVC*HC>81002*10*2.88**1~
DTM*472*20220110~
CAS*CO*45*7.12~
REF*6R*PHBM0000803483-5~
AMT*B6*2.88~
CLP*A1003644690*1*161*84.5**HM*200285884*20~
NM1*QC*1*TAYLOR*TAMIKA*J***MI*0061174599~
NM1*82*1*ARIF*AHMED*ABDULMALIK***XX*1841249836~
REF*CE*MEDICAID~
DTM*050*20220112~
SVC*HC>99214*140*74.49**1~
DTM*472*20220109~
CAS*CO*45*65.51~
REF*6R*PHBM0000803480-1~
AMT*B6*74.49~
SVC*HC>81025*11*7.13**1~
DTM*472*20220109~
CAS*CO*45*3.87~
REF*6R*PHBM0000803480-2~
AMT*B6*7.13~
SVC*HC>81002*10*2.88**1~
DTM*472*20220109~
CAS*CO*45*7.12~
REF*6R*PHBM0000803480-3~
AMT*B6*2.88~
CLP*A1003644610*1*150*77.37**HM*200285886*20~
NM1*QC*1*WILTURNER*CRYSTAL*D***MI*1010794243~
NM1*82*1*ARIF*AHMED*ABDULMALIK***XX*1841249836~
REF*CE*MEDICAID~
DTM*050*20220112~
SVC*HC>99214*140*74.49**1~
DTM*472*20220109~
CAS*CO*45*65.51~
REF*6R*PHBM0000803487-1~
AMT*B6*74.49~
SVC*HC>81002*10*2.88**1~
DTM*472*20220109~
CAS*CO*45*7.12~
REF*6R*PHBM0000803487-2~
AMT*B6*2.88~
SE*164*1056~
ST*835*1057~
BPR*I*82.55*C*ACH*CCP*01* 121000248*DA*4649685948*3383253977**01*072403473*DA*01388438649*20220117~
TRN*1*00000963518*1383253977~
DTM*405*20220115~
N1*PR*MERIDIAN HEALTH PLAN~
N3*777 WOODWARD AVE*SUITE 600~
N4*DETROIT*MI*48226~
REF*2U*52563~
PER*BL*EDI TEAM*EM*EDITEAM@MHPLAN.COM~
PER*IC**UR*WWW.MHPLAN.COM/MI~
N1*PE*M 15 URGENT CARE, PC*XX*1194017673~
N3*250 N ORTONVILLE RD*STE C~
N4*ORTONVILLE*MI*48462~
REF*TJ*275199948~
LX*1~
TS3*1841249836*02*20221231*1*110~
CLP*A1003644530*1*110*52.5**HM*200285342*02~
NM1*QC*1*TAYLOR*DAKOTA*R***MI*0095555843~
NM1*82*1*ARIF*AHMED*ABDULMALIK***XX*1841249836~
REF*CE*MEDICAID~
DTM*050*20220112~
SVC*HC>99213>GT*110*52.5**1~
DTM*472*20220109~
CAS*CO*45*57.5~
REF*6R*PHBM0000803269-1~
AMT*B6*52.5~
LX*2~
TS3*1841249836*11*20221231*1*25~
CLP*A1003644540*1*25*13.07**HM*200285343*11~
NM1*QC*1*TAYLOR*DAKOTA*R***MI*0095555843~
NM1*82*1*ARIF*AHMED*ABDULMALIK***XX*1841249836~
REF*CE*MEDICAID~
DTM*050*20220112~
SVC*HC>99000*25*13.07**1~
DTM*472*20220109~
CAS*CO*45*11.93~
REF*6R*PHBM0000803270-1~
AMT*B6*13.07~
LX*3~
TS3*1841249836*20*20221231*3*286~
CLP*A1003615540*22*-246*-82.61**HM*199780049*20~
NM1*QC*1*TRAYER GRIFFITH*CHERAH*K***MI*0064733467~
NM1*82*1*ARIF*AHMED*ABDULMALIK***XX*1841249836~
REF*CE*MEDICAID~
DTM*050*20211223~
SVC*HC>99214>25*-140*-74.49**1~
DTM*472*20211218~
CAS*CO*45*-65.51~
REF*6R*PHBM0000797282-1~
LQ*HE*N377~
SVC*HC>4025F*0*0**1~
DTM*472*20211218~
REF*6R*PHBM0000797282-2~
LQ*HE*N377~
SVC*HC>73630>TC>FY>LT*-57*0**1~
DTM*472*20211218~
CAS*CO*11*-15.06**45*-41.94~
REF*6R*PHBM0000797282-3~
LQ*HE*N377~
SVC*HC>96372*-29*-8.12**1~
DTM*472*20211218~
CAS*CO*45*-20.88~
REF*6R*PHBM0000797282-4~
LQ*HE*N377~
SVC*HC>99072*-20*0**1~
DTM*472*20211218~
CAS*CO*204*-20~
REF*6R*PHBM0000797282-5~
LQ*HE*N377~
CLP*A1003615540*4*246*0**HM*199780049*20~
NM1*QC*1*TRAYER GRIFFITH*CHERAH*K***MI*0064733467~
NM1*82*1*ARIF*AHMED*ABDULMALIK***XX*1841249836~
REF*CE*MEDICAID~
DTM*050*20211223~
SVC*HC>99214>25*140*0**1~
DTM*472*20211218~
CAS*CO*104*74.49**45*65.51~
REF*6R*PHBM0000797282-1~
SVC*HC>4025F*0*0**1~
DTM*472*20211218~
REF*6R*PHBM0000797282-2~
SVC*HC>73630>TC>FY>LT*57*0**1~
DTM*472*20211218~
CAS*CO*11*15.06**45*41.94~
REF*6R*PHBM0000797282-3~
SVC*HC>96372*29*0**1~
DTM*472*20211218~
CAS*CO*45*20.88**104*8.12~
REF*6R*PHBM0000797282-4~
SVC*HC>99072*20*0**1~
DTM*472*20211218~
CAS*CO*204*20~
REF*6R*PHBM0000797282-5~
CLP*A1003637830*1*286*99.59**HM*200193737*20~
NM1*QC*1*TRAYER GRIFFITH*CHERAH*K***MI*0064733467~
NM1*82*1*ARIF*AHMED*ABDULMALIK***XX*1841249836~
REF*CE*MEDICAID~
DTM*050*20220110~
SVC*HC>99214>25*140*74.49**1~
DTM*472*20211218~
CAS*CO*45*65.51~
REF*6R*PHBM0000802422-1~
AMT*B6*74.49~
SVC*HC>4025F*0*0**1~
DTM*472*20211218~
REF*6R*PHBM0000802422-2~
SVC*HC>73630>TC>FY>LT*57*15.06**1~
DTM*472*20211218~
CAS*CO*45*41.94~
REF*6R*PHBM0000802422-3~
AMT*B6*15.06~
SVC*HC>96372*29*8.12**1~
DTM*472*20211218~
CAS*CO*45*20.88~
REF*6R*PHBM0000802422-4~
AMT*B6*8.12~
SVC*HC>99072*20*0**1~
DTM*472*20211218~
CAS*CO*204*20~
REF*6R*PHBM0000802422-5~
SVC*HC>J1885*40*1.92**4~
DTM*472*20211218~
CAS*CO*45*38.08~
REF*6R*PHBM0000802422-6~
AMT*B6*1.92~
SE*126*1057~
ST*835*1084~
BPR*I*1520.27*C*ACH*CCP*01* 121000248*DA*4649685948*3383253977**01*072403473*DA*01388369640*20220117~
TRN*1*00000964500*1383253977~
DTM*405*20220115~
N1*PR*MERIDIAN HEALTH PLAN~
N3*777 WOODWARD AVE*SUITE 600~
N4*DETROIT*MI*48226~
REF*2U*52563~
PER*BL*EDI TEAM*EM*EDITEAM@MHPLAN.COM~
PER*IC**UR*WWW.MHPLAN.COM/MI~
N1*PE*AHMED ARIF MD PC*XX*1518180538~
N3*1201 FLUSHING RD*STE 1~
N4*FLINT*MI*48504~
REF*TJ*431992138~
LX*1~
TS3*1841249836*02*20221231*3*330~
CLP*A1003644510*1*110*52.5**HM*200285338*02~
NM1*QC*1*CARPENTER*DRIONNA****MI*0030680879~
NM1*82*1*ARIF*AHMED*ABDULMALIK***XX*1841249836~
REF*CE*MEDICAID~
DTM*050*20220112~
SVC*HC>99213>GT*110*52.5**1~
DTM*472*20220111~
CAS*CO*45*57.5~
REF*6R*PHBM0000803305-1~
AMT*B6*52.5~
CLP*A1003644760*1*110*52.5**HM*200285327*02~
NM1*QC*1*CLARK*LISA*M***MI*0049872822~
NM1*82*1*ARIF*AHMED*ABDULMALIK***XX*1841249836~
REF*CE*MEDICAID~
DTM*050*20220112~
SVC*HC>99213>GT*110*52.5**1~
DTM*472*20220110~
CAS*CO*45*57.5~
REF*6R*PHBM0000803408-1~
AMT*B6*52.5~
CLP*A1003644520*1*110*52.5**HM*200285322*02~
NM1*QC*1*DEPERIO*DAISY*V***MI*1057127638~
NM1*82*1*ARIF*AHMED*ABDULMALIK***XX*1841249836~
REF*CE*MEDICAID~
DTM*050*20220112~
SVC*HC>99213>GT*110*52.5**1~
DTM*472*20220111~
CAS*CO*45*57.5~
REF*6R*PHBM0000803327-1~
AMT*B6*52.5~
LX*2~
TS3*1841249836*11*20221231*15*2531~
CLP*A1003644580*1*190*86.01**HM*200285334*11~
NM1*QC*1*ARMSTRONG*DEDRA*D***MI*0045741250~
NM1*82*1*ARIF*AHMED*ABDULMALIK***XX*1841249836~
REF*CE*MEDICAID~
DTM*050*20220112~
SVC*HC>99203*145*86**1~
DTM*472*20211229~
CAS*CO*45*59~
REF*6R*PHBM0000803414-1~
AMT*B6*86~
SVC*HC>G8417*0*0**1~
DTM*472*20211229~
REF*6R*PHBM0000803414-2~
SVC*HC>1000F*0*0**1~
DTM*472*20211229~
REF*6R*PHBM0000803414-3~
SVC*HC>1034F*0*0**1~
DTM*472*20211229~
REF*6R*PHBM0000803414-4~
SVC*HC>1111F*45*.01**1~
DTM*472*20211229~
CAS*CO*45*44.99~
REF*6R*PHBM0000803414-5~
AMT*B6*.01~
SVC*HC>1159F*0*0**1~
DTM*472*20211229~
REF*6R*PHBM0000803414-6~
LQ*HE*M79~
SVC*HC>1160F*0*0**1~
DTM*472*20211229~
REF*6R*PHBM0000803414-7~
LQ*HE*M79~
SVC*HC>3044F*0*0**1~
DTM*472*20211229~
REF*6R*PHBM0000803414-8~
LQ*HE*M79~
SVC*HC>3074F*0*0**1~
DTM*472*20211229~
REF*6R*PHBM0000803414-9~
LQ*HE*M79~
SVC*HC>3078F*0*0**1~
DTM*472*20211229~
REF*6R*PHBM0000803414-10~
LQ*HE*M79~
SVC*HC>4008F*0*0**1~
DTM*472*20211229~
REF*6R*PHBM0000803414-11~
SVC*HC>4013F*0*0**1~
DTM*472*20211229~
REF*6R*PHBM0000803414-12~
CLP*A1003644560*1*115*72.39**HM*200285323*11~
NM1*QC*1*BACON*JEFFREY****MI*0084199220~
NM1*82*1*ARIF*AHMED*ABDULMALIK***XX*1841249836~
REF*CE*MEDICAID~
DTM*050*20220112~
SVC*HC>99213*110*69.91**1~
DTM*472*20220103~
CAS*CO*45*40.09~
REF*6R*PHBM0000803330-1~
AMT*B6*69.91~
SVC*HC>G8417*0*0**1~
DTM*472*20220103~
REF*6R*PHBM0000803330-2~
SVC*HC>36415*5*2.48**1~
DTM*472*20220103~
CAS*CO*45*2.52~
REF*6R*PHBM0000803330-3~
AMT*B6*2.48~
SVC*HC>1000F*0*0**1~
DTM*472*20220103~
REF*6R*PHBM0000803330-4~
SVC*HC>1034F*0*0**1~
DTM*472*20220103~
REF*6R*PHBM0000803330-5~
SVC*HC>1111F*0*0**1~
DTM*472*20220103~
REF*6R*PHBM0000803330-6~
LQ*HE*M79~
SVC*HC>1159F*0*0**1~
DTM*472*20220103~
REF*6R*PHBM0000803330-7~
LQ*HE*M79~
SVC*HC>1160F*0*0**1~
DTM*472*20220103~
REF*6R*PHBM0000803330-8~
LQ*HE*M79~
SVC*HC>3077F*0*0**1~
DTM*472*20220103~
REF*6R*PHBM0000803330-9~
LQ*HE*M79~
SVC*HC>3080F*0*0**1~
DTM*472*20220103~
REF*6R*PHBM0000803330-10~
LQ*HE*M79~
SVC*HC>4008F*0*0**1~
DTM*472*20220103~
REF*6R*PHBM0000803330-11~
CLP*A1003644770*1*223*84.61**HM*200285329*11~
NM1*QC*1*COLEMAN*BENNIE*L***MI*0086461971~
NM1*82*1*ARIF*AHMED*ABDULMALIK***XX*1841249836~
REF*CE*MEDICAID~
DTM*050*20220112~
SVC*HC>99395*170*81.34**1~
DTM*472*20211230~
CAS*CO*45*88.66~
REF*6R*PHBM0000803282-1~
AMT*B6*81.34~
SVC*HC>G8417*0*0**1~
DTM*472*20211230~
REF*6R*PHBM0000803282-2~
SVC*HC>1000F*0*0**1~
DTM*472*20211230~
REF*6R*PHBM0000803282-3~
SVC*HC>1034F*0*0**1~
DTM*472*20211230~
REF*6R*PHBM0000803282-4~
SVC*HC>1111F*45*.01**1~
DTM*472*20211230~
CAS*CO*45*44.99~
REF*6R*PHBM0000803282-5~
AMT*B6*.01~
SVC*HC>1159F*0*0**1~
DTM*472*20211230~
REF*6R*PHBM0000803282-6~
LQ*HE*M79~
SVC*HC>1160F*0*0**1~
DTM*472*20211230~
REF*6R*PHBM0000803282-7~
LQ*HE*M79~
SVC*HC>3046F*0*0**1~
DTM*472*20211230~
REF*6R*PHBM0000803282-8~
LQ*HE*M79~
SVC*HC>3061F*0*0**1~
DTM*472*20211230~
REF*6R*PHBM0000803282-9~
LQ*HE*M79~
SVC*HC>3077F*0*0**1~
DTM*472*20211230~
REF*6R*PHBM0000803282-10~
LQ*HE*M79~
SVC*HC>3079F*0*0**1~
DTM*472*20211230~
REF*6R*PHBM0000803282-11~
LQ*HE*M79~
SVC*HC>4010F*0*0**1~
DTM*472*20211230~
REF*6R*PHBM0000803282-12~
LQ*HE*M79~
SVC*HC>4013F*0*0**1~
DTM*472*20211230~
REF*6R*PHBM0000803282-13~
SVC*HC>82947>QW*8*3.26**1~
DTM*472*20211230~
CAS*CO*45*4.74~
REF*6R*PHBM0000803282-14~
AMT*B6*3.26~
CLP*A1003644550*1*185*99.2**HM*200285325*11~
NM1*QC*1*DAVIS*TIMOTHY*A***MI*0056134485~
NM1*82*1*ARIF*AHMED*ABDULMALIK***XX*1841249836~
REF*CE*MEDICAID~
DTM*050*20220112~
SVC*HC>99214*140*99.19**1~
DTM*472*20220110~
CAS*CO*45*40.81~
REF*6R*PHBM0000803286-1~
AMT*B6*99.19~
SVC*HC>1000F*0*0**1~
DTM*472*20220110~
REF*6R*PHBM0000803286-2~
SVC*HC>1034F*0*0**1~
DTM*472*20220110~
REF*6R*PHBM0000803286-3~
SVC*HC>1035F*0*0**1~
DTM*472*20220110~
REF*6R*PHBM0000803286-4~
SVC*HC>1111F*45*.01**1~
DTM*472*20220110~
CAS*CO*45*44.99~
REF*6R*PHBM0000803286-5~
AMT*B6*.01~
SVC*HC>1159F*0*0**1~
DTM*472*20220110~
REF*6R*PHBM0000803286-6~
LQ*HE*M79~
SVC*HC>1160F*0*0**1~
DTM*472*20220110~
REF*6R*PHBM0000803286-7~
LQ*HE*M79~
SVC*HC>3074F*0*0**1~
DTM*472*20220110~
REF*6R*PHBM0000803286-8~
LQ*HE*M79~
SVC*HC>3078F*0*0**1~
DTM*472*20220110~
REF*6R*PHBM0000803286-9~
LQ*HE*M79~
CLP*A1003644680*1*95*52.69**HM*200285321*11~
NM1*QC*1*DUDLEYBYRD*LARICHARD*A***MI*0085059752~
NM1*74*1*DUDLEY-BYRD*LA*RICHARD A***C*0085059752~
NM1*82*1*ARIF*AHMED*ABDULMALIK***XX*1841249836~
REF*CE*MEDICAID~
DTM*050*20220112~
SVC*HC>99442*95*52.69**1~
DTM*472*20211223~
CAS*CO*45*42.31~
REF*6R*PHBM0000803377-1~
AMT*B6*52.69~
CLP*A1003644660*1*95*52.69**HM*200285328*11~
NM1*QC*1*ELLIES*PATRICE*L***MI*0080945181~
NM1*82*1*ARIF*AHMED*ABDULMALIK***XX*1841249836~
REF*CE*MEDICAID~
DTM*050*20220112~
SVC*HC>99442*95*52.69**1~
DTM*472*20220106~
CAS*CO*45*42.31~
REF*6R*PHBM0000803442-1~
AMT*B6*52.69~
CLP*A1003644730*1*115*72.39**HM*200285330*11~
NM1*QC*1*GILBERT*CARLOS*T***MI*0089344244~
NM1*82*1*ARIF*AHMED*ABDULMALIK***XX*1841249836~
REF*CE*MEDICAID~
DTM*050*20220112~
SVC*HC>99213*110*69.91**1~
DTM*472*20220104~
CAS*CO*45*40.09~
REF*6R*PHBM0000803372-1~
AMT*B6*69.91~
SVC*HC>G8417*0*0**1~
DTM*472*20220104~
REF*6R*PHBM0000803372-2~
SVC*HC>G8510*0*0**1~
DTM*472*20220104~
REF*6R*PHBM0000803372-3~
SVC*HC>36415*5*2.48**1~
DTM*472*20220104~
CAS*CO*45*2.52~
REF*6R*PHBM0000803372-4~
AMT*B6*2.48~
SVC*HC>1000F*0*0**1~
DTM*472*20220104~
REF*6R*PHBM0000803372-5~
SVC*HC>1034F*0*0**1~
DTM*472*20220104~
REF*6R*PHBM0000803372-6~
SVC*HC>1111F*0*0**1~
DTM*472*20220104~
REF*6R*PHBM0000803372-7~
LQ*HE*M79~
SVC*HC>1159F*0*0**1~
DTM*472*20220104~
REF*6R*PHBM0000803372-8~
LQ*HE*M79~
SVC*HC>1160F*0*0**1~
DTM*472*20220104~
REF*6R*PHBM0000803372-9~
LQ*HE*M79~
SVC*HC>3074F*0*0**1~
DTM*472*20220104~
REF*6R*PHBM0000803372-10~
LQ*HE*M79~
SVC*HC>3079F*0*0**1~
DTM*472*20220104~
REF*6R*PHBM0000803372-11~
LQ*HE*M79~
SVC*HC>3725F*0*0**1~
DTM*472*20220104~
REF*6R*PHBM0000803372-12~
CLP*A1003644500*1*185*99.2**HM*200285324*11~
NM1*QC*1*GROVER*NATHANIEL*B***MI*0087333368~
NM1*82*1*ARIF*AHMED*ABDULMALIK***XX*1841249836~
REF*CE*MEDICAID~
DTM*050*20220112~
SVC*HC>99214*140*99.19**1~
DTM*472*20211230~
CAS*CO*45*40.81~
REF*6R*PHBM0000803385-1~
AMT*B6*99.19~
SVC*HC>G8431*0*0**1~
DTM*472*20211230~
REF*6R*PHBM0000803385-2~
SVC*HC>G8598*0*0**1~
DTM*472*20211230~
REF*6R*PHBM0000803385-3~
SVC*HC>1000F*0*0**1~
DTM*472*20211230~
REF*6R*PHBM0000803385-4~
SVC*HC>1034F*0*0**1~
DTM*472*20211230~
REF*6R*PHBM0000803385-5~
SVC*HC>1111F*45*.01**1~
DTM*472*20211230~
CAS*CO*45*44.99~
REF*6R*PHBM0000803385-6~
AMT*B6*.01~
SVC*HC>1159F*0*0**1~
DTM*472*20211230~
REF*6R*PHBM0000803385-7~
LQ*HE*M79~
SVC*HC>1160F*0*0**1~
DTM*472*20211230~
REF*6R*PHBM0000803385-8~
LQ*HE*M79~
SVC*HC>3023F*0*0**1~
DTM*472*20211230~
REF*6R*PHBM0000803385-9~
SVC*HC>3066F*0*0**1~
DTM*472*20211230~
REF*6R*PHBM0000803385-10~
LQ*HE*M79~
SVC*HC>3077F*0*0**1~
DTM*472*20211230~
REF*6R*PHBM0000803385-11~
LQ*HE*M79~
SVC*HC>3080F*0*0**1~
DTM*472*20211230~
REF*6R*PHBM0000803385-12~
LQ*HE*M79~
SVC*HC>3725F*0*0**1~
DTM*472*20211230~
REF*6R*PHBM0000803385-13~
SVC*HC>4008F*0*0**1~
DTM*472*20211230~
REF*6R*PHBM0000803385-14~
SVC*HC>4013F*0*0**1~
DTM*472*20211230~
REF*6R*PHBM0000803385-15~
SVC*HC>4040F*0*0**1~
DTM*472*20211230~
REF*6R*PHBM0000803385-16~
CLP*A1003644480*1*281*136.43**HM*200285336*11~
NM1*QC*1*HARRIS*KIMBERLY*L***MI*0014180658~
NM1*82*1*ARIF*AHMED*ABDULMALIK***XX*1841249836~
REF*CE*MEDICAID~
DTM*050*20220112~
SVC*HC>99214*140*99.19**1~
DTM*472*20220104~
CAS*CO*45*40.81~
REF*6R*PHBM0000803310-1~
AMT*B6*99.19~
SVC*HC>G8431*0*0**1~
DTM*472*20220104~
REF*6R*PHBM0000803310-2~
SVC*HC>1000F*0*0**1~
DTM*472*20220104~
REF*6R*PHBM0000803310-3~
SVC*HC>1036F*0*0**1~
DTM*472*20220104~
REF*6R*PHBM0000803310-4~
SVC*HC>1111F*0*0**1~
DTM*472*20220104~
REF*6R*PHBM0000803310-5~
LQ*HE*M79~
SVC*HC>1159F*0*0**1~
DTM*472*20220104~
REF*6R*PHBM0000803310-6~
LQ*HE*M79~
SVC*HC>1160F*0*0**1~
DTM*472*20220104~
REF*6R*PHBM0000803310-7~
LQ*HE*M79~
SVC*HC>3075F*0*0**1~
DTM*472*20220104~
REF*6R*PHBM0000803310-8~
LQ*HE*M79~
SVC*HC>3079F*0*0**1~
DTM*472*20220104~
REF*6R*PHBM0000803310-9~
LQ*HE*M79~
SVC*HC>3725F*0*0**1~
DTM*472*20220104~
REF*6R*PHBM0000803310-10~
SVC*HC>72050>TC>FY*86*22.78**1~
DTM*472*20220104~
CAS*CO*45*63.22~
REF*6R*PHBM0000803310-11~
AMT*B6*22.78~
SVC*HC>73030>TC>FY>LT*55*14.46**1~
DTM*472*20220104~
CAS*CO*45*40.54~
REF*6R*PHBM0000803310-12~
AMT*B6*14.46~
CLP*A1003644490*1*155*69.92**HM*200285333*11~
NM1*QC*1*MCGINNIS*SAMUEL*P***MI*0005170644~
NM1*82*1*ARIF*AHMED*ABDULMALIK***XX*1841249836~
REF*CE*MEDICAID~
DTM*050*20220112~
SVC*HC>99213*110*69.91**1~
DTM*472*20211230~
CAS*CO*45*40.09~
REF*6R*PHBM0000803459-1~
AMT*B6*69.91~
SVC*HC>G8418*0*0**1~
DTM*472*20211230~
REF*6R*PHBM0000803459-2~
SVC*HC>1000F*0*0**1~
DTM*472*20211230~
REF*6R*PHBM0000803459-3~
SVC*HC>1036F*0*0**1~
DTM*472*20211230~
REF*6R*PHBM0000803459-4~
SVC*HC>1111F*45*.01**1~
DTM*472*20211230~
CAS*CO*45*44.99~
REF*6R*PHBM0000803459-5~
AMT*B6*.01~
SVC*HC>1159F*0*0**1~
DTM*472*20211230~
REF*6R*PHBM0000803459-6~
LQ*HE*M79~
SVC*HC>1160F*0*0**1~
DTM*472*20211230~
REF*6R*PHBM0000803459-7~
LQ*HE*M79~
SVC*HC>3074F*0*0**1~
DTM*472*20211230~
REF*6R*PHBM0000803459-8~
LQ*HE*M79~
SVC*HC>3078F*0*0**1~
DTM*472*20211230~
REF*6R*PHBM0000803459-9~
LQ*HE*M79~
SVC*HC>4040F*0*0**1~
DTM*472*20211230~
REF*6R*PHBM0000803459-10~
CLP*A1003644670*1*692*155.63**HM*200285337*11~
NM1*QC*1*METZGER*CAROLINE*S***MI*0063548150~
NM1*82*1*ARIF*AHMED*ABDULMALIK***XX*1841249836~
REF*CE*MEDICAID~
DTM*050*20220112~
SVC*HC>99396>25*180*89.89**1~
DTM*472*20220106~
CAS*CO*45*90.11~
REF*6R*PHBM0000803333-1~
AMT*B6*89.89~
SVC*HC>G8417*0*0**1~
DTM*472*20220106~
REF*6R*PHBM0000803333-2~
SVC*HC>G8431*0*0**1~
DTM*472*20220106~
REF*6R*PHBM0000803333-3~
SVC*HC>36415*5*2.48**1~
DTM*472*20220106~
CAS*CO*45*2.52~
REF*6R*PHBM0000803333-4~
AMT*B6*2.48~
SVC*HC>1000F*0*0**1~
DTM*472*20220106~
REF*6R*PHBM0000803333-5~
SVC*HC>1034F*0*0**1~
DTM*472*20220106~
REF*6R*PHBM0000803333-6~
SVC*HC>1111F*45*.01**1~
DTM*472*20220106~
CAS*CO*45*44.99~
REF*6R*PHBM0000803333-7~
AMT*B6*.01~
SVC*HC>1159F*0*0**1~
DTM*472*20220106~
REF*6R*PHBM0000803333-8~
LQ*HE*M79~
SVC*HC>1160F*0*0**1~
DTM*472*20220106~
REF*6R*PHBM0000803333-9~
LQ*HE*M79~
SVC*HC>3014F*0*0**1~
DTM*472*20220106~
REF*6R*PHBM0000803333-10~
SVC*HC>3015F*0*0**1~
DTM*472*20220106~
REF*6R*PHBM0000803333-11~
SVC*HC>3023F*0*0**1~
DTM*472*20220106~
REF*6R*PHBM0000803333-12~
SVC*HC>3075F*0*0**1~
DTM*472*20220106~
REF*6R*PHBM0000803333-13~
LQ*HE*M79~
SVC*HC>3079F*0*0**1~
DTM*472*20220106~
REF*6R*PHBM0000803333-14~
LQ*HE*M79~
SVC*HC>3725F*0*0**1~
DTM*472*20220106~
REF*6R*PHBM0000803333-15~
SVC*HC>4025F*0*0**1~
DTM*472*20220106~
REF*6R*PHBM0000803333-16~
SVC*HC>4040F*0*0**1~
DTM*472*20220106~
REF*6R*PHBM0000803333-17~
SVC*HC>76775>TC*175*17.63**1~
DTM*472*20220106~
CAS*CO*45*157.37~
REF*6R*PHBM0000803333-18~
AMT*B6*17.63~
SVC*HC>77080>TC*177*16.44**1~
DTM*472*20220106~
CAS*CO*45*160.56~
REF*6R*PHBM0000803333-19~
AMT*B6*16.44~
SVC*HC>94010*65*17.04**1~
DTM*472*20220106~
CAS*CO*45*47.96~
REF*6R*PHBM0000803333-20~
AMT*B6*17.04~
SVC*HC>93000*32*8.52**1~
DTM*472*20220106~
CAS*CO*45*23.48~
REF*6R*PHBM0000803333-21~
AMT*B6*8.52~
SVC*HC>82270*13*3.62**1~
DTM*472*20220106~
CAS*CO*45*9.38~
REF*6R*PHBM0000803333-22~
AMT*B6*3.62~
CLP*A1003586341*22*-205*-.01**HM*199154502*11~
NM1*QC*1*MILLER*DEONCA*R***MI*0093904426~
NM1*82*1*ARIF*AHMED*ABDULMALIK***XX*1841249836~
REF*CE*MEDICAID~
DTM*050*20211203~
SVC*HC>99214*-140*0**1~
DTM*472*20211130~
CAS*CO*45*-40.81**11*-99.19~
REF*6R*PHBM0000790043-1~
LQ*HE*N377~
SVC*HC>1000F*0*0**1~
DTM*472*20211130~
REF*6R*PHBM0000790043-2~
LQ*HE*N377~
SVC*HC>1036F*0*0**1~
DTM*472*20211130~
REF*6R*PHBM0000790043-3~
LQ*HE*N377~
SVC*HC>1111F*-45*-.01**1~
DTM*472*20211130~
CAS*CO*45*-44.99~
REF*6R*PHBM0000790043-4~
LQ*HE*N377~
SVC*HC>1159F*0*0**1~
DTM*472*20211130~
REF*6R*PHBM0000790043-5~
LQ*HE*N377~
SVC*HC>1160F*0*0**1~
DTM*472*20211130~
REF*6R*PHBM0000790043-6~
LQ*HE*N377~
SVC*HC>3077F*0*0**1~
DTM*472*20211130~
REF*6R*PHBM0000790043-7~
LQ*HE*N377~
SVC*HC>3079F*0*0**1~
DTM*472*20211130~
REF*6R*PHBM0000790043-8~
LQ*HE*N377~
SVC*HC>4025F*0*0**1~
DTM*472*20211130~
REF*6R*PHBM0000790043-9~
LQ*HE*N377~
SVC*HC>99072*-20*0**1~
DTM*472*20211130~
CAS*CO*204*-20~
REF*6R*PHBM0000790043-10~
LQ*HE*N377~
CLP*A1003644630*1*95*52.69**HM*200285339*11~
NM1*QC*1*MILLER*ROCHELLE*L***MI*0014463541~
NM1*82*1*ARIF*AHMED*ABDULMALIK***XX*1841249836~
REF*CE*MEDICAID~
DTM*050*20220112~
SVC*HC>99442*95*52.69**1~
DTM*472*20211230~
CAS*CO*45*42.31~
REF*6R*PHBM0000803344-1~
AMT*B6*52.69~
CLP*A1003644740*1*155*69.92**HM*200285326*11~
NM1*QC*1*PERRIN*ANDREA*M***MI*0065650135~
NM1*82*1*ARIF*AHMED*ABDULMALIK***XX*1841249836~
REF*CE*MEDICAID~
DTM*050*20220112~
SVC*HC>99213*110*69.91**1~
DTM*472*20220110~
CAS*CO*45*40.09~
REF*6R*PHBM0000803283-1~
AMT*B6*69.91~
SVC*HC>G8510*0*0**1~
DTM*472*20220110~
REF*6R*PHBM0000803283-2~
SVC*HC>1000F*0*0**1~
DTM*472*20220110~
REF*6R*PHBM0000803283-3~
SVC*HC>1036F*0*0**1~
DTM*472*20220110~
REF*6R*PHBM0000803283-4~
SVC*HC>1111F*45*.01**1~
DTM*472*20220110~
CAS*CO*45*44.99~
REF*6R*PHBM0000803283-5~
AMT*B6*.01~
SVC*HC>1159F*0*0**1~
DTM*472*20220110~
REF*6R*PHBM0000803283-6~
LQ*HE*M79~
SVC*HC>1160F*0*0**1~
DTM*472*20220110~
REF*6R*PHBM0000803283-7~
LQ*HE*M79~
SVC*HC>3014F*0*0**1~
DTM*472*20220110~
REF*6R*PHBM0000803283-8~
SVC*HC>3075F*0*0**1~
DTM*472*20220110~
REF*6R*PHBM0000803283-9~
LQ*HE*M79~
SVC*HC>3079F*0*0**1~
DTM*472*20220110~
REF*6R*PHBM0000803283-10~
LQ*HE*M79~
SVC*HC>3725F*0*0**1~
DTM*472*20220110~
REF*6R*PHBM0000803283-11~
CLP*A1003644640*1*155*69.92**HM*200285331*11~
NM1*QC*1*SNELSON*TINA*M***MI*0004025213~
NM1*82*1*ARIF*AHMED*ABDULMALIK***XX*1841249836~
REF*CE*MEDICAID~
DTM*050*20220112~
SVC*HC>99213*110*69.91**1~
DTM*472*20211230~
CAS*CO*45*40.09~
REF*6R*PHBM0000803403-1~
AMT*B6*69.91~
SVC*HC>G8417*0*0**1~
DTM*472*20211230~
REF*6R*PHBM0000803403-2~
SVC*HC>1000F*0*0**1~
DTM*472*20211230~
REF*6R*PHBM0000803403-3~
SVC*HC>1034F*0*0**1~
DTM*472*20211230~
REF*6R*PHBM0000803403-4~
SVC*HC>1111F*45*.01**1~
DTM*472*20211230~
CAS*CO*45*44.99~
REF*6R*PHBM0000803403-5~
AMT*B6*.01~
SVC*HC>1159F*0*0**1~
DTM*472*20211230~
REF*6R*PHBM0000803403-6~
LQ*HE*M79~
SVC*HC>1160F*0*0**1~
DTM*472*20211230~
REF*6R*PHBM0000803403-7~
LQ*HE*M79~
SVC*HC>3074F*0*0**1~
DTM*472*20211230~
REF*6R*PHBM0000803403-8~
LQ*HE*M79~
SVC*HC>3078F*0*0**1~
DTM*472*20211230~
REF*6R*PHBM0000803403-9~
LQ*HE*M79~
SVC*HC>4013F*0*0**1~
DTM*472*20211230~
REF*6R*PHBM0000803403-10~
SVC*HC>4025F*0*0**1~
DTM*472*20211230~
REF*6R*PHBM0000803403-11~
SVC*HC>4140F*0*0**1~
DTM*472*20211230~
REF*6R*PHBM0000803403-12~
LX*3~
TS3*1639210669*11*20221231*3*615~
CLP*A1003644650*1*185*99.2**HM*200285335*11~
NM1*QC*1*BATES*TINA*L***MI*0004319437~
NM1*82*1*SYED*MOHAMMED****XX*1639210669~
REF*CE*MEDICAID~
DTM*050*20220112~
SVC*HC>99214*140*99.19**1~
DTM*472*20220111~
CAS*CO*45*40.81~
REF*6R*PHBM0000803413-1~
AMT*B6*99.19~
SVC*HC>1000F*0*0**1~
DTM*472*20220111~
REF*6R*PHBM0000803413-2~
SVC*HC>1034F*0*0**1~
DTM*472*20220111~
REF*6R*PHBM0000803413-3~
SVC*HC>1111F*45*.01**1~
DTM*472*20220111~
CAS*CO*45*44.99~
REF*6R*PHBM0000803413-4~
AMT*B6*.01~
SVC*HC>1159F*0*0**1~
DTM*472*20220111~
REF*6R*PHBM0000803413-5~
LQ*HE*M79~
SVC*HC>1160F*0*0**1~
DTM*472*20220111~
REF*6R*PHBM0000803413-6~
LQ*HE*M79~
SVC*HC>3014F*0*0**1~
DTM*472*20220111~
REF*6R*PHBM0000803413-7~
SVC*HC>3015F*0*0**1~
DTM*472*20220111~
REF*6R*PHBM0000803413-8~
SVC*HC>3077F*0*0**1~
DTM*472*20220111~
REF*6R*PHBM0000803413-9~
LQ*HE*M79~
SVC*HC>3080F*0*0**1~
DTM*472*20220111~
REF*6R*PHBM0000803413-10~
LQ*HE*M79~
CLP*A1003644750*1*180*89.89**HM*200285332*11~
NM1*QC*1*DOUGLAS*DONTEZ****MI*0044220689~
NM1*82*1*SYED*MOHAMMED****XX*1639210669~
REF*CE*MEDICAID~
DTM*050*20220112~
SVC*HC>99396*180*89.89**1~
DTM*472*20220111~
CAS*CO*45*90.11~
REF*6R*PHBM0000803399-1~
AMT*B6*89.89~
SVC*HC>1000F*0*0**1~
DTM*472*20220111~
REF*6R*PHBM0000803399-2~
SVC*HC>1036F*0*0**1~
DTM*472*20220111~
REF*6R*PHBM0000803399-3~
SVC*HC>1111F*0*0**1~
DTM*472*20220111~
REF*6R*PHBM0000803399-4~
LQ*HE*M79~
SVC*HC>1159F*0*0**1~
DTM*472*20220111~
REF*6R*PHBM0000803399-5~
LQ*HE*M79~
SVC*HC>1160F*0*0**1~
DTM*472*20220111~
REF*6R*PHBM0000803399-6~
LQ*HE*M79~
SVC*HC>3077F*0*0**1~
DTM*472*20220111~
REF*6R*PHBM0000803399-7~
LQ*HE*M79~
SVC*HC>3079F*0*0**1~
DTM*472*20220111~
REF*6R*PHBM0000803399-8~
LQ*HE*M79~
SVC*HC>4025F*0*0**1~
DTM*472*20220111~
REF*6R*PHBM0000803399-9~
SVC*HC>4140F*0*0**1~
DTM*472*20220111~
REF*6R*PHBM0000803399-10~
CLP*A1003646870*4*250*0**HM*200329968*11~
NM1*QC*1*DOUGLAS*DONTEZ****MI*0044220689~
NM1*82*1*SYED*MOHAMMED****XX*1639210669~
REF*CE*MEDICAID~
DTM*050*20220114~
SVC*HC>99396>25*180*0**1~
DTM*472*20220111~
CAS*CO*B13*180~
REF*6R*PHBM0000803854-1~
SVC*HC>1000F*0*0**1~
DTM*472*20220111~
REF*6R*PHBM0000803854-2~
SVC*HC>1036F*0*0**1~
DTM*472*20220111~
REF*6R*PHBM0000803854-3~
SVC*HC>1111F*0*0**1~
DTM*472*20220111~
REF*6R*PHBM0000803854-4~
SVC*HC>1159F*0*0**1~
DTM*472*20220111~
REF*6R*PHBM0000803854-5~
SVC*HC>1160F*0*0**1~
DTM*472*20220111~
REF*6R*PHBM0000803854-6~
SVC*HC>3077F*0*0**1~
DTM*472*20220111~
REF*6R*PHBM0000803854-7~
SVC*HC>3079F*0*0**1~
DTM*472*20220111~
REF*6R*PHBM0000803854-8~
SVC*HC>4025F*0*0**1~
DTM*472*20220111~
REF*6R*PHBM0000803854-9~
SVC*HC>4140F*0*0**1~
DTM*472*20220111~
REF*6R*PHBM0000803854-10~
SVC*HC>36415*5*0**1~
DTM*472*20220111~
CAS*CO*B13*5~
REF*6R*PHBM0000803854-11~
SVC*HC>94010*65*0**1~
DTM*472*20220111~
CAS*CO*B13*65~
REF*6R*PHBM0000803854-12~
SE*849*1084~
GE*4*1~
IEA*1*262455724~
