ISA*00*          *00*          *ZZ*133052274      *ZZ*XXXXXXXXXXXXXXX*220119*0250*^*00501*100358959*0*P*>~
GS*HP*133052274*XX*20220119*0250*1*X*005010X221A1~
ST*835*0258~
BPR*I*1771.94*C*ACH*CCP*01*011900445*DA*0000009046*1066033492**01*052100987*DA*022613994*20220124~
TRN*1*822019000261002*1066033492~
REF*EV*XXXXXXXXXXXXXXXXXXXXXXXXXXXXXX~
DTM*405*20220119~
N1*PR*AETNA~
N3*151 FARMINGTON AVENUE~
N4*HARTFORD*CT*06156~
REF*2U*60054~
PER*BL*Provider Service~
N1*PE*POTOMAC VALLEY HOSPITAL*XX*1316054919~
N3*100 PIN OAK LN~
N4*KEYSER*WV*267265908~
REF*PQ*585332610~
REF*TJ*550420956~
LX*1~
TS3*1205182136*23*20221231*3*179~
CLP*HPV1911509801*1*179*82.28*9.14*13*EMACWTMR60000*23*1~
NM1*QC*1*SHREVE*SOPHIA*M~
NM1*IL*1*SHREVE*SHAWN*M***MI*W255872790~
NM1*82*1*GOULD*MICHAEL*J***XX*1316054919~
REF*1L*0868404-012-00001- A~
REF*CE*Aetna Choice  POS II NET 00578~
DTM*232*20211219~
DTM*233*20211219~
DTM*050*20211230~
PER*CX**TE*8886323862~
AMT*AU*179~
SVC*HC>99282*179*82.28**1~
DTM*472*20211219~
CAS*CO*45*87.58~
CAS*PR*2*9.14~
REF*6R*PVHE0093515449-1~
AMT*B6*91.42~
CLP*HPV1911509801*22*-179*-82.28**13*EMACWTMR60000*23*1~
NM1*QC*1*SHREVE*SOPHIA*M~
NM1*IL*1*SHREVE*SHAWN*M***MI*W255872790~
NM1*82*1*GOULD*MICHAEL*J***XX*1316054919~
REF*1L*0868404-012-00001- A~
REF*CE*Aetna Choice  POS II NET 00578~
DTM*232*20211219~
DTM*233*20211219~
DTM*050*20211230~
PER*CX**TE*8886323862~
SVC*HC>99282*-179*-82.28**1~
DTM*472*20211219~
CAS*CO*45*-87.58~
CAS*PR*2*-9.14~
REF*6R*PVHE0093515449-1~
CLP*HPV1911509801*1*179*91.42**13*EMACWTMR60001*23*1~
NM1*QC*1*SHREVE*SOPHIA*M~
NM1*IL*1*SHREVE*SHAWN*M***MI*W255872790~
NM1*82*1*GOULD*MICHAEL*J***XX*1316054919~
REF*1L*0868404-012-00001- A~
REF*CE*Aetna Choice  POS II NET 00578~
REF*F8*EMACWTMR60000~
DTM*232*20211219~
DTM*233*20211219~
DTM*050*20211231~
PER*CX**TE*8886323862~
AMT*AU*179~
SVC*HC>99282*179*91.42**1~
DTM*472*20211219~
CAS*CO*45*87.58~
REF*6R*PVHE0093515449-1~
AMT*B6*91.42~
LX*2~
TS3*1144602665*22*20221231*1*1807~
CLP*HPV1913509501*1*1807*1626.3*180.7*13*E7ACVDPY90000*22*1~
NM1*QC*1*MULLAN*DOUGLAS****MI*W144881318~
NM1*82*1*STEPHENS*ALAN*M***XX*1316054919~
REF*1L*0699000-010-00353-IS~
REF*CE*Aetna Choice  POS II NET 00578~
DTM*232*20211228~
DTM*233*20211228~
DTM*050*20220104~
PER*CX**TE*8886323862~
AMT*AU*1807~
SVC*HC>49653*1807*1626.3**1~
DTM*472*20211228~
CAS*PR*2*180.7~
REF*6R*PVHE0093598683-1~
AMT*B6*1807~
LX*3~
TS3*1902465925*23*20221231*1*337~
CLP*HPV1929921201*1*337*18.24*204.56*13*E336VQFW30000*23*1~
NM1*QC*1*CAGE*JOHN*E***MI*W207636886~
NM1*82*1*JONES*BREANA*L***XX*1316054919~
REF*1L*0869718-010-00104- A~
REF*CE*Aetna Choice  POS II NET 00578~
DTM*232*20220107~
DTM*233*20220107~
DTM*050*20220117~
PER*CX**TE*8886323862~
AMT*AU*337~
SVC*HC>99284*337*18.24**1~
DTM*472*20220107~
CAS*CO*45*114.2~
CAS*PR*1*200**2*4.56~
REF*6R*PVHE0093879983-1~
AMT*B6*222.8~
LX*4~
TS3*1205480431*23*20221231*2*290~
CLP*HPV1922469101*1*212*21.22*109.86*13*ETJMVP8D90000*23*1~
NM1*QC*1*CAGE*LIBBY~
NM1*IL*1*CAGE*JOHN****MI*W207636886~
NM1*82*1*HOLSTEIN*JODIE*L***XX*1316054919~
REF*1L*0869718-010-00104- A~
REF*CE*Aetna Choice  POS II NET 00578~
DTM*232*20211231~
DTM*233*20211231~
DTM*050*20220114~
PER*CX**TE*8886323862~
AMT*AU*212~
SVC*HC>99283>25*212*21.22**1~
DTM*472*20211231~
CAS*CO*45*80.92~
CAS*PR*1*104.55**2*5.31~
REF*6R*PVHE0093840928-1~
AMT*B6*131.08~
CLP*HPV1922469102*1*78*14.76**13*ETTXVPZGV0000*23*1~
NM1*QC*1*CAGE*LIBBY~
NM1*IL*1*CAGE*JOHN****MI*W207636886~
NM1*82*1*HOLSTEIN*JODIE*L***XX*1316054919~
REF*1L*0869718-010-00104- A~
REF*CE*Aetna Choice  POS II NET 00578~
DTM*232*20211231~
DTM*233*20211231~
DTM*050*20220114~
PER*CX**TE*8886323862~
AMT*AU*78~
SVC*HC>93010*78*14.76**1~
DTM*472*20211231~
CAS*CO*45*63.24~
REF*6R*PVHE0093840929-1~
AMT*B6*14.76~
SE*137*0258~
ST*835*0259~
BPR*I*316.66*C*ACH*CCP*01*011900445*DA*0000009046*1066033492**01*052100987*DA*022613994*20220124~
TRN*1*822019000261000*1066033492~
REF*EV*XXXXXXXXXXXXXXXXXXXXXXXXXXXXXX~
DTM*405*20220119~
N1*PR*AETNA~
N3*151 FARMINGTON AVENUE~
N4*HARTFORD*CT*06156~
REF*2U*60054~
PER*BL*Provider Service~
N1*PE*POTOMAC VALLEY HOSPITAL*XX*1467090449~
N3*100 PIN OAK LN~
N4*KEYSER*WV*267265908~
REF*PQ*585332610~
REF*TJ*550420956~
LX*1~
TS3*1467974451*72*20221231*1*259~
CLP*HPV1886672000*1*259*0**13*PGACSVJW30000*72*1~
NM1*QC*1*HANLIN*BRITTANY****MI*W223349665~
NM1*82*1*SEE*RHEA*L***XX*1467090449~
REF*1L*0865456-057-00700- A~
REF*CE*Aetna Choice  POS II NET 00578~
DTM*232*20211124~
DTM*233*20211124~
DTM*050*20220113~
PER*CX**TE*8886323862~
AMT*AU*259~
SVC*HC>99214*259*0**0**1~
DTM*472*20211124~
CAS*OA*193*259*1~
REF*6R*PVHE0092961523-1~
AMT*B6*259~
LQ*HE*N1~
LX*2~
TS3*1013330729*72*20221231*3*824~
CLP*HPV1904225400*1*259*179.22*44.81*13*ESY1VL7930000*72*1~
NM1*QC*1*BAMBURG*MARIANNA*G~
NM1*IL*1*BAMBURG*CHARLES*G**JR*MI*W254869357~
NM1*82*1*DEL SIGNORE*MARIE*A***XX*1467090449~
REF*1L*0869718-010-00104- A~
REF*CE*Aetna Choice  POS II NET 00578~
DTM*232*20211213~
DTM*233*20211213~
DTM*050*20220112~
PER*CX**TE*8886323862~
AMT*AU*259~
SVC*HC>99214*259*179.22**1~
DTM*472*20211213~
CAS*CO*45*34.97~
CAS*PR*2*44.81~
REF*6R*PVHE0093776020-1~
AMT*B6*224.03~
CLP*HPV1916167600*1*259*137.44*20*13*E3JMVM2CS0000*72*1~
NM1*QC*1*DENNIS*JUSTINA*E***MI*W263491035~
NM1*82*1*DEL SIGNORE*MARIE*A***XX*1467090449~
REF*1L*0161250-010-00001- A~
REF*CE*Aetna Choice  POS II NET 00578~
DTM*232*20211223~
DTM*233*20211223~
DTM*050*20220117~
PER*CX**TE*8886323862~
AMT*AU*259~
SVC*HC>99213*259*137.44**1~
DTM*472*20211223~
CAS*CO*45*101.56~
CAS*PR*3*20~
REF*6R*PVHE0093931077-1~
AMT*B6*157.44~
CLP*HPV1864366500*1*306*0**13*PFPCWXMC30000*72*1~
NM1*QC*1*DENNIS*JUSTINA*E***MI*W263491035~
NM1*82*1*DEL SIGNORE*MARIE*A***XX*1467090449~
REF*1L*0161250-010-00001- A~
REF*CE*Aetna Choice  POS II NET 00578~
DTM*232*20211103~
DTM*233*20211103~
DTM*050*20220113~
PER*CX**TE*8886323862~
AMT*AU*306~
SVC*HC>99214>25*259*0**0**1~
DTM*472*20211103~
CAS*OA*193*259*1~
REF*6R*PVHE0092636311-3~
AMT*B6*259~
LQ*HE*N1~
SVC*HC>90686*26*0**0**1~
DTM*472*20211103~
CAS*OA*193*26*1~
REF*6R*PVHE0092636311-1~
AMT*B6*26~
LQ*HE*N1~
SVC*HC>90471*21*0**0**1~
DTM*472*20211103~
CAS*OA*193*21*1~
REF*6R*PVHE0092636311-2~
AMT*B6*21~
LQ*HE*N1~
SE*97*0259~
ST*835*0260~
BPR*I*8346.51*C*ACH*CCP*01*011900445*DA*0000009046*1066033492**01*052100987*DA*022613994*20220124~
TRN*1*822019000261009*1066033492~
REF*EV*XXXXXXXXXXXXXXXXXXXXXXXXXXXXXX~
DTM*405*20220119~
N1*PR*AETNA~
N3*151 FARMINGTON AVENUE~
N4*HARTFORD*CT*06156~
REF*2U*60054~
PER*BL*Provider Service~
N1*PE*POTOMAC VALLEY HOSPITAL*XX*1912979873~
N3*100 PIN OAK LN~
N4*KEYSER*WV*267265908~
REF*PQ*585332610~
REF*TJ*550420956~
LX*1~
TS3*1912979873*11*20221231*8*10083.26~
CLP*HPV1924857900*1*175*0*164.5*13*EBY1WZ66M0000*85*1~
NM1*QC*1*ALDRIDGE*MARK****MI*W189843643~
NM1*74*1**BRENDA~
NM1*82*2*POTOMAC VALLEY HOSPITAL OF WV, INC.*****XX*1912979873~
REF*1L*0810808-033-00101-HE~
REF*CE*Aetna HealthFund  Aetna Choice  POS II NET 00578~
DTM*232*20220104~
DTM*233*20220104~
DTM*050*20220112~
PER*CX**TE*8886323862~
AMT*AU*175~
SVC*HC>G0463*175*0*0510*1~
DTM*472*20220104~
CAS*CO*45*10.5~
CAS*PR*1*164.5~
REF*6R*PVHE0093802220-1~
AMT*B6*164.5~
CLP*HPV1932369100*1*3850.54*3478.27*100*13*EHY1W2C1Q0000*85*1~
NM1*QC*1*MULLAN*DOUGLAS****MI*W144881318~
NM1*82*2*POTOMAC VALLEY HOSPITAL OF WV, INC.*****XX*1912979873~
REF*1L*0699000-010-00353-IS~
REF*CE*Aetna Choice  POS II NET 00578~
DTM*232*20220110~
DTM*233*20220110~
DTM*050*20220118~
PER*CX**TE*8886323862~
AMT*AU*3850.54~
SVC*HC>Q9967*36.54*0*0254*100~
DTM*472*20220110~
CAS*CO*45*2.19~
CAS*PR*3*34.35~
REF*6R*PVHE0093962780-1~
AMT*B6*34.35~
SVC*NU>0258*120*47.15**1~
DTM*472*20220110~
CAS*CO*45*7.2~
CAS*PR*3*65.65~
REF*6R*PVHE0093962780-2~
AMT*B6*112.8~
SVC*HC>80053*305*274.5*0301*1~
DTM*472*20220110~
CAS*CO*45*30.5~
REF*6R*PVHE0093962780-3~
AMT*B6*274.5~
SVC*HC>83605*116*104.4*0301*1~
DTM*472*20220110~
CAS*CO*45*11.6~
REF*6R*PVHE0093962780-4~
AMT*B6*104.4~
SVC*HC>85025*41*36.9*0305*1~
DTM*472*20220110~
CAS*CO*45*4.1~
REF*6R*PVHE0093962780-5~
AMT*B6*36.9~
SVC*HC>81001*64*57.6*0307*1~
DTM*472*20220110~
CAS*CO*45*6.4~
REF*6R*PVHE0093962780-6~
AMT*B6*57.6~
SVC*HC>0241U*505*454.5*0310*1~
DTM*472*20220110~
CAS*CO*45*50.5~
REF*6R*PVHE0093962780-7~
AMT*B6*454.5~
SVC*HC>74177*2197*2065.18*0352*1~
DTM*472*20220110~
CAS*CO*45*131.82~
REF*6R*PVHE0093962780-8~
AMT*B6*2065.18~
SVC*HC>99284>25*466*438.04*0450*1~
DTM*472*20220110~
CAS*CO*45*27.96~
REF*6R*PVHE0093962780-9~
AMT*B6*438.04~
CLP*HPV1930796900*1*1827*1535.65*200*13*EJACW3V0S0000*85*1~
NM1*QC*1*LUCAS*STEVEN~
NM1*IL*1*LUCAS*DANA****MI*W223550292~
NM1*82*2*POTOMAC VALLEY HOSPITAL OF WV, INC.*****XX*1912979873~
REF*1L*0865456-057-00001- A~
REF*CE*Aetna Choice  POS II NET 09215~
DTM*232*20220109~
DTM*233*20220109~
DTM*050*20220118~
PER*CX**TE*8886323862~
AMT*AU*1827~
SVC*NU>0250*1*0**4~
DTM*472*20220109~
CAS*CO*45*.05~
CAS*PR*3*.95~
REF*6R*PVHE0093962784-1~
AMT*B6*.95~
SVC*HC>0241U*505*479.75*0310*1~
DTM*472*20220109~
CAS*CO*45*25.25~
REF*6R*PVHE0093962784-2~
AMT*B6*479.75~
SVC*HC>71045>TC*146*138.7*0324*1~
DTM*472*20220109~
CAS*CO*45*7.3~
REF*6R*PVHE0093962784-3~
AMT*B6*138.7~
SVC*HC>99283>25*305*289.75*0450*1~
DTM*472*20220109~
CAS*CO*45*15.25~
REF*6R*PVHE0093962784-4~
AMT*B6*289.75~
SVC*HC>M0243*870*627.45*0771*1~
DTM*472*20220109~
CAS*CO*45*43.5~
CAS*PR*3*199.05~
REF*6R*PVHE0093962784-5~
AMT*B6*826.5~
CLP*HPV1922469100*1*2154.35*1978.73**13*ESY1VNBYK0000*85*1~
NM1*QC*1*CAGE*LIBBY*A~
NM1*IL*1*CAGE*JOHN****MI*W207636886~
NM1*82*2*POTOMAC VALLEY HOSPITAL OF WV, INC.*****XX*1912979873~
REF*1L*0869718-010-00104- A~
REF*CE*Aetna Choice  POS II NET 00578~
DTM*232*20211231~
DTM*233*20211231~
DTM*050*20220113~
PER*CX**TE*8886323862~
AMT*AU*2154.35~
SVC*NU>0250*.91*.86**1~
DTM*472*20211231~
CAS*CO*45*.05~
REF*6R*PVHE0093841074-1~
AMT*B6*.86~
SVC*NU>0258*120*112.8**1~
DTM*472*20211231~
CAS*CO*45*7.2~
REF*6R*PVHE0093841074-2~
AMT*B6*112.8~
SVC*HC>80053*288*259.2*0301*1~
DTM*472*20211231~
CAS*CO*45*28.8~
REF*6R*PVHE0093841074-3~
AMT*B6*259.2~
SVC*HC>83605*109*98.1*0301*1~
DTM*472*20211231~
CAS*CO*45*10.9~
REF*6R*PVHE0093841074-4~
AMT*B6*98.1~
SVC*HC>83735*53*47.7*0301*1~
DTM*472*20211231~
CAS*CO*45*5.3~
REF*6R*PVHE0093841074-5~
AMT*B6*47.7~
SVC*HC>84484*183*164.7*0301*1~
DTM*472*20211231~
CAS*CO*45*18.3~
REF*6R*PVHE0093841074-6~
AMT*B6*164.7~
SVC*HC>85025*41*36.9*0305*1~
DTM*472*20211231~
CAS*CO*45*4.1~
REF*6R*PVHE0093841074-7~
AMT*B6*36.9~
SVC*HC>0241U*485*436.5*0310*1~
DTM*472*20211231~
CAS*CO*45*48.5~
REF*6R*PVHE0093841074-8~
AMT*B6*436.5~
SVC*HC>71045>TC*130*122.2*0324*1~
DTM*472*20211231~
CAS*CO*45*7.8~
REF*6R*PVHE0093841074-9~
AMT*B6*122.2~
SVC*HC>94640*113*106.22*0410*1~
DTM*472*20211231~
CAS*CO*45*6.78~
REF*6R*PVHE0093841074-10~
AMT*B6*106.22~
SVC*HC>96374*63*59.22*0450*1~
DTM*472*20211231~
CAS*CO*45*3.78~
REF*6R*PVHE0093841074-11~
AMT*B6*59.22~
SVC*HC>99284>25*416*391.04*0450*1~
DTM*472*20211231~
CAS*CO*45*24.96~
REF*6R*PVHE0093841074-12~
AMT*B6*391.04~
SVC*HC>J1100*6.44*6.05*0636*10~
DTM*472*20211231~
CAS*CO*45*.39~
REF*6R*PVHE0093841074-13~
AMT*B6*6.05~
SVC*HC>93005*146*137.24*0730*1~
DTM*472*20211231~
CAS*CO*45*8.76~
REF*6R*PVHE0093841074-14~
AMT*B6*137.24~
CLP*HPV1922660700*1*1771.37*1620.7*62.1*13*ETACVPVV60000*85*1~
NM1*QC*1*LUCAS*STEVEN~
NM1*IL*1*LUCAS*DANA****MI*W223550292~
NM1*82*2*POTOMAC VALLEY HOSPITAL OF WV, INC.*****XX*1912979873~
REF*1L*0865456-057-00001- A~
REF*CE*Aetna Choice  POS II NET 09215~
DTM*232*20220101~
DTM*233*20220101~
DTM*050*20220113~
PER*CX**TE*8886323862~
AMT*AU*1771.37~
SVC*NU>0250*2.37*0**1~
DTM*472*20220101~
CAS*CO*45*.12~
CAS*PR*3*2.25~
REF*6R*PVHE0093841224-1~
AMT*B6*2.25~
SVC*HC>80053*305*289.75*0301*1~
DTM*472*20220101~
CAS*CO*45*15.25~
REF*6R*PVHE0093841224-2~
AMT*B6*289.75~
SVC*HC>85025*41*38.95*0305*1~
DTM*472*20220101~
CAS*CO*45*2.05~
REF*6R*PVHE0093841224-3~
AMT*B6*38.95~
SVC*HC>85379*63*0*0305*1~
DTM*472*20220101~
CAS*CO*45*3.15~
CAS*PR*3*59.85~
REF*6R*PVHE0093841224-4~
AMT*B6*59.85~
SVC*HC>0241U*514*488.3*0310*1~
DTM*472*20220101~
CAS*CO*45*25.7~
REF*6R*PVHE0093841224-5~
AMT*B6*488.3~
SVC*HC>71045>TC*146*138.7*0324*1~
DTM*472*20220101~
CAS*CO*45*7.3~
REF*6R*PVHE0093841224-6~
AMT*B6*138.7~
SVC*HC>99285>25*700*665*0450*1~
DTM*472*20220101~
CAS*CO*45*35~
REF*6R*PVHE0093841224-7~
AMT*B6*665~
CLP*HPV1929921200*1*305*286.7**13*EXJMVK9G50000*85*1~
NM1*QC*1*CAGE*JOHN****MI*W207636886~
NM1*82*2*POTOMAC VALLEY HOSPITAL OF WV, INC.*****XX*1912979873~
REF*1L*0869718-010-00104- A~
REF*CE*Aetna Choice  POS II NET 00578~
DTM*232*20220107~
DTM*233*20220107~
DTM*050*20220114~
PER*CX**TE*8886323862~
AMT*AU*305~
SVC*HC>99283*305*286.7*0450*1~
DTM*472*20220107~
CAS*CO*45*18.3~
REF*6R*PVHE0093880167-1~
AMT*B6*286.7~
CLP*HPV1705056500*22*-1268*-553.54**13*PK36SPLH70000*85*1~
NM1*QC*1*REEL*DAVID****MI*W260509657~
NM1*74*1******C*W266002754~
NM1*82*2*POTOMAC VALLEY HOSPITAL OF WV, INC.*****XX*1912979873~
REF*1L*0119165-010-00001- A~
REF*CE*Aetna Choice  POS II NET 00578~
DTM*232*20210601~
DTM*233*20210601~
DTM*050*20210604~
PER*CX**TE*8886323862~
SVC*HC>72148*-1268*-553.54*0612*1~
DTM*472*20210601~
CAS*CO*45*-76.08~
CAS*PR*1*-500**2*-138.38~
REF*6R*PVHE0088597363-1~
CLP*HPV1705056500*1*1268*0**13*PK36SPLH70001*85*1~
NM1*QC*1*REEL*DAVID****MI*W260509657~
NM1*74*1******C*W266002754~
NM1*82*2*POTOMAC VALLEY HOSPITAL OF WV, INC.*****XX*1912979873~
REF*1L*0119165-010-00001- A~
REF*CE*Aetna Choice  POS II NET 00578~
REF*F8*PK36SPLH70000~
DTM*232*20210601~
DTM*233*20210601~
DTM*050*20210604~
PER*CX**TE*8886323862~
AMT*AU*1268~
SVC*HC>72148*1268*0*0612*0**1~
DTM*472*20210601~
CAS*PI*197*1268*1~
REF*6R*PVHE0088597363-1~
AMT*B6*1268~
PLB*1912979873*20221231*WO>PK36SPLH70000-HPV1705056500-2021-06-01*553.54*CS>PK36SPLH70000-HPV1705056500-2021-06-01*-553.54~
SE*307*0260~
GE*3*1~
IEA*1*100358959~
