ISA*00*          *00*          *ZZ*133052274      *ZZ*XXXXXXXXXXXXXXX*220119*0250*^*00501*100358959*0*P*>~
GS*HP*133052274*XX*20220119*0250*1*X*005010X221A1~
ST*835*1467~
BPR*I*89.28*C*ACH*CCP*01*031100209*DA*0038865237*1066033492**01*061103975*DA*1216912*20220121~
TRN*1*160118220249535*1066033492~
REF*EV*XXXXXXXXXXXXXXXXXXXXXXXXXXXXXX~
DTM*405*20220119~
N1*PR*AETNA~
N3*151 FARMINGTON AVENUE~
N4*HARTFORD*CT*06156~
REF*2U*60054~
PER*BL*Provider Service~
N1*PE*HOSPITAL AUTHORITY OF JEFFERSON*XX*1215943915~
N3*1067 PEACHTREE ST~
N4*LOUISVILLE*GA*304341558~
REF*PQ*674262830~
REF*TJ*581309961~
LX*1~
TS3*1942230107*11*20221231*1*242~
CLP*JLC12827A40*1*242*89.28*20*13*220114E493760000*11*1~
NM1*QC*1*BENNETT*WILLIE MAE****MI*MEBNT8GQ~
NM1*74*1**WILLIE~
NM1*82*2*HOSPITAL AUTHORITY OF JEFFERSON*****XX*1942230107~
REF*1L*441298-040~
REF*CE*MEDICARE (S02) ESA PPO PLAN NET 07432~
DTM*232*20211216~
DTM*233*20211216~
DTM*050*20220114~
PER*CX**TE*8006240756~
AMT*AU*242~
SVC*HC>99214*242*89.28**1~
DTM*472*20211216~
CAS*CO*45*132.72~
CAS*PR*3*20~
REF*6R*1211390~
AMT*B6*109.28~
LQ*HE*N59~
SE*36*1467~
ST*835*1468~
BPR*I*136.14*C*ACH*CCP*01*031100209*DA*0038865237*1066033492**01*061103975*DA*1216912*20220121~
TRN*1*160118220243165*1066033492~
REF*EV*XXXXXXXXXXXXXXXXXXXXXXXXXXXXXX~
DTM*405*20220119~
N1*PR*AETNA~
N3*151 FARMINGTON AVENUE~
N4*HARTFORD*CT*06156~
REF*2U*60054~
PER*BL*Provider Service~
N1*PE*JEFFERSON HOSPITAL*XX*1215943915~
N3*PO BOX 528~
N4*LOUISVILLE*GA*304340528~
REF*PQ*674262830~
REF*TJ*581309961~
LX*1~
TS3*1215943915*71*20221231*1*184~
CLP*JLC4131A8*1*184*136.14**13*220113E421310000*71*1~
NM1*QC*1*JENKINS*CLARICE****MI*MEBN5NCG~
NM1*82*2*JEFFERSON HOSPITAL*****XX*1215943915~
REF*1L*354646-163~
REF*CE*ESSENTIAL PPO~
DTM*232*20211221~
DTM*233*20211221~
DTM*050*20220113~
PER*CX**TE*8006240756~
AMT*AU*184~
SVC*HC>99307>CG*184*136.14*0525*1~
DTM*472*20211221~
CAS*CO*45*47.86~
REF*6R*00000000001~
AMT*B6*136.14~
LQ*HE*N6~
SE*34*1468~
GE*2*1~
IEA*1*100358959~
