ISA*00*          *00*          *ZZ*133052274      *ZZ*XXXXXXXXXXXXXXX*220119*0250*^*00501*100358959*0*P*>~
GS*HP*133052274*XX*20220119*0250*1*X*005010X221A1~
ST*835*0856~
BPR*I*244.2*C*ACH*CCP*01*011900445*DA*0000009046*1066033492**01*041200050*DA*7340827232*20220124~
TRN*1*822019000348949*1066033492~
REF*EV*XXXXXXXXXXXXXXXXXXXXXXXXXXXXXX~
DTM*405*20220119~
N1*PR*AETNA~
N3*151 FARMINGTON AVENUE~
N4*HARTFORD*CT*06156~
REF*2U*60054~
PER*BL*Provider Service~
N1*PE*COMMUNITY MEMORIAL HOSPITAL*XX*1730145392~
N3*PO BOX 631806~
N4*CINCINNATI*OH*452631806~
REF*PQ*892268140~
REF*TJ*346401873~
LX*1~
TS3*1730145392*22*20221231*1*9112.87~
CLP*HAA00501343*2*9112.87*243.36**13*EKJMWJWNY0000*13*7~
CAS*OA*23*3975.66~
CAS*PR*2*-91.14~
NM1*QC*1*ADEN*KYLIE*P~
NM1*IL*1*ADEN*JAMES****MI*W26512606103~
NM1*74*1******C*W265126061~
NM1*82*2*COMMUNITY MEMORIAL HOSPITAL*****XX*1730145392~
REF*1L*0737409-014-00001-AB~
REF*CE*Aetna Choice  POS II NET 00414~
DTM*232*20210827~
DTM*233*20210827~
DTM*050*20211216~
PER*CX**TE*8886323862~
AMT*I*.84~
AMT*AU*5813.94~
SVC*HC>59160*4744.69*3662.76*0360*1~
DTM*472*20210827~
CAS*CO*45*616.81~
CAS*PI*B13*465.12~
REF*6R*MGXP0002340365-11~
AMT*B6*4127.88~
SVC*HC>00940*1069.25*465.12*0370*5~
DTM*472*20210827~
CAS*CO*45*139~
CAS*PI*B13*465.13~
REF*6R*MGXP0002340365-12~
AMT*B6*930.25~
SVC*NU>0250*27.02*0**0**1~
DTM*472*20210827~
CAS*OA*18*27.02*1~
REF*6R*MGXP0002340365-6~
SVC*NU>0250*27.02*0**0**1~
DTM*472*20210827~
CAS*OA*18*27.02*1~
REF*6R*MGXP0002340365-5~
SVC*NU>0250*27.02*0**0**1~
DTM*472*20210827~
CAS*OA*18*27.02*1~
REF*6R*MGXP0002340365-4~
SVC*NU>0250*27.02*0**0**1~
DTM*472*20210827~
CAS*OA*18*27.02*1~
REF*6R*MGXP0002340365-3~
SVC*NU>0250*156.86*0**0**1~
DTM*472*20210827~
CAS*OA*18*156.86*1~
REF*6R*MGXP0002340365-2~
SVC*NU>0251*45.12*0**0**1~
DTM*472*20210827~
CAS*OA*18*45.12*1~
REF*6R*MGXP0002340365-7~
SVC*NU>0258*119.75*0**0**1~
DTM*472*20210827~
CAS*OA*18*119.75*1~
REF*6R*MGXP0002340365-8~
SVC*NU>0271*29.97*0**0**3~
DTM*472*20210827~
CAS*OA*18*29.97*3~
REF*6R*MGXP0002340365-9~
SVC*NU>0272*386.07*0**0**10~
DTM*472*20210827~
CAS*OA*18*386.07*10~
REF*6R*MGXP0002340365-10~
SVC*HC>J2405*27.02*0*0636*0**1~
DTM*472*20210827~
CAS*OA*18*27.02*1~
REF*6R*MGXP0002340365-15~
SVC*HC>J2405*27.02*0*0636*0**1~
DTM*472*20210827~
CAS*OA*18*27.02*1~
REF*6R*MGXP0002340365-14~
SVC*HC>J1100*27.02*0*0636*0**1~
DTM*472*20210827~
CAS*OA*18*27.02*1~
REF*6R*MGXP0002340365-13~
SVC*HC>J3010*27.02*0*0636*0**1~
DTM*472*20210827~
CAS*OA*18*27.02*1~
REF*6R*MGXP0002340365-1~
SVC*NU>0710*2345*0**0**5~
DTM*472*20210827~
CAS*OA*18*2345*5~
REF*6R*MGXP0002340365-16~
PLB*1730145392*20221231*L6*-.84~
SE*102*0856~
ST*835*1299~
BPR*I*1190.59*C*ACH*CCP*01*031100209*DA*0038865237*1066033492**01*041200050*DA*7340827232*20220121~
TRN*1*160118220238367*1066033492~
REF*EV*XXXXXXXXXXXXXXXXXXXXXXXXXXXXXX~
DTM*405*20220119~
N1*PR*AETNA~
N3*151 FARMINGTON AVENUE~
N4*HARTFORD*CT*06156~
REF*2U*60054~
PER*BL*Provider Service~
N1*PE*COMMUNITY MEMORIAL HOSPITAL*XX*1730145392~
N3*P.O. BOX 631806~
N4*CINCINNATI*OH*45263~
REF*PQ*892268140~
REF*TJ*346401873~
LX*1~
TS3*1730145392*85*20221231*1*3224.64~
CLP*HAA00900940*1*3224.64*1190.59*325*13*220114E083950000*85*1~
NM1*QC*1*DIETSCH*JOYCE*A***MI*MEBTD6FS~
NM1*82*2*COMMUNITY MEMORIAL HOSPITAL*****XX*1730145392~
REF*1L*467098-029~
REF*CE*VALUE PPO NET 03418~
DTM*232*20211112~
DTM*233*20211112~
DTM*050*20220114~
PER*CX**TE*8006240756~
AMT*AU*3224.64~
SVC*NU>0250*27.02*12.7**1~
DTM*472*20211112~
CAS*CO*45*14.32~
REF*6R*MGXP0002363317-1~
AMT*B6*12.7~
LQ*HE*N59~
SVC*NU>0271*113.63*53.41**2~
DTM*472*20211112~
CAS*CO*45*60.22~
REF*6R*MGXP0002363317-2~
AMT*B6*53.41~
LQ*HE*N59~
SVC*NU>0272*226.27*106.35**7~
DTM*472*20211112~
CAS*CO*45*119.92~
REF*6R*MGXP0002363317-3~
AMT*B6*106.35~
LQ*HE*N59~
SVC*NU>0278*1216*571.52**1~
DTM*472*20211112~
CAS*CO*45*644.48~
REF*6R*MGXP0002363317-4~
AMT*B6*571.52~
LQ*HE*N59~
SVC*HC>26433*1361.72*315.01*0360*1~
DTM*472*20211112~
CAS*CO*45*721.71~
CAS*PR*3*325~
REF*6R*MGXP0002363317-5~
AMT*B6*640.01~
LQ*HE*N59~
SVC*NU>0710*280*131.6**1~
DTM*472*20211112~
CAS*CO*45*148.4~
REF*6R*MGXP0002363317-6~
AMT*B6*131.6~
LQ*HE*N59~
SE*65*1299~
ST*835*1300~
BPR*I*40.47*C*ACH*CCP*01*031100209*DA*0038865237*1066033492**01*041200050*DA*7340827232*20220121~
TRN*1*160118220249232*1066033492~
REF*EV*XXXXXXXXXXXXXXXXXXXXXXXXXXXXXX~
DTM*405*20220119~
N1*PR*AETNA~
N3*151 FARMINGTON AVENUE~
N4*HARTFORD*CT*06156~
REF*2U*60054~
PER*BL*Provider Service~
N1*PE*COMMUNITY MEMORIAL HOSPITAL*XX*1730145392~
N3*PO BOX 631806~
N4*CINCINNATI*OH*452631806~
REF*PQ*892268140~
REF*TJ*346401873~
LX*1~
TS3*1235233867*11*20221231*1*162~
CLP*PSAA1187553*1*162*105.65*20*13*220114E062190000*11*1~
NM1*QC*1*HAVERS*RUBY*C***MI*MEBHF7TN~
NM1*82*2*COMMUNITY MEMORIAL HOSPITAL*****XX*1235233867~
REF*1L*467428-066~
REF*CE*MEDICARE OPEN ACCESS PPO PLAN NET 04149~
DTM*232*20211230~
DTM*233*20211230~
DTM*050*20220114~
PER*CX**TE*8006240756~
AMT*AU*162~
SVC*HC>99214*147*102.65**1~
DTM*472*20211230~
CAS*CO*45*24.35~
CAS*PR*3*20~
REF*6R*MGXP0002363019-2~
AMT*B6*122.65~
LQ*HE*N59~
SVC*HC>36415>25*15*3**1~
DTM*472*20211230~
CAS*CO*45*12~
REF*6R*MGXP0002363019-1~
AMT*B6*3~
LQ*HE*N59~
LX*2~
TS3*1508864380*11*20221231*2*161~
CLP*PSAA0597450*22*-412*-224.17**13*211029E250320003~
NM1*QC*1*LENGACHER*MARTHA****MI*MEBMLDHN~
NM1*82*2*COMMUNITY MEMORIAL HOSPITAL*****XX*1508864380~
REF*1L*467486-042~
REF*CE*MEDICARE (S02) PPO PLAN NET 00061~
DTM*232*20210916~
DTM*233*20210916~
DTM*050*20211029~
PER*CX**TE*8006240756~
SVC*HC>99214>25*-147*-126.5**1~
DTM*472*20210916~
CAS*CO*45*-20.5~
LQ*HE*N59~
LQ*HE*N694~
SVC*HC>36415*-15*-3**1~
DTM*472*20210916~
CAS*CO*45*-12~
LQ*HE*N59~
LQ*HE*N694~
SVC*HC>20610>LT*-125*-63.11**1~
DTM*472*20210916~
CAS*CO*45*-61.89~
LQ*HE*N59~
LQ*HE*N694~
SVC*HC>20610>59>RT*-125*-31.56**1~
DTM*472*20210916~
CAS*CO*45*-93.44~
LQ*HE*N59~
LQ*HE*N694~
CLP*PSAA0639366*1*573*158.99**13*220112E180820000*11*7~
NM1*QC*1*LENGACHER*MARTHA****MI*MEBMLDHN~
NM1*82*2*COMMUNITY MEMORIAL HOSPITAL*****XX*1508864380~
REF*1L*467486-042~
REF*CE*MEDICARE (S02) PPO PLAN NET 03418~
DTM*232*20210916~
DTM*233*20210916~
DTM*050*20220112~
PER*CX**TE*8006240756~
AMT*AU*411~
SVC*HC>99214>25*147*0**0**1~
DTM*472*20210916~
CAS*OA*18*147*1~
REF*6R*MGXP0002357659-7~
LQ*HE*MA67~
LQ*HE*N522~
SVC*HC>96372>59*26*13.64**1~
DTM*472*20210916~
CAS*CO*45*12.36~
REF*6R*MGXP0002357659-3~
AMT*B6*13.64~
LQ*HE*N59~
SVC*HC>90662*61*61**1~
DTM*472*20210916~
REF*6R*MGXP0002357659-4~
AMT*B6*61~
SVC*HC>36415*15*0**0**1~
DTM*472*20210916~
CAS*OA*18*15*1~
REF*6R*MGXP0002357659-6~
LQ*HE*MA67~
LQ*HE*N522~
SVC*HC>20610>LT*125*15.78**1~
DTM*472*20210916~
CAS*CO*45*109.22~
REF*6R*MGXP0002357659-2~
AMT*B6*15.78~
LQ*HE*N59~
SVC*HC>20610>RT*125*31.56**1~
DTM*472*20210916~
CAS*CO*45*93.44~
REF*6R*MGXP0002357659-1~
AMT*B6*31.56~
LQ*HE*N59~
SVC*HC>J1040>59*50*20.82**2~
DTM*472*20210916~
CAS*CO*45*29.18~
REF*6R*MGXP0002357659-5~
AMT*B6*20.82~
LQ*HE*N59~
SVC*HC>G0008*24*16.19**1~
DTM*472*20210916~
CAS*CO*45*7.81~
REF*6R*MGXP0002357659-8~
AMT*B6*16.19~
LQ*HE*N59~
SE*128*1300~
ST*835*1301~
BPR*H*0*C*NON************20220117~
TRN*1*FC9220190004937*1066033492~
REF*EV*XXXXXXXXXXXXXXXXXXXXXXXXXXXXXX~
DTM*405*20220119~
N1*PR*AETNA~
N3*151 FARMINGTON AVENUE~
N4*HARTFORD*CT*06156~
REF*2U*60054~
PER*BL*Provider Service~
N1*PE*COMMUNITY MEMORIAL HOSPITAL*XX*1730145392~
N3*PO BOX 631806~
N4*CINCINNATI*OH*452631806~
REF*PQ*892268140~
REF*TJ*346401873~
LX*1~
TS3*1508864380*11*20221231*1*232~
CLP*PSAA0597790*1*232*0**13*220112E139370001*11*7~
NM1*QC*1*WARNER*CHRISTINE*N***MI*MEB56T7M~
NM1*74*1******C*MEBS6T7M~
NM1*82*2*COMMUNITY MEMORIAL HOSPITAL*****XX*1508864380~
REF*1L*467098-029~
REF*CE*VALUE PPO NET 03418~
DTM*232*20210913~
DTM*233*20210913~
DTM*050*20220112~
PER*CX**TE*8006240756~
SVC*HC>99214>25*147*0**0**1~
DTM*472*20210913~
CAS*CO*29*147*1~
REF*6R*MGXP0002357737-2~
LQ*HE*MA67~
SVC*HC>90662*61*0**0**1~
DTM*472*20210913~
CAS*CO*29*61*1~
REF*6R*MGXP0002357737-1~
LQ*HE*MA67~
SVC*HC>G0008*24*0**0**1~
DTM*472*20210913~
CAS*CO*29*24*1~
REF*6R*MGXP0002357737-3~
LQ*HE*MA67~
SE*43*1301~
ST*835*1892~
BPR*I*1129.82*C*ACH*CCP*01*031100209*DA*0038865237*1066033492**01*041200050*DA*7340827232*20220121~
TRN*1*160118220263226*1066033492~
REF*EV*XXXXXXXXXXXXXXXXXXXXXXXXXXXXXX~
DTM*405*20220119~
N1*PR*AETNA~
N3*151 FARMINGTON AVENUE~
N4*HARTFORD*CT*06156~
REF*2U*60054~
PER*BL*Provider Service~
N1*PE*COMMUNITY MEMORIAL HOSPITAL*XX*1730145392~
N3*P.O. BOX 631806~
N4*CINCINNATI*OH*45263~
REF*PQ*892268140~
REF*TJ*346401873~
LX*1~
TS3*1730145392*85*20221231*4*4005.52~
CLP*HAA01101275*1*261.12*122.73**13*220106E415020000*85*1~
NM1*QC*1*BURK*ADA*V***MI*MEBNY9TP~
NM1*82*2*COMMUNITY MEMORIAL HOSPITAL*****XX*1730145392~
REF*1L*467486-042~
REF*CE*MEDICARE (S02) PPO PLAN NET 03418~
DTM*232*20211229~
DTM*233*20211229~
DTM*050*20220106~
PER*CX**TE*8006240756~
AMT*AU*261.12~
SVC*HC>73630*261.12*122.73*0320*1~
DTM*472*20211229~
CAS*CO*45*138.39~
REF*6R*MGXP0002357204-1~
AMT*B6*122.73~
LQ*HE*N59~
CLP*HAA01120296*1*1809.82*315.65*35.07*13*220115E031750000*85*1~
NM1*QC*1*CARYER*JANIS*E***MI*MEBNZKBJ~
NM1*82*2*COMMUNITY MEMORIAL HOSPITAL*****XX*1730145392~
REF*1L*441297-007~
REF*CE*MEDICARE (S02) PPO PLAN NET 03418~
DTM*232*20211230~
DTM*233*20211230~
DTM*050*20220115~
PER*CX**TE*8006240756~
AMT*AU*746.21~
SVC*HC>93970*1063.61*0*0921*0**1~
DTM*472*20211230~
CAS*CO*96*1063.61*1~
REF*6R*MGXP0002357085-3~
LQ*HE*N115~
SVC*HC>74230*451.33*190.92*0320*1~
DTM*472*20211230~
CAS*CO*45*239.2~
CAS*PR*2*21.21~
REF*6R*MGXP0002357085-1~
AMT*B6*212.13~
LQ*HE*N59~
SVC*HC>92611>GN*294.88*124.73*0444*1~
DTM*472*20211230~
CAS*CO*45*156.29~
CAS*PR*2*13.86~
REF*6R*MGXP0002357085-2~
AMT*B6*138.59~
LQ*HE*N59~
CLP*HAA01177624*1*1794.58*625.64*90*13*220115E031760000*85*1~
NM1*QC*1*KOCH*DEBRA*D***MI*MEBVRZ8T~
NM1*82*2*COMMUNITY MEMORIAL HOSPITAL*****XX*1730145392~
REF*1L*467098-029~
REF*CE*VALUE PPO NET 03418~
DTM*232*20211230~
DTM*233*20211230~
DTM*050*20220115~
PER*CX**TE*8006240756~
AMT*AU*1522.63~
SVC*HC>36415*27.32*0*0300*0**1~
DTM*472*20211230~
CAS*CO*97*27.32*1~
REF*6R*MGXP0002362170-1~
LQ*HE*N19~
SVC*HC>80053*158.82*0*0301*1~
DTM*472*20211230~
CAS*CO*45*84.17~
CAS*PR*3*74.65~
REF*6R*MGXP0002362170-2~
AMT*B6*74.65~
SVC*HC>80074*192.46*0*0301*0**1~
DTM*472*20211230~
CAS*CO*96*192.46*1~
REF*6R*MGXP0002362170-3~
LQ*HE*N115~
SVC*HC>82140*77.66*21.15*0301*1~
DTM*472*20211230~
CAS*CO*45*41.16~
CAS*PR*3*15.35~
REF*6R*MGXP0002362170-4~
AMT*B6*36.5~
LQ*HE*N59~
SVC*HC>83690*85.54*40.2*0301*1~
DTM*472*20211230~
CAS*CO*45*45.34~
REF*6R*MGXP0002362170-5~
AMT*B6*40.2~
LQ*HE*N59~
SVC*HC>85025*78.79*37.03*0305*1~
DTM*472*20211230~
CAS*CO*45*41.76~
REF*6R*MGXP0002362170-6~
AMT*B6*37.03~
LQ*HE*N59~
SVC*HC>85610*52.17*0*0305*0**1~
DTM*472*20211230~
CAS*CO*96*52.17*1~
REF*6R*MGXP0002362170-7~
LQ*HE*N115~
SVC*HC>85730*90.04*42.32*0305*1~
DTM*472*20211230~
CAS*CO*45*47.72~
REF*6R*MGXP0002362170-8~
AMT*B6*42.32~
LQ*HE*N59~
SVC*HC>81001*52.17*24.52*0307*1~
DTM*472*20211230~
CAS*CO*45*27.65~
REF*6R*MGXP0002362170-9~
AMT*B6*24.52~
LQ*HE*N59~
SVC*HC>99283>25*525.61*247.04*0450*1~
DTM*472*20211230~
CAS*CO*45*278.57~
REF*6R*MGXP0002362170-10~
AMT*B6*247.04~
LQ*HE*N59~
SVC*HC>99284>25*454*213.38*0981*1~
DTM*472*20211230~
CAS*CO*45*240.62~
REF*6R*MGXP0002362170-11~
AMT*B6*213.38~
LQ*HE*N59~
CLP*HAA00643965*1*140*65.8**13*220117E289600000*85*1~
NM1*QC*1*SILER*JAMES*F***MI*MEBD531W~
NM1*82*2*COMMUNITY MEMORIAL HOSPITAL*****XX*1730145392~
REF*1L*455716-060~
REF*CE*STRS PPO PLAN NET 03418~
DTM*232*20211022~
DTM*233*20211022~
DTM*050*20220117~
PER*CX**TE*8006240756~
AMT*AU*140~
SVC*HC>U0003*140*65.8*0301*1~
DTM*472*20211022~
CAS*CO*45*74.2~
REF*6R*MGXP0002364578-1~
AMT*B6*65.8~
LQ*HE*N59~
SE*153*1892~
ST*835*1893~
BPR*I*140.98*C*ACH*CCP*01*031100209*DA*0038865237*1066033492**01*041200050*DA*7340827232*20220121~
TRN*1*160118220268961*1066033492~
REF*EV*XXXXXXXXXXXXXXXXXXXXXXXXXXXXXX~
DTM*405*20220119~
N1*PR*AETNA~
N3*151 FARMINGTON AVENUE~
N4*HARTFORD*CT*06156~
REF*2U*60054~
PER*BL*Provider Service~
N1*PE*COMMUNITY MEMORIAL HOSPITAL*XX*1730145392~
N3*PO BOX 631806~
N4*CINCINNATI*OH*452631806~
REF*PQ*892268140~
REF*TJ*346401873~
LX*1~
TS3*1235233867*11*20221231*1*147~
CLP*PSAA1196004*1*147*122.65**13*220115E109860000*11*1~
NM1*QC*1*BRYSON*SUSAN*I***MI*MEBMDHQS~
NM1*82*2*COMMUNITY MEMORIAL HOSPITAL*****XX*1235233867~
REF*1L*467248-035~
REF*CE*VALUE PPO NET 04149~
DTM*232*20211213~
DTM*233*20211213~
DTM*050*20220115~
PER*CX**TE*8006240756~
AMT*AU*147~
SVC*HC>99214*147*122.65**1~
DTM*472*20211213~
CAS*CO*45*24.35~
REF*6R*MGXP0002363844-1~
AMT*B6*122.65~
LQ*HE*N59~
LX*2~
TS3*1598165888*11*20221231*2*64~
CLP*PSAA1200510*1*38*10.97*2.74*13*220115E034730000*11*1~
NM1*QC*1*HAVER*SUZANNE*C***MI*MEBPNL1M~
NM1*82*2*COMMUNITY MEMORIAL HOSPITAL*****XX*1598165888~
REF*1L*467114-157~
REF*CE*GROUP MEDICARE STANDARD PLAN NET 03418~
DTM*232*20211227~
DTM*233*20211227~
DTM*050*20220115~
PER*CX**TE*8006240756~
AMT*AU*38~
SVC*HC>96372*26*9.27**1~
DTM*472*20211227~
CAS*CO*45*14.41~
CAS*PR*2*2.32~
REF*6R*MGXP0002363882-1~
AMT*B6*11.59~
LQ*HE*N59~
SVC*HC>J3420*12*1.7**1~
DTM*472*20211227~
CAS*CO*45*9.88~
CAS*PR*2*.42~
REF*6R*MGXP0002363882-2~
AMT*B6*2.12~
LQ*HE*N59~
CLP*PSAA1200505*1*26*7.36**13*220115E085180000*11*1~
NM1*QC*1*BELL*RITA*M***MI*MEBVTXYN~
NM1*82*2*COMMUNITY MEMORIAL HOSPITAL*****XX*1598165888~
REF*1L*466235-004~
REF*CE*SERS PPO PLAN NET 03418~
DTM*232*20211227~
DTM*233*20211227~
DTM*050*20220115~
PER*CX**TE*8006240756~
AMT*AU*26~
SVC*HC>95115*26*7.36**1~
DTM*472*20211227~
CAS*CO*45*18.64~
REF*6R*MGXP0002363818-1~
AMT*B6*7.36~
LQ*HE*N59~
SE*76*1893~
GE*6*1~
IEA*1*100358959~
