ISA*00*          *00*          *ZZ*133052274      *ZZ*XXXXXXXXXXXXXXX*220119*0250*^*00501*100358959*0*P*>~
GS*HP*133052274*XX*20220119*0250*1*X*005010X221A1~
ST*835*0408~
BPR*I*26514.79*C*ACH*CCP*01*011900445*DA*0000009046*1066033492**01*061000104*DA*6006118019*20220124~
TRN*1*822019000271577*1066033492~
REF*EV*XXXXXXXXXXXXXXXXXXXXXXXXXXXXXX~
DTM*405*20220119~
N1*PR*AETNA~
N3*151 FARMINGTON AVENUE~
N4*HARTFORD*CT*06156~
REF*2U*60054~
PER*BL*Provider Service~
N1*PE*PHOEBE PUTNEY MEMORIAL HOSPITAL*XX*1992789721~
N3*PO BOX 3770~
N4*ALBANY*GA*317063770~
REF*PQ*713276300~
REF*TJ*581928247~
LX*1~
TS3*1992789721*11*20221231*3*35127~
CLP*PHA00037470405*1*35127*25881.6*2775*13*ECACWQV270000*11*1~
NM1*QC*1*LAWRENZ*HEATHER*P~
NM1*IL*1*LAWRENZ*RONALD****MI*W214690563~
NM1*82*2*PHOEBE PUTNEY MEMORIAL HOSPITAL*****XX*1992789721~
REF*1L*0847033-013-00003-EB~
REF*CE*Aetna HealthFund  Aetna Choice  POS II NET 03903~
DTM*232*20211215~
DTM*233*20211220~
DTM*050*20211227~
PER*CX**TE*8886323862~
AMT*AU*35127~
SVC*NU>0111*7750*3980**5~
DTM*150*20211215~
DTM*151*20211219~
CAS*CO*45*3770~
REF*6R*PHOE0004258519-1~
AMT*B6*3980~
SVC*NU>0111*0*0**0*NU>0111~
DTM*150*20211215~
DTM*151*20211219~
CAS*OA*94*-2775*-5~
CAS*PR*78*2775*5~
REF*6R*PHOE0004258519-1~
AMT*B6*2775~
SVC*NU>0250*903*722.4**33~
DTM*150*20211215~
DTM*151*20211220~
CAS*CO*45*180.6~
REF*6R*PHOE0004258519-2~
AMT*B6*722.4~
SVC*NU>0300*62*49.6**2~
DTM*150*20211215~
DTM*151*20211220~
CAS*CO*45*12.4~
REF*6R*PHOE0004258519-3~
AMT*B6*49.6~
SVC*NU>0301*993*794.4**5~
DTM*150*20211215~
DTM*151*20211220~
CAS*CO*45*198.6~
REF*6R*PHOE0004258519-4~
AMT*B6*794.4~
SVC*NU>0305*294*235.2**2~
DTM*150*20211215~
DTM*151*20211220~
CAS*CO*45*58.8~
REF*6R*PHOE0004258519-5~
AMT*B6*235.2~
SVC*NU>0306*206*164.8**1~
DTM*150*20211215~
DTM*151*20211220~
CAS*CO*45*41.2~
REF*6R*PHOE0004258519-6~
AMT*B6*164.8~
SVC*NU>0307*139*111.2**1~
DTM*150*20211215~
DTM*151*20211220~
CAS*CO*45*27.8~
REF*6R*PHOE0004258519-7~
AMT*B6*111.2~
SVC*NU>0320*403*322.4**1~
DTM*150*20211215~
DTM*151*20211220~
CAS*CO*45*80.6~
REF*6R*PHOE0004258519-8~
AMT*B6*322.4~
SVC*NU>0324*325*260**1~
DTM*150*20211215~
DTM*151*20211220~
CAS*CO*45*65~
REF*6R*PHOE0004258519-9~
AMT*B6*260~
SVC*NU>0351*4544*3635.2**2~
DTM*150*20211215~
DTM*151*20211220~
CAS*CO*45*908.8~
REF*6R*PHOE0004258519-10~
AMT*B6*3635.2~
SVC*NU>0352*12400*9920**3~
DTM*150*20211215~
DTM*151*20211220~
CAS*CO*45*2480~
REF*6R*PHOE0004258519-11~
AMT*B6*9920~
SVC*NU>0420*134*107.2**1~
DTM*150*20211215~
DTM*151*20211220~
CAS*CO*45*26.8~
REF*6R*PHOE0004258519-12~
AMT*B6*107.2~
SVC*NU>0424*562*449.6**1~
DTM*150*20211215~
DTM*151*20211220~
CAS*CO*45*112.4~
REF*6R*PHOE0004258519-13~
AMT*B6*449.6~
SVC*NU>0431*468*374.4**3~
DTM*150*20211215~
DTM*151*20211220~
CAS*CO*45*93.6~
REF*6R*PHOE0004258519-14~
AMT*B6*374.4~
SVC*NU>0434*914*731.2**1~
DTM*150*20211215~
DTM*151*20211220~
CAS*CO*45*182.8~
REF*6R*PHOE0004258519-15~
AMT*B6*731.2~
SVC*NU>0450*2294*1835.2**3~
DTM*150*20211215~
DTM*151*20211220~
CAS*CO*45*458.8~
REF*6R*PHOE0004258519-16~
AMT*B6*1835.2~
SVC*NU>0636*2736*2188.8**20~
DTM*150*20211215~
DTM*151*20211220~
CAS*CO*45*547.2~
REF*6R*PHOE0004258519-17~
AMT*B6*2188.8~
CLP*PHA00035897877*22*-982*0**13*ER58TP9MD0000*13*1~
NM1*QC*1*BRADLEY*HENRY*J***MI*W242560057~
NM1*82*2*PHOEBE PUTNEY MEMORIAL HOSPITAL*****XX*1992789721~
REF*1L*0699924-013-00002-KE~
REF*CE*Aetna Choice  POS II NET 03903~
DTM*232*20210825~
DTM*233*20210825~
DTM*050*20210906~
PER*CX**TE*8886323862~
SVC*NU>0250*-16*0**0**2~
DTM*472*20210825~
CAS*PR*227*-16*2~
REF*6R*PHOE0003853544-1~
LQ*HE*MA04~
LQ*HE*N179~
SVC*NU>0258*-231*0**0**2~
DTM*472*20210825~
CAS*PR*227*-231*2~
REF*6R*PHOE0003853544-2~
LQ*HE*MA04~
LQ*HE*N179~
SVC*HC>M0243*-735*0*0260*0**1~
DTM*472*20210825~
CAS*PR*227*-735*1~
REF*6R*PHOE0003853544-3~
LQ*HE*MA04~
LQ*HE*N179~
CLP*PHA00035897877*1*982*785.6**13*ER58TP9MD0001*13*1~
NM1*QC*1*BRADLEY*HENRY*J***MI*W242560057~
NM1*82*2*PHOEBE PUTNEY MEMORIAL HOSPITAL*****XX*1992789721~
REF*1L*0699924-013-00002-KE~
REF*CE*Aetna Choice  POS II NET 03903~
REF*F8*ER58TP9MD0000~
DTM*232*20210825~
DTM*233*20210825~
DTM*050*20220107~
PER*CX**TE*8886323862~
AMT*AU*982~
SVC*NU>0250*16*12.8**2~
DTM*472*20210825~
CAS*CO*45*3.2~
REF*6R*PHOE0003853544-1~
AMT*B6*12.8~
SVC*NU>0258*231*184.8**2~
DTM*472*20210825~
CAS*CO*45*46.2~
REF*6R*PHOE0003853544-2~
AMT*B6*184.8~
SVC*HC>M0243*735*588*0260*1~
DTM*472*20210825~
CAS*CO*45*147~
REF*6R*PHOE0003853544-3~
AMT*B6*588~
PLB*1992789721*20221231*FB>922018000202182*152.41*WO>EFACT1FWY0000-PHA00036208995-2021-09-14*152.41*CS>EFACT1FWY0000-PHA00036208995-2021-09-14*-152.41~
SE*192*0408~
ST*835*0409~
BPR*I*38657.11*C*ACH*CCP*01*031100209*DA*0000009108*1066033492**01*061000104*DA*6006118019*20220124~
TRN*1*822019000271573*1066033492~
REF*EV*XXXXXXXXXXXXXXXXXXXXXXXXXXXXXX~
DTM*405*20220119~
N1*PR*AETNA~
N3*151 FARMINGTON AVENUE~
N4*HARTFORD*CT*06156~
REF*2U*60054~
PER*BL*Provider Service~
N1*PE*PHOEBE PUTNEY MEMORIAL HOSPITAL*XX*1992789721~
N3*PO BOX 3770~
N4*ALBANY*GA*317063770~
REF*PQ*713276300~
REF*TJ*581928247~
LX*1~
TS3*1992789721*22*20221231*2*0~
CLP*PHA00031016441*22*-42785.04*0**12*EHPCMD7Z60000*13*1~
NM1*QC*1*DAVIS*SPENCER***JR*MI*W252123127~
NM1*82*2*PHOEBE PUTNEY MEMORIAL HOSPITAL*****XX*1992789721~
REF*1L*0119878-010-00001- B~
REF*CE*Open Choice NET 03902~
DTM*232*20190820~
DTM*233*20190820~
DTM*050*20201013~
PER*CX**TE*8002317729~
SVC*NU>0258*-212*0**0**2~
DTM*472*20190820~
CAS*CO*29*-212*2~
REF*6R*PHOE0002885943-1~
SVC*NU>0258*-105*0**0**1~
DTM*472*20190820~
CAS*CO*29*-105*1~
REF*6R*PHOE0002885943-2~
SVC*HC>96367*-660*0*0260*0**1~
DTM*472*20190820~
CAS*CO*29*-660*1~
REF*6R*PHOE0002885943-3~
SVC*NU>0272*-130.04*0**0**10~
DTM*472*20190820~
CAS*CO*29*-130.04*10~
REF*6R*PHOE0002885943-4~
SVC*HC>36415*-30*0*0300*0**1~
DTM*472*20190820~
CAS*CO*29*-30*1~
REF*6R*PHOE0002885943-5~
SVC*HC>82533*-142*0*0301*0**1~
DTM*472*20190820~
CAS*CO*29*-142*1~
REF*6R*PHOE0002885943-7~
SVC*HC>84443*-112*0*0301*0**1~
DTM*472*20190820~
CAS*CO*29*-112*1~
REF*6R*PHOE0002885943-9~
SVC*HC>83615*-49*0*0301*0**1~
DTM*472*20190820~
CAS*CO*29*-49*1~
REF*6R*PHOE0002885943-8~
SVC*HC>80053*-149*0*0301*0**1~
DTM*472*20190820~
CAS*CO*29*-149*1~
REF*6R*PHOE0002885943-6~
SVC*HC>85025*-131*0*0305*0**1~
DTM*472*20190820~
CAS*CO*29*-131*1~
REF*6R*PHOE0002885943-10~
SVC*HC>96413*-599*0*0335*0**1~
DTM*472*20190820~
CAS*CO*29*-599*1~
REF*6R*PHOE0002885943-11~
SVC*HC>J9299>TB*-39826*0*0636*0**480~
DTM*472*20190820~
CAS*PI*197*-39826*480~
REF*6R*PHOE0002885943-13~
SVC*HC>J3489*-640*0*0636*0**4~
DTM*472*20190820~
CAS*CO*29*-640*4~
REF*6R*PHOE0002885943-12~
CLP*PHA00031016441*1*42785.04*34204.03**12*EHPCMD7Z60001*13*1~
NM1*QC*1*DAVIS*SPENCER***JR*MI*W252123127~
NM1*82*2*PHOEBE PUTNEY MEMORIAL HOSPITAL*****XX*1992789721~
REF*1L*0119878-010-00001- B~
REF*CE*Open Choice NET 03902~
REF*F8*EHPCMD7Z60000~
DTM*232*20190820~
DTM*233*20190820~
DTM*050*20201203~
PER*CX**TE*8002317729~
AMT*I*4453.08~
AMT*AU*42785.04~
SVC*NU>0258*212*169.6**2~
DTM*472*20190820~
CAS*CO*45*42.4~
REF*6R*PHOE0002885943-1~
AMT*B6*169.6~
SVC*NU>0258*105*84**1~
DTM*472*20190820~
CAS*CO*45*21~
REF*6R*PHOE0002885943-2~
AMT*B6*84~
SVC*HC>96367*660*528*0260*1~
DTM*472*20190820~
CAS*CO*45*132~
REF*6R*PHOE0002885943-3~
AMT*B6*528~
SVC*NU>0272*130.04*104.03**10~
DTM*472*20190820~
CAS*CO*45*26.01~
REF*6R*PHOE0002885943-4~
AMT*B6*104.03~
SVC*HC>36415*30*0*0300*0**1~
DTM*472*20190820~
CAS*CO*97*30*1~
REF*6R*PHOE0002885943-5~
AMT*B6*24~
LQ*HE*N19~
SVC*HC>82533*142*113.6*0301*1~
DTM*472*20190820~
CAS*CO*45*28.4~
REF*6R*PHOE0002885943-7~
AMT*B6*113.6~
SVC*HC>84443*112*89.6*0301*1~
DTM*472*20190820~
CAS*CO*45*22.4~
REF*6R*PHOE0002885943-9~
AMT*B6*89.6~
SVC*HC>83615*49*39.2*0301*1~
DTM*472*20190820~
CAS*CO*45*9.8~
REF*6R*PHOE0002885943-8~
AMT*B6*39.2~
SVC*HC>80053*149*119.2*0301*1~
DTM*472*20190820~
CAS*CO*45*29.8~
REF*6R*PHOE0002885943-6~
AMT*B6*119.2~
SVC*HC>85025*131*104.8*0305*1~
DTM*472*20190820~
CAS*CO*45*26.2~
REF*6R*PHOE0002885943-10~
AMT*B6*104.8~
SVC*HC>96413*599*479.2*0335*1~
DTM*472*20190820~
CAS*CO*45*119.8~
REF*6R*PHOE0002885943-11~
AMT*B6*479.2~
SVC*HC>J9299>TB*39826*31860.8*0636*480~
DTM*472*20190820~
CAS*CO*45*7965.2~
REF*6R*PHOE0002885943-13~
AMT*B6*31860.8~
SVC*HC>J3489*640*512*0636*4~
DTM*472*20190820~
CAS*CO*45*128~
REF*6R*PHOE0002885943-12~
AMT*B6*512~
PLB*1992789721*20221231*L6*-4453.08~
SE*158*0409~
ST*835*1471~
BPR*I*550.82*C*ACH*CCP*01*031100209*DA*0038865237*1066033492**01*061000104*DA*6006118019*20220121~
TRN*1*160118220237689*1066033492~
REF*EV*XXXXXXXXXXXXXXXXXXXXXXXXXXXXXX~
DTM*405*20220119~
N1*PR*AETNA~
N3*151 FARMINGTON AVENUE~
N4*HARTFORD*CT*06156~
REF*2U*60054~
PER*BL*Provider Service~
N1*PE*PHOEBE PUTNEY MEMORIAL HOSPITAL*XX*1992789721~
N3*P.O. BOX 3770~
N4*ALBANY*GA*31706~
REF*PQ*713276300~
REF*TJ*581928247~
LX*1~
TS3*1992789721*13*20221231*2*3924~
CLP*PHA00037314637*1*3551*550.82**13*220104E199090000*13*1~
NM1*QC*1*JAMES*EARNEST****MI*MEBG4CXW~
NM1*82*2*PHOEBE PUTNEY MEMORIAL HOSPITAL*****XX*1992789721~
REF*1L*441297-108~
REF*CE*MEDICARE (S02) PPO PLAN NET 07426~
DTM*232*20211206~
DTM*233*20211206~
DTM*050*20220104~
PER*CX**TE*8006240756~
AMT*AU*1626~
SVC*HC>93289>59*186*0*0480*0**1~
DTM*472*20211206~
CAS*CO*97*186*1~
REF*6R*PHOE0004226631-6~
LQ*HE*N130~
SVC*HC>93005>59*209*0*0730*0**1~
DTM*472*20211206~
CAS*CO*97*209*1~
REF*6R*PHOE0004226631-12~
LQ*HE*N130~
SVC*HC>80048*101*0*0301*0**1~
DTM*472*20211206~
CAS*CO*97*101*1~
REF*6R*PHOE0004226631-2~
LQ*HE*N130~
SVC*HC>83735*85*0*0301*0**1~
DTM*472*20211206~
CAS*CO*97*85*1~
REF*6R*PHOE0004226631-3~
LQ*HE*N130~
SVC*HC>85025*147*0*0305*0**1~
DTM*472*20211206~
CAS*CO*97*147*1~
REF*6R*PHOE0004226631-4~
LQ*HE*N130~
SVC*HC>87426>QW*43*0*0306*0**1~
DTM*472*20211206~
CAS*CO*234*43*1~
REF*6R*PHOE0004226631-5~
LQ*HE*N525~
SVC*HC>36415*31*0*0300*0**1~
DTM*472*20211206~
CAS*CO*97*31*1~
REF*6R*PHOE0004226631-1~
LQ*HE*N130~
SVC*HC>92960*1626*550.82*0481*1~
DTM*472*20211206~
CAS*CO*45*1075.18~
REF*6R*PHOE0004226631-7~
AMT*B6*550.82~
LQ*HE*N59~
SVC*HC>J1160*114*0*0636*0**1~
DTM*472*20211206~
CAS*CO*97*114*1~
REF*6R*PHOE0004226631-8~
LQ*HE*N130~
SVC*HC>J2250*113*0*0636*0**5~
DTM*472*20211206~
CAS*CO*97*113*5~
REF*6R*PHOE0004226631-9~
LQ*HE*N130~
SVC*HC>J3010*116*0*0636*0**1~
DTM*472*20211206~
CAS*CO*97*116*1~
REF*6R*PHOE0004226631-10~
LQ*HE*N130~
SVC*NU>0710*780*0**0**1~
DTM*472*20211206~
CAS*CO*97*780*1~
REF*6R*PHOE0004226631-11~
LQ*HE*N130~
CLP*PHA00037623429*1*373*0**13*220114E008840000*13*1~
NM1*QC*1*WRIGHT*JUANITA****MI*MEBNVRRP~
NM1*82*2*PHOEBE PUTNEY MEMORIAL HOSPITAL*****XX*1992789721~
REF*1L*441299-059~
REF*CE*MEDICARE (S02) PPO PLAN NET 07426~
DTM*232*20211203~
DTM*233*20211203~
DTM*050*20220114~
PER*CX**TE*8006240756~
SVC*HC>G0463*163*0*0510*0**1~
DTM*472*20211203~
CAS*PI*16*163*1~
REF*6R*PHOE0004312751-5~
LQ*HE*MA30~
SVC*HC>80053*90*0*0301*0**1~
DTM*472*20211203~
CAS*CO*97*90*1~
REF*6R*PHOE0004312751-2~
LQ*HE*N130~
SVC*HC>83615*35*0*0301*0**1~
DTM*472*20211203~
CAS*CO*97*35*1~
REF*6R*PHOE0004312751-3~
LQ*HE*N130~
SVC*HC>85025*54*0*0305*0**1~
DTM*472*20211203~
CAS*CO*97*54*1~
REF*6R*PHOE0004312751-4~
LQ*HE*N130~
SVC*HC>36415*31*0*0300*0**1~
DTM*472*20211203~
CAS*CO*97*31*1~
REF*6R*PHOE0004312751-1~
LQ*HE*N130~
SE*123*1471~
ST*835*1472~
BPR*I*98.46*C*ACH*CCP*01*031100209*DA*0038865237*1066033492**01*061000104*DA*6006118019*20220121~
TRN*1*160118220254058*1066033492~
REF*EV*XXXXXXXXXXXXXXXXXXXXXXXXXXXXXX~
DTM*405*20220119~
N1*PR*AETNA~
N3*151 FARMINGTON AVENUE~
N4*HARTFORD*CT*06156~
REF*2U*60054~
PER*BL*Provider Service~
N1*PE*PHOEBE PUTNEY MEMORIAL HOSPITAL*XX*1992789721~
N3*PO BOX 3770~
N4*ALBANY*GA*317063770~
REF*PQ*713276300~
REF*TJ*581928247~
LX*1~
TS3*1477525624*22*20221231*1*300~
CLP*PHA00037623433*1*300*98.46**13*220114E038570000*22*1~
NM1*QC*1*WRIGHT*JUANITA****MI*MEBNVRRP~
NM1*82*2*PHOEBE PUTNEY MEMORIAL HOSPITAL*****XX*1477525624~
REF*1L*441299-059~
REF*CE*MEDICARE (S02) PPO PLAN NET 07426~
DTM*232*20211203~
DTM*233*20211203~
DTM*050*20220114~
PER*CX**TE*8006240756~
AMT*AU*300~
SVC*HC>99214*300*98.46**1~
DTM*472*20211203~
CAS*CO*45*201.54~
REF*6R*PHOE0004311955-1~
AMT*B6*98.46~
LQ*HE*N59~
SE*34*1472~
ST*835*2009~
BPR*I*109.38*C*ACH*CCP*01*031100209*DA*0038865237*1066033492**01*061000104*DA*6006118019*20220121~
TRN*1*160118220262851*1066033492~
REF*EV*XXXXXXXXXXXXXXXXXXXXXXXXXXXXXX~
DTM*405*20220119~
N1*PR*AETNA~
N3*151 FARMINGTON AVENUE~
N4*HARTFORD*CT*06156~
REF*2U*60054~
PER*BL*Provider Service~
N1*PE*PHOEBE PUTNEY MEMORIAL HOSPITAL*XX*1992789721~
N3*P.O. BOX 3770~
N4*ALBANY*GA*31706~
REF*PQ*713276300~
REF*TJ*581928247~
LX*1~
TS3*1992789721*13*20221231*1*525~
CLP*PHA00036992277*1*525*109.38**13*220115E007060000*13*1~
NM1*QC*1*BURNS*EARLENE*H***MI*MEBVDRQM~
NM1*82*2*PHOEBE PUTNEY MEMORIAL HOSPITAL*****XX*1992789721~
REF*1L*441298-044~
REF*CE*MEDICARE (S02) ESA PPO PLAN NET 07426~
DTM*232*20211113~
DTM*233*20211113~
DTM*050*20220115~
PER*CX**TE*8006240756~
AMT*AU*525~
SVC*HC>77063*99*22.81*0403*1~
DTM*472*20211113~
CAS*CO*45*76.19~
REF*6R*PHOE0004312717-1~
AMT*B6*22.81~
LQ*HE*N59~
SVC*HC>77067*426*86.57*0403*1~
DTM*472*20211113~
CAS*CO*45*339.43~
REF*6R*PHOE0004312717-2~
AMT*B6*86.57~
LQ*HE*N59~
SE*40*2009~
ST*835*2010~
BPR*I*52.42*C*ACH*CCP*01*031100209*DA*0038865237*1066033492**01*061000104*DA*6006118019*20220121~
TRN*1*160118220271640*1066033492~
REF*EV*XXXXXXXXXXXXXXXXXXXXXXXXXXXXXX~
DTM*405*20220119~
N1*PR*AETNA~
N3*151 FARMINGTON AVENUE~
N4*HARTFORD*CT*06156~
REF*2U*60054~
PER*BL*Provider Service~
N1*PE*PHOEBE PUTNEY MEMORIAL HOSPITAL*XX*1992789721~
N3*P.O. BOX 3770~
N4*ALBANY*GA*317063770~
REF*PQ*713276300~
REF*TJ*581928247~
LX*1~
TS3*1306853510*22*20221231*1*400~
CLP*PHA00037641003*1*400*52.42*50*13*220108E172780000*22*1~
NM1*QC*1*MARSH*JOHN*E***MI*MEBR0NQM~
NM1*82*2*PHOEBE PUTNEY MEMORIAL HOSPITAL*****XX*1306853510~
REF*1L*441297-108~
REF*CE*MEDICARE (S02) PPO PLAN NET 07426~
DTM*232*20211201~
DTM*233*20211229~
DTM*050*20220108~
PER*CX**TE*8006240756~
AMT*AU*400~
SVC*HC>99213*200*26.21**1~
DTM*472*20211201~
CAS*CO*45*148.79~
CAS*PR*3*25~
REF*6R*PHOE0004292569-1~
AMT*B6*51.21~
SVC*HC>99213*200*26.21**1~
DTM*472*20211229~
CAS*CO*45*148.79~
CAS*PR*3*25~
REF*6R*PHOE0004292569-2~
AMT*B6*51.21~
SE*40*2010~
GE*6*1~
IEA*1*100358959~
