ISA*00*          *00*          *ZZ*133052274      *ZZ*XXXXXXXXXXXXXXX*220119*0250*^*00501*100358959*0*P*>~
GS*HP*133052274*XX*20220119*0250*1*X*005010X221A1~
ST*835*1306~
BPR*I*57.82*C*ACH*CCP*01*031100209*DA*0038865237*1066033492**01*074000010*DA*641879929*20220121~
TRN*1*160118220243417*1066033492~
REF*EV*XXXXXXXXXXXXXXXXXXXXXXXXXXXXXX~
DTM*405*20220119~
N1*PR*AETNA~
N3*151 FARMINGTON AVENUE~
N4*HARTFORD*CT*06156~
REF*2U*60054~
PER*BL*Provider Service~
N1*PE*THE METHODIST HOSPITALS, INC.*XX*1609104033~
N3*27350 NETWORK PL~
N4*CHICAGO*IL*606731273~
REF*PQ*476140900~
REF*TJ*350868133~
LX*1~
TS3*1891208617*21*20221231*1*132~
CLP*P10015298730*1*132*57.82**13*220114E355120000*21*1~
NM1*QC*1*LORMAN*CYNTHIA*L***MI*MEBVS52D~
NM1*82*2*THE METHODIST HOSPITALS, INC.*****XX*1891208617~
REF*G1*2965159~
REF*1L*467112-154~
REF*CE*MEDICARE (C02) ESA PPO PLAN~
DTM*232*20211215~
DTM*233*20211215~
DTM*050*20220114~
PER*CX**TE*8006240756~
AMT*AU*132~
SVC*HC>99232*132*57.82**1~
DTM*472*20211215~
CAS*CO*45*74.18~
REF*6R*MHPH0010165477-1~
AMT*B6*57.82~
LQ*HE*N6~
SE*35*1306~
GE*1*1~
IEA*1*100358959~
