ISA*00*          *00*          *ZZ*133052274      *ZZ*XXXXXXXXXXXXXXX*220119*0305*^*00501*100378839*0*P*>~
GS*HP*133052274*XX*20220119*0305*1*X*005010X221A1~
ST*835*0012~
BPR*I*44.86*C*ACH*CCP*01*031100209*DA*0000009133*1066033492**01*072400052*DA*7168184153*20220124~
TRN*1*822019000266632*1066033492~
REF*EV*XXXXXXXXXXXXXXXXXXXXXXXXXXXXXX~
DTM*405*20220119~
N1*PR*AETNA~
N3*151 FARMINGTON AVENUE~
N4*HARTFORD*CT*06156~
REF*2U*60054~
PER*BL*Provider Service~
N1*PE*MECOSTA COUNTY MEDICAL CENTER*XX*1316945991~
N3*PO BOX 3564~
N4*GRAND RAPIDS*MI*495013564~
REF*PQ*516567020~
REF*TJ*381368744~
LX*1~
TS3*1316945991*22*20221231*1*1052.62~
CLP*H9321221888200*2*1052.62*44.86**13*EQTXW2QFK0000*13*1~
CAS*OA*23*179.46~
NM1*QC*1*FORRESTER*MERRYCHRIS****MI*9W73RU1NQ78~
NM1*74*1**WAYNE****C*W239287390~
NM1*82*2*MECOSTA COUNTY MEDICAL CENTER-REHAB. UNIT*****XX*1316945991~
REF*1L*0285631-014-00007-AY~
REF*CE*Aetna HealthFund  Aetna Choice  POS II~
DTM*232*20211228~
DTM*233*20211228~
DTM*050*20220118~
PER*CX**TE*8006388432~
AMT*AU*264.83~
SVC*HC>93922*264.83*224.32*0921*1~
DTM*472*20211228~
CAS*OA*23*828.3**94*-787.79~
REF*6R*H9321221888200-1~
AMT*B6*224.32~
SVC*HC>93925*787.79*0*0921*1~
DTM*472*20211228~
CAS*CO*45*787.79~
REF*6R*H9321221888200-2~
LQ*HE*N20~
SE*40*0012~
GE*1*1~
IEA*1*100378839~
