ISA*00*          *00*          *ZZ*133052274      *ZZ*XXXXXXXXXXXXXXX*220119*0250*^*00501*100358959*0*P*>~
GS*HP*133052274*XX*20220119*0250*1*X*005010X221A1~
ST*835*0194~
BPR*H*0*C*NON************20220119~
TRN*1*922019000247609*1066033492~
REF*EV*XXXXXXXXXXXXXXXXXXXXXXXXXXXXXX~
DTM*405*20220119~
N1*PR*AETNA~
N3*151 FARMINGTON AVENUE~
N4*HARTFORD*CT*06156~
REF*2U*60054~
PER*BL*Provider Service~
N1*PE*HERINGTON MUNICIPAL HOSPITAL*XX*1215908454~
N3*PO BOX 1386~
N4*JUNCTION CITY*KS*664411386~
REF*PQ*395577630~
REF*TJ*486045904~
LX*1~
TS3*1215908454*22*20221231*1*1431.8~
CLP*10016902001DB2*1*1431.8*0*1431.8*13*E2Y1TS6HZ0000*85*1~
NM1*QC*1*FISHER*TRINITY****MI*W268150658~
NM1*82*2*HERINGTON MUNICIPAL HOSPITAL*****XX*1215908454~
REF*1L*0776384-010-00703- D~
REF*CE*Aetna Choice  POS II~
DTM*232*20211116~
DTM*233*20211116~
DTM*050*20211130~
PER*CX**TE*8886323862~
AMT*AU*1431.8~
SVC*HC>87426>QW*1431.8*0*0300*0**1~
DTM*472*20211116~
CAS*PR*227*1431.8*1~
REF*6R*HNMH0000238369-1~
AMT*B6*1431.8~
LQ*HE*MA04~
LQ*HE*N179~
SE*35*0194~
GE*1*1~
IEA*1*100358959~
