ISA*00*          *00*          *ZZ*133052274      *ZZ*XXXXXXXXXXXXXXX*220119*0250*^*00501*100358959*0*P*>~
GS*HP*133052274*XX*20220119*0250*1*X*005010X221A1~
ST*835*0971~
BPR*I*135.52*C*CHK************20220117~
TRN*1*CC-42490737*1066033492~
REF*EV*XXXXXXXXXXXXXXXXXXXXXXXXXXXXXX~
DTM*405*20220119~
N1*PR*AETNA~
N3*151 FARMINGTON AVENUE~
N4*HARTFORD*CT*06156~
REF*2U*60054~
PER*BL*Provider Service~
N1*PE*GRACE BRETHREN VILLAGE*XX*1033100698~
N3*1010 TAYWOOD RD~
N4*ENGLEWOOD*OH*453222400~
REF*PQ*241514450~
REF*TJ*237085581~
LX*1~
TS3*1033100698*22*20221231*2*0~
CLP*8893-FC02*22*-962.55*-458.38**13*200616C226690000*22*3~
NM1*QC*1*HILL*KATHERINE*A***MI*MEBGHT5S~
NM1*82*2*GRACE BRETHREN VILLAGE*****XX*1033100698~
REF*1L*455717-057~
REF*CE*STRS PPO PLAN NET 03418~
DTM*232*20200501~
DTM*233*20200508~
DTM*050*20200616~
PER*CX**TE*8006240756~
SVC*HC>97530>GP>CQ*-117.54*-67.41*0420*3~
DTM*472*20200501~
CAS*CO*45*-50.13~
REF*6R*GRBV0000003425-2~
LQ*HE*N59~
SVC*HC>97110>GP>CQ*-29.97*-20.6*0420*1~
DTM*472*20200501~
CAS*CO*45*-9.37~
REF*6R*GRBV0000003425-1~
LQ*HE*N59~
SVC*HC>97530>GO>CO*-39.18*-22.47*0430*1~
DTM*472*20200501~
CAS*CO*45*-16.71~
REF*6R*GRBV0000003425-12~
LQ*HE*N59~
SVC*HC>97535>GO>59>CO*-67.2*-44.55*0430*2~
DTM*472*20200501~
CAS*CO*45*-22.65~
REF*6R*GRBV0000003425-13~
LQ*HE*N59~
SVC*HC>97530>GO>CO*-78.36*-44.94*0430*2~
DTM*472*20200504~
CAS*CO*45*-33.42~
REF*6R*GRBV0000003425-15~
LQ*HE*N59~
SVC*HC>97110>GO>CO*-59.94*-41.19*0430*2~
DTM*472*20200504~
CAS*CO*45*-18.75~
REF*6R*GRBV0000003425-14~
LQ*HE*N59~
SVC*HC>97530>GP>CQ*-39.18*-22.47*0420*1~
DTM*472*20200505~
CAS*CO*45*-16.71~
REF*6R*GRBV0000003425-5~
LQ*HE*N59~
SVC*HC>97116>GP>CQ*-59.28*0*0420*0**2~
DTM*472*20200505~
CAS*CO*231*-59.28*2~
REF*6R*GRBV0000003425-4~
SVC*HC>97110>GP>CQ*-29.97*-20.6*0420*1~
DTM*472*20200505~
CAS*CO*45*-9.37~
REF*6R*GRBV0000003425-3~
LQ*HE*N59~
SVC*HC>97530>GO>CO*-117.54*-67.41*0430*3~
DTM*472*20200506~
CAS*CO*45*-50.13~
REF*6R*GRBV0000003425-17~
LQ*HE*N59~
SVC*HC>97110>GO>CO*-29.97*-20.6*0430*1~
DTM*472*20200506~
CAS*CO*45*-9.37~
REF*6R*GRBV0000003425-16~
LQ*HE*N59~
SVC*HC>97530>GP>CQ*-39.18*-22.47*0420*1~
DTM*472*20200507~
CAS*CO*45*-16.71~
REF*6R*GRBV0000003425-8~
LQ*HE*N59~
SVC*HC>97116>GP>CQ*-59.28*0*0420*0**2~
DTM*472*20200507~
CAS*CO*231*-59.28*2~
REF*6R*GRBV0000003425-7~
SVC*HC>97110>GP>CQ*-29.97*-20.6*0420*1~
DTM*472*20200507~
CAS*CO*45*-9.37~
REF*6R*GRBV0000003425-6~
LQ*HE*N59~
SVC*HC>97530>GP*-39.18*-22.47*0420*1~
DTM*472*20200508~
CAS*CO*45*-16.71~
REF*6R*GRBV0000003425-11~
LQ*HE*N59~
SVC*HC>97116>GP*-29.64*0*0420*0**1~
DTM*472*20200508~
CAS*CO*231*-29.64*1~
REF*6R*GRBV0000003425-10~
SVC*HC>97110>GP*-29.97*-20.6*0420*1~
DTM*472*20200508~
CAS*CO*45*-9.37~
REF*6R*GRBV0000003425-9~
LQ*HE*N59~
SVC*HC>97535>GO*-67.2*0*0430*0**2~
DTM*472*20200508~
CAS*CO*231*-67.2*2~
REF*6R*GRBV0000003425-18~
CLP*8893-FC02*1*962.55*593.9**13*211209C226690000*22*3~
NM1*QC*1*HILL*KATHERINE*A***MI*MEBGHT5S~
NM1*82*2*GRACE BRETHREN VILLAGE*****XX*1033100698~
REF*1L*455717-057~
REF*CE*STRS PPO PLAN NET 03418~
REF*F8*200616C226690000~
DTM*232*20200501~
DTM*233*20200508~
DTM*050*20211209~
PER*CX**TE*8006240756~
AMT*AU*962.55~
SVC*HC>97530>GP>CQ*117.54*67.41*0420*3~
DTM*472*20200501~
CAS*CO*45*50.13~
REF*6R*GRBV0000003425-2~
AMT*B6*67.41~
LQ*HE*N59~
SVC*HC>97110>GP>CQ*29.97*20.6*0420*1~
DTM*472*20200501~
CAS*CO*45*9.37~
REF*6R*GRBV0000003425-1~
AMT*B6*20.6~
LQ*HE*N59~
SVC*HC>97530>GO>CO*39.18*22.47*0430*1~
DTM*472*20200501~
CAS*CO*45*16.71~
REF*6R*GRBV0000003425-12~
AMT*B6*22.47~
LQ*HE*N59~
SVC*HC>97535>GO>59>CO*67.2*44.55*0430*2~
DTM*472*20200501~
CAS*CO*45*22.65~
REF*6R*GRBV0000003425-13~
AMT*B6*44.55~
LQ*HE*N59~
SVC*HC>97530>GO>CO*78.36*44.94*0430*2~
DTM*472*20200504~
CAS*CO*45*33.42~
REF*6R*GRBV0000003425-15~
AMT*B6*44.94~
LQ*HE*N59~
SVC*HC>97110>GO>CO*59.94*41.19*0430*2~
DTM*472*20200504~
CAS*CO*45*18.75~
REF*6R*GRBV0000003425-14~
AMT*B6*41.19~
LQ*HE*N59~
SVC*HC>97530>GP>CQ*39.18*22.47*0420*1~
DTM*472*20200505~
CAS*CO*45*16.71~
REF*6R*GRBV0000003425-5~
AMT*B6*22.47~
LQ*HE*N59~
SVC*HC>97116>GP>CQ*59.28*36.39*0420*2~
DTM*472*20200505~
CAS*CO*45*22.89~
REF*6R*GRBV0000003425-4~
AMT*B6*36.39~
LQ*HE*N59~
SVC*HC>97110>GP>CQ*29.97*20.6*0420*1~
DTM*472*20200505~
CAS*CO*45*9.37~
REF*6R*GRBV0000003425-3~
AMT*B6*20.6~
LQ*HE*N59~
SVC*HC>97530>GO>CO*117.54*67.41*0430*3~
DTM*472*20200506~
CAS*CO*45*50.13~
REF*6R*GRBV0000003425-17~
AMT*B6*67.41~
LQ*HE*N59~
SVC*HC>97110>GO>CO*29.97*20.6*0430*1~
DTM*472*20200506~
CAS*CO*45*9.37~
REF*6R*GRBV0000003425-16~
AMT*B6*20.6~
LQ*HE*N59~
SVC*HC>97530>GP>CQ*39.18*22.47*0420*1~
DTM*472*20200507~
CAS*CO*45*16.71~
REF*6R*GRBV0000003425-8~
AMT*B6*22.47~
LQ*HE*N59~
SVC*HC>97116>GP>CQ*59.28*36.39*0420*2~
DTM*472*20200507~
CAS*CO*45*22.89~
REF*6R*GRBV0000003425-7~
AMT*B6*36.39~
LQ*HE*N59~
SVC*HC>97110>GP>CQ*29.97*20.6*0420*1~
DTM*472*20200507~
CAS*CO*45*9.37~
REF*6R*GRBV0000003425-6~
AMT*B6*20.6~
LQ*HE*N59~
SVC*HC>97530>GP*39.18*22.47*0420*1~
DTM*472*20200508~
CAS*CO*45*16.71~
REF*6R*GRBV0000003425-11~
AMT*B6*22.47~
LQ*HE*N59~
SVC*HC>97116>GP*29.64*18.19*0420*1~
DTM*472*20200508~
CAS*CO*45*11.45~
REF*6R*GRBV0000003425-10~
AMT*B6*18.19~
LQ*HE*N59~
SVC*HC>97110>GP*29.97*20.6*0420*1~
DTM*472*20200508~
CAS*CO*45*9.37~
REF*6R*GRBV0000003425-9~
AMT*B6*20.6~
LQ*HE*N59~
SVC*HC>97535>GO*67.2*44.55*0430*2~
DTM*472*20200508~
CAS*CO*45*22.65~
REF*6R*GRBV0000003425-18~
AMT*B6*44.55~
SE*231*0971~
GE*1*1~
IEA*1*100358959~
