ISA*00*          *00*          *ZZ*133052274      *ZZ*XXXXXXXXXXXXXXX*220119*0250*^*00501*100358959*0*P*>~
GS*HP*133052274*XX*20220119*0250*1*X*005010X221A1~
ST*835*0827~
BPR*I*3765.11*C*ACH*CCP*01*011900445*DA*0000009046*1066033492**01*041215016*DA*01472848815*20220124~
TRN*1*822019000348777*1066033492~
REF*EV*XXXXXXXXXXXXXXXXXXXXXXXXXXXXXX~
DTM*405*20220119~
N1*PR*AETNA~
N3*151 FARMINGTON AVENUE~
N4*HARTFORD*CT*06156~
REF*2U*60054~
PER*BL*Provider Service~
N1*PE*LIMA MEMORIAL JOINT OPERATING COMPANY*XX*1336144732~
N3*L3970~
N4*COLUMBUS*OH*432600001~
REF*PQ*203315380~
REF*TJ*341883284~
LX*3~
TS3*1336144732*23*20221231*2*6827.33~
CLP*LIA00017958559*1*5293.72*3523.53**13*EQ36WHJYH0000*13*1~
NM1*QC*1*WATTERS*REBECCA*R***MI*W255057809~
NM1*82*2*LIMA MEMORIAL HEALTH SYSTEM*****XX*1336144732~
REF*1L*0700992-033-00001-AA~
REF*CE*Aetna Choice  POS II NET 00414~
DTM*232*20211206~
DTM*233*20211206~
DTM*050*20211217~
PER*CX**TE*8886323862~
AMT*AU*5293.72~
SVC*HC>J7030*260.1*0*0250*0**2~
DTM*472*20211206~
CAS*CO*97*260.1*2~
REF*6R*LIMA0003046058-1~
AMT*B6*260.1~
LQ*HE*N390~
SVC*NU>0272*32.62*22.83**1~
DTM*472*20211206~
CAS*CO*45*9.79~
REF*6R*LIMA0003046058-2~
AMT*B6*22.83~
SVC*HC>80053*559*391.3*0300*1~
DTM*472*20211206~
CAS*CO*45*167.7~
REF*6R*LIMA0003046058-3~
AMT*B6*391.3~
SVC*HC>85025*92*64.4*0300*1~
DTM*472*20211206~
CAS*CO*45*27.6~
REF*6R*LIMA0003046058-4~
AMT*B6*64.4~
SVC*HC>83605*152*106.4*0301*1~
DTM*472*20211206~
CAS*CO*45*45.6~
REF*6R*LIMA0003046058-5~
AMT*B6*106.4~
SVC*HC>83690*141*98.7*0301*1~
DTM*472*20211206~
CAS*CO*45*42.3~
REF*6R*LIMA0003046058-6~
AMT*B6*98.7~
SVC*HC>81001*71*49.7*0307*1~
DTM*472*20211206~
CAS*CO*45*21.3~
REF*6R*LIMA0003046058-7~
AMT*B6*49.7~
SVC*HC>76815*1016*711.2*0402*1~
DTM*472*20211206~
CAS*CO*45*304.8~
REF*6R*LIMA0003046058-8~
AMT*B6*711.2~
SVC*HC>96360*583*408.1*0450*1~
DTM*472*20211206~
CAS*CO*45*174.9~
REF*6R*LIMA0003046058-9~
AMT*B6*408.1~
SVC*HC>96361*277*193.9*0450*1~
DTM*472*20211206~
CAS*CO*45*83.1~
REF*6R*LIMA0003046058-10~
AMT*B6*193.9~
SVC*HC>99285>25*2110*1477*0450*1~
DTM*472*20211206~
CAS*CO*45*633~
REF*6R*LIMA0003046058-11~
AMT*B6*1477~
CLP*LIA00017784489*1*1533.61*1073.52**13*E6FCT9BDH0000*13*7~
NM1*QC*1*SCHENKER*MEGAN*N~
NM1*IL*1*SCHENKER*DAVID****MI*W240738343~
NM1*82*2*LIMA MEMORIAL HEALTH SYSTEM*****XX*1336144732~
REF*1L*0865276-011-00001-HB~
REF*CE*Aetna Choice  POS II NET 00414~
DTM*232*20211113~
DTM*233*20211114~
DTM*050*20211223~
PER*CX**TE*8886323862~
AMT*AU*1533.61~
SVC*NU>0250*2*1.4**1~
DTM*472*20211114~
CAS*CO*45*.6~
REF*6R*LIMA0003066838-1~
AMT*B6*1.4~
LQ*HE*N377~
SVC*NU>0270*47.99*33.59**1~
DTM*472*20211114~
CAS*CO*45*14.4~
REF*6R*LIMA0003066838-3~
AMT*B6*33.59~
LQ*HE*N377~
SVC*NU>0272*32.62*22.83**1~
DTM*472*20211114~
CAS*CO*45*9.79~
REF*6R*LIMA0003066838-2~
AMT*B6*22.83~
LQ*HE*N377~
SVC*HC>73610>LT*630*441*0320*1~
DTM*472*20211113~
CAS*CO*45*189~
REF*6R*LIMA0003066838-4~
AMT*B6*441~
LQ*HE*N377~
SVC*HC>99283*821*574.7*0450*1~
DTM*472*20211114~
CAS*CO*45*246.3~
REF*6R*LIMA0003066838-5~
AMT*B6*574.7~
LQ*HE*N377~
LX*4~
TS3*1336144732*11*20221231*1*-1533.61~
CLP*LIA00017784489*22*-1533.61*-831.94**13*ELY1WD9D90000*13*7~
NM1*QC*1*SCHENKER*MEGAN*N~
NM1*IL*1*SCHENKER*DAVID****MI*W240738343~
NM1*82*2*LIMA MEMORIAL HEALTH SYSTEM*****XX*1336144732~
REF*1L*0865276-011-00001-HB~
REF*CE*Aetna Choice  POS II NET 00414~
DTM*232*20211113~
DTM*233*20211114~
DTM*050*20211210~
PER*CX**TE*8886323862~
SVC*NU>0250*-2*-1.12**1~
DTM*472*20211114~
CAS*CO*45*-.6~
CAS*PR*2*-.28~
REF*6R*LIMA0003024619-1~
LQ*HE*N694~
SVC*HC>L4350*-47.99*0*0270*0**1~
DTM*472*20211114~
CAS*CO*4*-47.99*1~
REF*6R*LIMA0003024619-3~
LQ*HE*N694~
LQ*HE*N657~
SVC*NU>0272*-32.62*-18.26**1~
DTM*472*20211114~
CAS*CO*45*-9.79~
CAS*PR*2*-4.57~
REF*6R*LIMA0003024619-2~
LQ*HE*N694~
SVC*HC>73610>LT*-630*-352.8*0320*1~
DTM*472*20211113~
CAS*CO*45*-189~
CAS*PR*2*-88.2~
REF*6R*LIMA0003024619-4~
LQ*HE*N694~
SVC*HC>99283*-821*-459.76*0450*1~
DTM*472*20211114~
CAS*CO*45*-246.3~
CAS*PR*2*-114.94~
REF*6R*LIMA0003024619-5~
LQ*HE*N694~
PLB*1336144732*20221231*WO>ELY1WD9D90000-LIA00017784489-2021-11-13*831.94*CS>ELY1WD9D90000-LIA00017784489-2021-11-13*-831.94~
SE*168*0827~
ST*835*1250~
BPR*I*343.75*C*ACH*CCP*01*031100209*DA*0038865237*1066033492**01*041215016*DA*01472848815*20220121~
TRN*1*160118220237574*1066033492~
REF*EV*XXXXXXXXXXXXXXXXXXXXXXXXXXXXXX~
DTM*405*20220119~
N1*PR*AETNA~
N3*151 FARMINGTON AVENUE~
N4*HARTFORD*CT*06156~
REF*2U*60054~
PER*BL*Provider Service~
N1*PE*LIMA MEMORIAL JOINT OPERATING C*XX*1336144732~
N3*L3970~
N4*COLUMBUS*OH*43260~
REF*PQ*203315380~
REF*TJ*341883284~
LX*2~
TS3*1336144732*13*20221231*5*3920.32~
CLP*LIA00018044275*22*-15434*-1525.43**13*220103E557730002~
NM1*QC*1*TITUS*BEVERLY*R***MI*MEBHNZMM~
NM1*82*2*LIMA MEMORIAL JOINT OPERATING C*****XX*1336144732~
REF*1L*466235-005~
REF*CE*SERS PPO PLAN NET 02101~
DTM*232*20211227~
DTM*233*20211227~
DTM*050*20220103~
PER*CX**TE*8006240756~
SVC*HC>77300*-3198*-335.18*0333*3~
DTM*472*20211227~
CAS*CO*45*-2837.82~
CAS*PR*3*-25~
LQ*HE*N59~
LQ*HE*N694~
SVC*HC>77334*-7956*-961.53*0333*3~
DTM*472*20211227~
CAS*CO*45*-6994.47~
LQ*HE*N59~
LQ*HE*N694~
SVC*HC>77387*-2706*0*0333*0**1~
DTM*472*20211227~
CAS*CO*97*-2706*1~
LQ*HE*N130~
LQ*HE*N694~
SVC*HC>77412*-1574*-228.72*0333*1~
DTM*472*20211227~
CAS*CO*45*-1345.28~
LQ*HE*N59~
LQ*HE*N694~
CLP*LIA00018044275*1*15394*1485.76*25*13*220113E049790000*13*7~
NM1*QC*1*TITUS*BEVERLY*R***MI*101269965900~
NM1*74*1******C*MEBHNZMM~
NM1*82*2*LIMA MEMORIAL JOINT OPERATING C*****XX*1336144732~
REF*1L*466235-005~
REF*CE*SERS PPO PLAN NET 03418~
DTM*232*20211227~
DTM*233*20211227~
DTM*050*20220113~
PER*CX**TE*8006240756~
AMT*AU*12688~
SVC*HC>77307*3158*295.51*0333*1~
DTM*472*20211227~
CAS*CO*45*2837.49~
CAS*PR*3*25~
REF*6R*LIMA0003132259-1~
AMT*B6*320.51~
LQ*HE*N59~
SVC*HC>77334*7956*961.53*0333*3~
DTM*472*20211227~
CAS*CO*45*6994.47~
REF*6R*LIMA0003132259-2~
AMT*B6*961.53~
LQ*HE*N59~
SVC*HC>77387*2706*0*0333*0**1~
DTM*472*20211227~
CAS*CO*97*2706*1~
REF*6R*LIMA0003132259-3~
LQ*HE*MA67~
LQ*HE*N130~
SVC*HC>77412*1574*228.72*0333*1~
DTM*472*20211227~
CAS*CO*45*1345.28~
REF*6R*LIMA0003132259-4~
AMT*B6*228.72~
LQ*HE*N59~
CLP*LIA00018124341*1*1274.32*129.18*90*13*220114E058530000*13*1~
NM1*QC*1*MCDANIEL*FREDDIE*D***MI*MEBTQ5MV~
NM1*82*2*LIMA MEMORIAL JOINT OPERATING C*****XX*1336144732~
REF*1L*467094-012~
REF*CE*VALUE PPO NET 03418~
DTM*232*20211016~
DTM*233*20211016~
DTM*050*20220114~
PER*CX**TE*8006240756~
AMT*AU*821~
SVC*NU>0272*32.62*0**0**1~
DTM*472*20211016~
CAS*CO*97*32.62*1~
REF*6R*LIMA0003136250-1~
LQ*HE*N130~
SVC*HC>96372*398*0*0450*0**2~
DTM*472*20211016~
CAS*CO*97*398*2~
REF*6R*LIMA0003136250-2~
LQ*HE*N130~
SVC*HC>99283>25*821*129.18*0450*1~
DTM*472*20211016~
CAS*CO*45*601.82~
CAS*PR*3*90~
REF*6R*LIMA0003136250-3~
AMT*B6*219.18~
LQ*HE*N59~
SVC*HC>J1885*7*0*0636*0**2~
DTM*472*20211016~
CAS*CO*97*7*2~
REF*6R*LIMA0003136250-4~
LQ*HE*N130~
SVC*HC>J2360*15.7*0*0636*0**1~
DTM*472*20211016~
CAS*CO*97*15.7*1~
REF*6R*LIMA0003136250-5~
LQ*HE*N130~
CLP*LIA00018125693*1*1008*52.67**13*220114E108820000*13*1~
NM1*QC*1*DOMI*GARY*W***MI*MEBR451X~
NM1*82*2*LIMA MEMORIAL JOINT OPERATING C*****XX*1336144732~
REF*1L*467096-008~
REF*CE*VALUE PPO NET 03418~
DTM*232*20211227~
DTM*233*20211227~
DTM*050*20220114~
PER*CX**TE*8006240756~
AMT*AU*282~
SVC*HC>93005*282*52.67*0730*1~
DTM*472*20211227~
CAS*CO*45*229.33~
REF*6R*LIMA0003136210-6~
AMT*B6*52.67~
LQ*HE*N59~
SVC*HC>82552*550*0*0300*0**1~
DTM*472*20211227~
CAS*CO*97*550*1~
REF*6R*LIMA0003136210-3~
LQ*HE*N130~
SVC*HC>80053*70*0*0300*0**1~
DTM*472*20211227~
CAS*CO*97*70*1~
REF*6R*LIMA0003136210-2~
LQ*HE*N130~
SVC*HC>82550*54*0*0301*0**1~
DTM*472*20211227~
CAS*CO*97*54*1~
REF*6R*LIMA0003136210-5~
LQ*HE*N130~
SVC*HC>85025*44*0*0305*0**1~
DTM*472*20211227~
CAS*CO*97*44*1~
REF*6R*LIMA0003136210-4~
LQ*HE*N130~
SVC*HC>36415*8*0*0300*0**1~
DTM*472*20211227~
CAS*CO*97*8*1~
REF*6R*LIMA0003136210-1~
LQ*HE*N130~
CLP*LIA00018125771*1*1678*201.57**13*220114E108830000*13*1~
NM1*QC*1*NOYKOS*PATRICIA*K***MI*MEBD30FV~
NM1*82*2*LIMA MEMORIAL JOINT OPERATING C*****XX*1336144732~
REF*1L*455716-056~
REF*CE*STRS PPO PLAN NET 03418~
DTM*232*20211230~
DTM*233*20211230~
DTM*050*20220114~
PER*CX**TE*8006240756~
AMT*AU*1678~
SVC*HC>85025*25*7.77*0300*1~
DTM*472*20211230~
CAS*CO*45*17.23~
REF*6R*LIMA0003136292-2~
AMT*B6*7.77~
LQ*HE*N59~
SVC*HC>82085*64*9.71*0301*1~
DTM*472*20211230~
CAS*CO*45*54.29~
REF*6R*LIMA0003136292-3~
AMT*B6*9.71~
LQ*HE*N59~
SVC*HC>82550*19*6.51*0301*1~
DTM*472*20211230~
CAS*CO*45*12.49~
REF*6R*LIMA0003136292-4~
AMT*B6*6.51~
LQ*HE*N59~
SVC*HC>84550*91*4.52*0301*1~
DTM*472*20211230~
CAS*CO*45*86.48~
REF*6R*LIMA0003136292-5~
AMT*B6*4.52~
LQ*HE*N59~
SVC*HC>86038*239*12.09*0302*1~
DTM*472*20211230~
CAS*CO*45*226.91~
REF*6R*LIMA0003136292-6~
AMT*B6*12.09~
LQ*HE*N59~
SVC*HC>86140*190*5.18*0302*1~
DTM*472*20211230~
CAS*CO*45*184.82~
REF*6R*LIMA0003136292-7~
AMT*B6*5.18~
LQ*HE*N59~
SVC*HC>86200*115*12.95*0302*1~
DTM*472*20211230~
CAS*CO*45*102.05~
REF*6R*LIMA0003136292-8~
AMT*B6*12.95~
LQ*HE*N59~
SVC*HC>86225*112*13.74*0302*1~
DTM*472*20211230~
CAS*CO*45*98.26~
REF*6R*LIMA0003136292-9~
AMT*B6*13.74~
LQ*HE*N59~
SVC*HC>86255*155*12.05*0302*1~
DTM*472*20211230~
CAS*CO*45*142.95~
REF*6R*LIMA0003136292-10~
AMT*B6*12.05~
LQ*HE*N59~
SVC*HC>86430*168*6.14*0302*1~
DTM*472*20211230~
CAS*CO*45*161.86~
REF*6R*LIMA0003136292-11~
AMT*B6*6.14~
LQ*HE*N59~
SVC*HC>86606*60*15.05*0302*1~
DTM*472*20211230~
CAS*CO*45*44.95~
REF*6R*LIMA0003136292-12~
AMT*B6*15.05~
LQ*HE*N59~
SVC*HC>86609*60*12.88*0302*1~
DTM*472*20211230~
CAS*CO*45*47.12~
REF*6R*LIMA0003136292-13~
AMT*B6*12.88~
LQ*HE*N59~
SVC*HC>86609>59*360*77.28*0302*6~
DTM*472*20211230~
CAS*CO*45*282.72~
REF*6R*LIMA0003136292-14~
AMT*B6*77.28~
LQ*HE*N59~
SVC*HC>85652*12*2.7*0305*1~
DTM*472*20211230~
CAS*CO*45*9.3~
REF*6R*LIMA0003136292-15~
AMT*B6*2.7~
LQ*HE*N59~
SVC*HC>36415*8*3*0300*1~
DTM*472*20211230~
CAS*CO*45*5~
REF*6R*LIMA0003136292-1~
AMT*B6*3~
LQ*HE*N59~
SE*262*1250~
ST*835*1851~
BPR*I*20912.05*C*ACH*CCP*01*031100209*DA*0038865237*1066033492**01*041215016*DA*01472848815*20220121~
TRN*1*160118220262778*1066033492~
REF*EV*XXXXXXXXXXXXXXXXXXXXXXXXXXXXXX~
DTM*405*20220119~
N1*PR*AETNA~
N3*151 FARMINGTON AVENUE~
N4*HARTFORD*CT*06156~
REF*2U*60054~
PER*BL*Provider Service~
N1*PE*LIMA MEMORIAL JOINT OPERATING C*XX*1336144732~
N3*L3970~
N4*COLUMBUS*OH*43260~
REF*PQ*203315380~
REF*TJ*341883284~
LX*2~
TS3*1336144732*11*20221231*4*94299.13~
CLP*LIA00017593581*1*46275.7*13158.79**13*211029E240730003*11*1**253*2.6536~
NM1*QC*1*BLOOM*CHARLENE*K***MI*MEBVCBJC~
NM1*82*2*LIMA MEMORIAL JOINT OPERATING C*****XX*1336144732~
REF*G1*2319926~
REF*1L*467098-029~
REF*CE*VALUE PPO NET 03418~
DTM*232*20211014~
DTM*233*20211015~
DTM*050*20211029~
PER*CX**TE*8006240756~
AMT*AU*1305~
SVC*NU>0214*1305*13158.79**1~
DTM*150*20211014~
DTM*151*20211015~
CAS*CO*45*-11853.79~
REF*6R*LIMA0002858280-1~
AMT*B6*13158.79~
SVC*HC>37799*23448*0*0360*0**9~
DTM*150*20211014~
DTM*151*20211015~
CAS*CO*97*23448*9~
REF*6R*LIMA0002858280-13~
LQ*HE*M2~
SVC*NU>0271*154.7*0**0**8~
DTM*150*20211014~
DTM*151*20211015~
CAS*CO*97*154.7*8~
REF*6R*LIMA0002858280-4~
LQ*HE*M2~
SVC*NU>0272*2488.54*0**0**40~
DTM*150*20211014~
DTM*151*20211015~
CAS*CO*97*2488.54*40~
REF*6R*LIMA0002858280-5~
LQ*HE*M2~
SVC*NU>0410*280*0**0**1~
DTM*150*20211014~
DTM*151*20211015~
CAS*CO*97*280*1~
REF*6R*LIMA0002858280-15~
LQ*HE*M2~
SVC*NU>0710*3914*0**0**14~
DTM*150*20211014~
DTM*151*20211015~
CAS*CO*97*3914*14~
REF*6R*LIMA0002858280-16~
LQ*HE*M2~
SVC*NU>0278*2422*0**0**1~
DTM*150*20211014~
DTM*151*20211015~
CAS*CO*97*2422*1~
REF*6R*LIMA0002858280-6~
LQ*HE*M2~
SVC*NU>0251*3415.31*0**0**58~
DTM*150*20211014~
DTM*151*20211015~
CAS*CO*97*3415.31*58~
REF*6R*LIMA0002858280-2~
LQ*HE*M2~
SVC*NU>0258*390.15*0**0**3~
DTM*150*20211014~
DTM*151*20211015~
CAS*CO*97*390.15*3~
REF*6R*LIMA0002858280-3~
LQ*HE*M2~
SVC*NU>0300*420*0**0**5~
DTM*150*20211014~
DTM*151*20211015~
CAS*CO*97*420*5~
REF*6R*LIMA0002858280-7~
LQ*HE*M2~
SVC*NU>0301*680*0**0**3~
DTM*150*20211014~
DTM*151*20211015~
CAS*CO*97*680*3~
REF*6R*LIMA0002858280-8~
LQ*HE*M2~
SVC*NU>0305*99*0**0**2~
DTM*150*20211014~
DTM*151*20211015~
CAS*CO*97*99*2~
REF*6R*LIMA0002858280-9~
LQ*HE*M2~
SVC*NU>0306*60*0**0**1~
DTM*150*20211014~
DTM*151*20211015~
CAS*CO*97*60*1~
REF*6R*LIMA0002858280-10~
LQ*HE*M2~
SVC*NU>0307*71*0**0**1~
DTM*150*20211014~
DTM*151*20211015~
CAS*CO*97*71*1~
REF*6R*LIMA0002858280-11~
LQ*HE*M2~
SVC*NU>0324*690*0**0**1~
DTM*150*20211014~
DTM*151*20211015~
CAS*CO*97*690*1~
REF*6R*LIMA0002858280-12~
LQ*HE*M2~
SVC*NU>0370*6156*0**0**9~
DTM*150*20211014~
DTM*151*20211015~
CAS*CO*97*6156*9~
REF*6R*LIMA0002858280-14~
LQ*HE*M2~
SVC*NU>0730*282*0**0**1~
DTM*150*20211014~
DTM*151*20211015~
CAS*CO*97*282*1~
REF*6R*LIMA0002858280-17~
LQ*HE*M2~
CLP*LIA00017738139*1*38587.06*7117.55*164.19*13*211117E161720003*11*1**377*1.8012~
NM1*QC*1*PRICHARD*E*J***MI*MEBMG8LS~
NM1*74*1**E JEANETTE~
NM1*82*2*LIMA MEMORIAL JOINT OPERATING C*****XX*1336144732~
REF*G1*2610878~
REF*1L*466853-124~
REF*CE*BP MEDICARE PPO ESA PLAN NET 03418~
DTM*232*20211102~
DTM*233*20211106~
DTM*050*20211117~
PER*CX**TE*8006240756~
AMT*AU*5220~
SVC*NU>0214*5220*7117.55**4~
DTM*150*20211102~
DTM*151*20211106~
CAS*CO*45*-2061.74~
CAS*PR*3*164.19~
REF*6R*LIMA0002932724-1~
AMT*B6*7281.74~
SVC*NU>0271*134.82*0**0**7~
DTM*150*20211102~
DTM*151*20211106~
CAS*CO*97*134.82*7~
REF*6R*LIMA0002932724-4~
LQ*HE*M2~
SVC*NU>0272*1067.41*0**0**11~
DTM*150*20211102~
DTM*151*20211106~
CAS*CO*97*1067.41*11~
REF*6R*LIMA0002932724-5~
LQ*HE*M2~
SVC*NU>0390*1700*0**0**2~
DTM*150*20211102~
DTM*151*20211106~
CAS*CO*97*1700*2~
REF*6R*LIMA0002932724-13~
LQ*HE*M2~
SVC*NU>0391*1134*0**0**1~
DTM*150*20211102~
DTM*151*20211106~
CAS*CO*97*1134*1~
REF*6R*LIMA0002932724-14~
LQ*HE*M2~
SVC*NU>0450*2110*0**0**1~
DTM*150*20211102~
DTM*151*20211106~
CAS*CO*97*2110*1~
REF*6R*LIMA0002932724-19~
LQ*HE*M2~
SVC*NU>0710*1494*0**0**3~
DTM*150*20211102~
DTM*151*20211106~
CAS*CO*97*1494*3~
REF*6R*LIMA0002932724-20~
LQ*HE*M2~
SVC*NU>0251*1163.53*0**0**82~
DTM*150*20211102~
DTM*151*20211106~
CAS*CO*97*1163.53*82~
REF*6R*LIMA0002932724-2~
LQ*HE*M2~
SVC*NU>0258*780.3*0**0**6~
DTM*150*20211102~
DTM*151*20211106~
CAS*CO*97*780.3*6~
REF*6R*LIMA0002932724-3~
LQ*HE*M2~
SVC*NU>0300*3575*0**0**19~
DTM*150*20211102~
DTM*151*20211106~
CAS*CO*97*3575*19~
REF*6R*LIMA0002932724-6~
LQ*HE*M2~
SVC*NU>0301*2046*0**0**11~
DTM*150*20211102~
DTM*151*20211106~
CAS*CO*97*2046*11~
REF*6R*LIMA0002932724-7~
LQ*HE*M2~
SVC*NU>0305*630*0**0**18~
DTM*150*20211102~
DTM*151*20211106~
CAS*CO*97*630*18~
REF*6R*LIMA0002932724-8~
LQ*HE*M2~
SVC*NU>0306*248*0**0**3~
DTM*150*20211102~
DTM*151*20211106~
CAS*CO*97*248*3~
REF*6R*LIMA0002932724-9~
LQ*HE*M2~
SVC*NU>0307*71*0**0**1~
DTM*150*20211102~
DTM*151*20211106~
CAS*CO*97*71*1~
REF*6R*LIMA0002932724-10~
LQ*HE*M2~
SVC*NU>0324*696*0**0**2~
DTM*150*20211102~
DTM*151*20211106~
CAS*CO*97*696*2~
REF*6R*LIMA0002932724-11~
LQ*HE*M2~
SVC*NU>0370*4146*0**0**4~
DTM*150*20211102~
DTM*151*20211106~
CAS*CO*97*4146*4~
REF*6R*LIMA0002932724-12~
LQ*HE*M2~
SVC*NU>0421*649*0**0**5~
DTM*150*20211102~
DTM*151*20211106~
CAS*CO*97*649*5~
REF*6R*LIMA0002932724-15~
LQ*HE*M2~
SVC*NU>0424*342*0**0**1~
DTM*150*20211102~
DTM*151*20211106~
CAS*CO*97*342*1~
REF*6R*LIMA0002932724-16~
LQ*HE*M2~
SVC*NU>0431*600*0**0**4~
DTM*150*20211102~
DTM*151*20211106~
CAS*CO*97*600*4~
REF*6R*LIMA0002932724-17~
LQ*HE*M2~
SVC*NU>0434*318*0**0**1~
DTM*150*20211102~
DTM*151*20211106~
CAS*CO*97*318*1~
REF*6R*LIMA0002932724-18~
LQ*HE*M2~
SVC*NU>0730*282*0**0**1~
DTM*150*20211102~
DTM*151*20211106~
CAS*CO*97*282*1~
REF*6R*LIMA0002932724-21~
LQ*HE*M2~
SVC*NU>0750*10180*0**0**4~
DTM*150*20211102~
DTM*151*20211106~
CAS*CO*97*10180*4~
REF*6R*LIMA0002932724-22~
LQ*HE*M2~
CLP*LIA00018080801*1*8160.05*506.53*50*13*220108E012180000*13*1~
NM1*QC*1*HAMILTON*MARILYN****MI*MEBH7RJK~
NM1*82*2*LIMA MEMORIAL JOINT OPERATING C*****XX*1336144732~
REF*1L*467484-041~
REF*CE*MEDICARE (S02) PPO PLAN NET 03418~
DTM*232*20211227~
DTM*233*20211227~
DTM*050*20220108~
PER*CX**TE*8006240756~
AMT*AU*3424~
SVC*HC>J9999>GY*4*0*0250*0*HC>A9270>GY*2~
DTM*472*20211227~
CAS*CO*97*4*2~
REF*6R*LIMA0003119737-1~
LQ*HE*N130~
SVC*NU>0271*14.43*0**0**3~
DTM*472*20211227~
CAS*CO*97*14.43*3~
REF*6R*LIMA0003119737-2~
LQ*HE*N130~
SVC*NU>0272*32.62*0**0**1~
DTM*472*20211227~
CAS*CO*97*32.62*1~
REF*6R*LIMA0003119737-3~
LQ*HE*N130~
SVC*HC>72072*660*0*0320*0**1~
DTM*472*20211227~
CAS*CO*97*660*1~
REF*6R*LIMA0003119737-4~
LQ*HE*N130~
SVC*HC>72100*690*0*0320*0**1~
DTM*472*20211227~
CAS*CO*97*690*1~
REF*6R*LIMA0003119737-5~
LQ*HE*N130~
SVC*HC>73130>RT*510*0*0320*0**1~
DTM*472*20211227~
CAS*CO*97*510*1~
REF*6R*LIMA0003119737-6~
LQ*HE*N130~
SVC*HC>70450*1900*162.3*0351*1~
DTM*472*20211227~
CAS*CO*45*1687.7~
CAS*PR*3*50~
REF*6R*LIMA0003119737-7~
AMT*B6*212.3~
LQ*HE*N59~
SVC*HC>72125*2300*0*0352*0**1~
DTM*472*20211227~
CAS*CO*97*2300*1~
REF*6R*LIMA0003119737-8~
LQ*HE*N130~
SVC*HC>99284>25*1524*344.23*0450*1~
DTM*472*20211227~
CAS*CO*45*1179.77~
REF*6R*LIMA0003119737-9~
AMT*B6*344.23~
LQ*HE*N59~
SVC*HC>29125>RT*525*0*0450*0**1~
DTM*472*20211227~
CAS*CO*97*525*1~
REF*6R*LIMA0003119737-10~
LQ*HE*N130~
CLP*LIA00018123913*1*1276.32*129.18*90*13*220115E082110000*13*1~
NM1*QC*1*MCDANIEL*FREDDIE*D***MI*MEBTQ5MV~
NM1*82*2*LIMA MEMORIAL JOINT OPERATING C*****XX*1336144732~
REF*1L*467094-012~
REF*CE*VALUE PPO NET 03418~
DTM*232*20211006~
DTM*233*20211006~
DTM*050*20220115~
PER*CX**TE*8006240756~
AMT*AU*821~
SVC*HC>J9999>GY*2*0*0250*0*HC>A9270>GY*1~
DTM*472*20211006~
CAS*CO*97*2*1~
REF*6R*LIMA0003139410-1~
LQ*HE*N130~
SVC*NU>0272*32.62*0**0**1~
DTM*472*20211006~
CAS*CO*97*32.62*1~
REF*6R*LIMA0003139410-2~
LQ*HE*N130~
SVC*HC>96372*398*0*0450*0**2~
DTM*472*20211006~
CAS*CO*97*398*2~
REF*6R*LIMA0003139410-3~
LQ*HE*N130~
SVC*HC>99283>25*821*129.18*0450*1~
DTM*472*20211006~
CAS*CO*45*601.82~
CAS*PR*3*90~
REF*6R*LIMA0003139410-4~
AMT*B6*219.18~
LQ*HE*N59~
SVC*HC>J1885*7*0*0636*0**4~
DTM*472*20211006~
CAS*CO*97*7*4~
REF*6R*LIMA0003139410-5~
LQ*HE*N130~
SVC*HC>J2360*15.7*0*0636*0**1~
DTM*472*20211006~
CAS*CO*97*15.7*1~
REF*6R*LIMA0003139410-6~
LQ*HE*N130~
SE*381*1851~
ST*835*1852~
BPR*H*0*C*NON************20220118~
TRN*1*FC9220190008493*1066033492~
REF*EV*XXXXXXXXXXXXXXXXXXXXXXXXXXXXXX~
DTM*405*20220119~
N1*PR*AETNA~
N3*151 FARMINGTON AVENUE~
N4*HARTFORD*CT*06156~
REF*2U*60054~
PER*BL*Provider Service~
N1*PE*LIMA MEMORIAL JOINT OPERATING C*XX*1912903014~
N3*1001 BELLEFONTAINE AVE~
N4*LIMA*OH*458042800~
REF*PQ*203315380~
REF*TJ*341883284~
LX*2~
TS3*1912903014*32*20221231*4*0~
CLP*22272*1*0*0**13*220117E126830000*32*2~
NM1*QC*1*WATKINS*CARLAND*L***MI*MEBT7WDG~
NM1*82*2*LIMA MEMORIAL JOINT OPERATING C*****XX*1912903014~
REF*1L*467094-012~
REF*CE*VALUE PPO NET 03418~
DTM*232*20211208~
DTM*233*20211208~
DTM*050*20220117~
PER*CX**TE*8006240756~
SVC*HP>1AA11*0*0*0023*1~
DTM*472*20211208~
REF*6R*5500947772Z1~
CLP*22271*1*0*0**13*220117E147630000*32*2~
NM1*QC*1*NELSON*ANN*A***MI*MEBSQL6H~
NM1*82*2*LIMA MEMORIAL JOINT OPERATING C*****XX*1912903014~
REF*1L*467094-012~
REF*CE*VALUE PPO NET 03418~
DTM*232*20211105~
DTM*233*20211105~
DTM*050*20220117~
PER*CX**TE*8006240756~
SVC*HP>1AA11*0*0*0023*1~
DTM*472*20211105~
REF*6R*5500947769Z1~
CLP*22139*1*0*0**13*220117E168790000*32*2~
NM1*QC*1*LONG*KATHY*A***MI*MEBVRQTM~
NM1*82*2*LIMA MEMORIAL JOINT OPERATING C*****XX*1912903014~
REF*1L*466235-001~
REF*CE*SERS PPO PLAN NET 03418~
DTM*232*20211223~
DTM*233*20211223~
DTM*050*20220117~
PER*CX**TE*8006240756~
SVC*HP>1AA11*0*0*0023*1~
DTM*472*20211223~
REF*6R*5500947770Z1~
CLP*22270*1*0*0**13*220117E168800000*32*2~
NM1*QC*1*JACKSON*ANNA*L***MI*MEBFZ98M~
NM1*82*2*LIMA MEMORIAL JOINT OPERATING C*****XX*1912903014~
REF*1L*466235-001~
REF*CE*SERS PPO PLAN NET 03418~
DTM*232*20211225~
DTM*233*20211225~
DTM*050*20220117~
PER*CX**TE*8006240756~
SVC*HP>1AA11*0*0*0023*1~
DTM*472*20211225~
REF*6R*5500947781Z1~
SE*66*1852~
GE*4*1~
IEA*1*100358959~
