ISA*00*          *00*          *ZZ*133052274      *ZZ*XXXXXXXXXXXXXXX*220119*0250*^*00501*100358959*0*P*>~
GS*HP*133052274*XX*20220119*0250*1*X*005010X221A1~
ST*835*0909~
BPR*I*378.63*C*ACH*CCP*01*031100209*DA*0038865237*1066033492**01*041000124*DA*4007811525*20220121~
TRN*1*160118220256397*1066033492~
REF*EV*XXXXXXXXXXXXXXXXXXXXXXXXXXXXXX~
DTM*405*20220119~
N1*PR*AETNA~
N3*151 FARMINGTON AVENUE~
N4*HARTFORD*CT*06156~
REF*2U*60054~
PER*BL*Provider Service~
N1*PE*UVPC SPECIALISTS, INC.*XX*1831115492~
N3*PO BOX 932815~
N4*CLEVELAND*OH*441930022~
REF*PQ*758686080~
REF*TJ*203687536~
LX*1~
TS3*1427059013*22*20221231*1*1618~
CLP*4006793620*1*1618*378.63**13*220114E060040000*22*1~
NM1*QC*1*THOMPSON*JACQUELINE*M***MI*MEBNB0BK~
NM1*82*2*UVPC SPECIALISTS, INC.*****XX*1427059013~
REF*1L*466235-005~
REF*CE*SERS PPO PLAN NET 03418~
DTM*232*20211222~
DTM*233*20211222~
DTM*050*20220114~
PER*CX**TE*8006240756~
AMT*AU*1618~
SVC*HC>43254*718*268.15**1~
DTM*472*20211222~
CAS*CO*45*449.85~
REF*6R*PRGS0035852309-1~
AMT*B6*268.15~
LQ*HE*N59~
SVC*HC>43249*300*76.24**1~
DTM*472*20211222~
CAS*CO*45*223.76~
REF*6R*PRGS0035852309-2~
AMT*B6*76.24~
LQ*HE*N59~
SVC*HC>43239>XS*600*34.24**1~
DTM*472*20211222~
CAS*CO*45*565.76~
REF*6R*PRGS0035852309-3~
AMT*B6*34.24~
LQ*HE*N59~
SE*46*0909~
ST*835*0910~
BPR*I*605.3*C*ACH*CCP*01*031100209*DA*0038865237*1066033492**01*041000124*DA*4007811525*20220121~
TRN*1*160118220258702*1066033492~
REF*EV*XXXXXXXXXXXXXXXXXXXXXXXXXXXXXX~
DTM*405*20220119~
N1*PR*AETNA~
N3*151 FARMINGTON AVENUE~
N4*HARTFORD*CT*06156~
REF*2U*60054~
PER*BL*Provider Service~
N1*PE*UVPC SPECIALISTS, INC.*XX*1831115492~
N3*PO BOX 932816~
N4*CLEVELAND*OH*441930022~
REF*PQ*758686080~
REF*TJ*203687536~
LX*1~
TS3*1942282736*22*20221231*3*2516~
CLP*4006791080*1*800*199.83**13*220113E177680000*22*1~
NM1*QC*1*VOSLER*DAVID*M***MI*MEBVTH9F~
NM1*82*2*UVPC SPECIALISTS, INC.*****XX*1942282736~
REF*1L*466235-005~
REF*CE*SERS PPO PLAN NET 03418~
DTM*232*20211220~
DTM*233*20211220~
DTM*050*20220113~
PER*CX**TE*8006240756~
AMT*AU*800~
SVC*HC>45380*800*199.83**1~
DTM*472*20211220~
CAS*CO*45*600.17~
REF*6R*PRGS0035838235-1~
AMT*B6*199.83~
LQ*HE*N59~
CLP*4006793630*1*816*184.52**13*220114E009890000*22*1~
NM1*QC*1*MCDONALD*BARBARA*E***MI*MEBD6G1X~
NM1*82*2*UVPC SPECIALISTS, INC.*****XX*1942282736~
REF*1L*455716-132~
REF*CE*STRS PPO PLAN NET 03418~
DTM*232*20211228~
DTM*233*20211228~
DTM*050*20220114~
PER*CX**TE*8006240756~
AMT*AU*816~
SVC*HC>G0105*816*184.52**1~
DTM*472*20211228~
CAS*CO*45*631.48~
REF*6R*PRGS0035852368-1~
AMT*B6*184.52~
LQ*HE*N59~
CLP*4006793650*1*900*220.95**13*220114E085340000*22*1~
NM1*QC*1*BIRMAN*JANICE*K***MI*MEBFGZ4B~
NM1*82*2*UVPC SPECIALISTS, INC.*****XX*1942282736~
REF*1L*466235-005~
REF*CE*SERS PPO PLAN NET 03418~
DTM*232*20211228~
DTM*233*20211228~
DTM*050*20220114~
PER*CX**TE*8006240756~
AMT*AU*900~
SVC*HC>43249*300*152.47**1~
DTM*472*20211228~
CAS*CO*45*147.53~
REF*6R*PRGS0035852334-1~
AMT*B6*152.47~
LQ*HE*N59~
SVC*HC>43239>XS*600*68.48**1~
DTM*472*20211228~
CAS*CO*45*531.52~
REF*6R*PRGS0035852334-2~
AMT*B6*68.48~
LQ*HE*N59~
SE*72*0910~
ST*835*1573~
BPR*I*233.5*C*ACH*CCP*01*031100209*DA*0038865237*1066033492**01*041000124*DA*4007811525*20220121~
TRN*1*160118220273583*1066033492~
REF*EV*XXXXXXXXXXXXXXXXXXXXXXXXXXXXXX~
DTM*405*20220119~
N1*PR*AETNA~
N3*151 FARMINGTON AVENUE~
N4*HARTFORD*CT*06156~
REF*2U*60054~
PER*BL*Provider Service~
N1*PE*UVPC SPECIALISTS, INC.*XX*1831115492~
N3*PO BOX 932815~
N4*CLEVELAND*OH*441930022~
REF*PQ*758686080~
REF*TJ*203687536~
LX*1~
TS3*1184866642*21*20221231*1*780~
CLP*4006793670*1*780*233.5**13*220114E009900000*21*1~
NM1*QC*1*BARNETT*EDITH*K***MI*101270455200~
NM1*74*1******C*MEBTRF2Q~
NM1*82*2*UVPC SPECIALISTS, INC.*****XX*1184866642~
REF*1L*467514-200~
REF*CE*US REPRESENTED RETIREES PLAN NET 03418~
DTM*232*20211219~
DTM*233*20211220~
DTM*050*20220114~
PER*CX**TE*8006240756~
AMT*AU*780~
SVC*HC>99221>25*160*99.48**1~
DTM*472*20211219~
CAS*CO*45*60.52~
REF*6R*UVEA0035852457-1~
AMT*B6*99.48~
LQ*HE*N59~
SVC*HC>31231*500*63.54**1~
DTM*472*20211219~
CAS*CO*45*436.46~
REF*6R*UVEA0035852457-2~
AMT*B6*63.54~
LQ*HE*N59~
SVC*HC>99232*120*70.48**1~
DTM*472*20211220~
CAS*CO*45*49.52~
REF*6R*UVEA0035852457-3~
AMT*B6*70.48~
LQ*HE*N59~
SE*47*1573~
GE*3*1~
IEA*1*100358959~
