ISA*00*          *00*          *ZZ*133052274      *ZZ*XXXXXXXXXXXXXXX*220119*0250*^*00501*100358959*0*P*>~
GS*HP*133052274*XX*20220119*0250*1*X*005010X221A1~
ST*835*0848~
BPR*I*5248.22*C*ACH*CCP*01*011900445*DA*0000009046*1066033492**01*044000037*DA*754236099*20220124~
TRN*1*822019000348943*1066033492~
REF*EV*XXXXXXXXXXXXXXXXXXXXXXXXXXXXXX~
DTM*405*20220119~
N1*PR*AETNA~
N3*151 FARMINGTON AVENUE~
N4*HARTFORD*CT*06156~
REF*2U*60054~
PER*BL*Provider Service~
N1*PE*CITY OF WOOSTER*XX*1437156247~
N3*PO BOX 78000 DEPT 781419~
N4*DETROIT*MI*482780001~
REF*PQ*793639280~
REF*TJ*346003129~
LX*1~
TS3*1437156247*11*20221231*5*7327.79~
CLP*VDI7979318*22*-158.81*-51.31**13*ENPCT9WBQ0000*13*1~
NM1*QC*1*KEENER*MELISSA*B***MI*W256434304~
NM1*82*2*WOOSTER COMMUNITY HOSPITAL*****XX*1437156247~
REF*1L*0737409-029-00101-SA~
REF*CE*Aetna Choice  POS II NET 00242~
DTM*232*20210901~
DTM*233*20210901~
DTM*050*20211012~
PER*CX**TE*8886323862~
SVC*HC>U0005*-51*0*0306*0**1~
DTM*472*20210901~
CAS*CO*B15*-51*1~
REF*6R*Y2XP0007231247-2~
LQ*HE*N674~
SVC*HC>87635*-107.81*-51.31*0306*1~
DTM*472*20210901~
CAS*CO*45*-56.5~
REF*6R*Y2XP0007231247-1~
CLP*VDI7979318*1*158.81*51.31**13*ENPCT9WBQ0001*13*1~
NM1*QC*1*KEENER*MELISSA*B***MI*W256434304~
NM1*82*2*WOOSTER COMMUNITY HOSPITAL*****XX*1437156247~
REF*1L*0737409-029-00101-SA~
REF*CE*Aetna Choice  POS II NET 00242~
REF*F8*ENPCT9WBQ0000~
DTM*232*20210901~
DTM*233*20210901~
DTM*050*20211012~
PER*CX**TE*8886323862~
AMT*AU*158.81~
SVC*HC>U0005*51*0*0306*0**1~
DTM*472*20210901~
CAS*PI*B15*51*1~
REF*6R*Y2XP0007231247-2~
AMT*B6*45.39~
SVC*HC>87635*107.81*51.31*0306*1~
DTM*472*20210901~
CAS*CO*45*56.5~
REF*6R*Y2XP0007231247-1~
AMT*B6*51.31~
CLP*VDI8750308*1*860.03*0*860.03*13*E1ACTWKG30000*13*1~
NM1*QC*1*LOUGHRY*KATHY*J***MI*W259623308~
NM1*82*2*WOOSTER COMMUNITY HOSPITAL*****XX*1437156247~
REF*1L*0838928-022-00620-AB~
REF*CE*Aetna Choice  POS II NET 10613~
DTM*232*20211123~
DTM*233*20211123~
DTM*050*20211130~
PER*CX**TE*8886323862~
AMT*AU*860.03~
SVC*HC>73030>LT*324.06*0*0320*0**1~
DTM*472*20211123~
CAS*PR*227*324.06*1~
REF*6R*Y2XP0007330522-1~
AMT*B6*324.06~
LQ*HE*MA04~
LQ*HE*N179~
SVC*HC>99283>25*535.97*0*0450*0**1~
DTM*472*20211123~
CAS*PR*227*535.97*1~
REF*6R*Y2XP0007330522-2~
AMT*B6*535.97~
LQ*HE*MA04~
LQ*HE*N179~
CLP*VDI8636254*1*5852.56*4682.05**13*E7JMTSZZ90001*13*1~
NM1*QC*1*CARSON*MELISSA*J***MI*W253565540~
NM1*82*2*WOOSTER COMMUNITY HOSPITAL*****XX*1437156247~
MOA***MA15~
REF*1L*0838928-022-00180-AB~
REF*CE*Aetna Choice  POS II NET 10613~
DTM*232*20211103~
DTM*233*20211116~
DTM*050*20211124~
PER*CX**TE*8886323862~
AMT*I*66.96~
AMT*AU*5852.56~
SVC*NU>0250*3*2.4**1~
DTM*472*20211116~
CAS*CO*45*.6~
REF*6R*Y2XP0007319693-15~
AMT*B6*2.4~
SVC*NU>0250*23.31*18.65**1~
DTM*472*20211116~
CAS*CO*45*4.66~
REF*6R*Y2XP0007319693-16~
AMT*B6*18.65~
SVC*NU>0250*.3*.24**2~
DTM*472*20211116~
CAS*CO*45*.06~
REF*6R*Y2XP0007319693-17~
AMT*B6*.24~
SVC*HC>97162>GP*194.36*155.49*0424*1~
DTM*472*20211116~
CAS*CO*45*38.87~
REF*6R*Y2XP0007319693-46~
AMT*B6*155.49~
SVC*NU>0258*17.45*13.96**1~
DTM*472*20211116~
CAS*CO*45*3.49~
REF*6R*Y2XP0007319693-18~
AMT*B6*13.96~
SVC*NU>0258*17.45*13.96**1~
DTM*472*20211116~
CAS*CO*45*3.49~
REF*6R*Y2XP0007319693-19~
AMT*B6*13.96~
SVC*NU>0258*17.45*13.96**1~
DTM*472*20211116~
CAS*CO*45*3.49~
REF*6R*Y2XP0007319693-20~
AMT*B6*13.96~
SVC*NU>0258*34.9*27.92**2~
DTM*472*20211116~
CAS*CO*45*6.98~
REF*6R*Y2XP0007319693-21~
AMT*B6*27.92~
SVC*NU>0272*1322.91*1058.33**5~
DTM*472*20211116~
CAS*CO*45*264.58~
REF*6R*Y2XP0007319693-23~
AMT*B6*1058.33~
SVC*NU>0270*2682.24*2145.79**33~
DTM*472*20211116~
CAS*CO*45*536.45~
REF*6R*Y2XP0007319693-22~
AMT*B6*2145.79~
SVC*HC>01214*409.89*327.91*0370*1~
DTM*472*20211116~
CAS*CO*45*81.98~
REF*6R*Y2XP0007319693-45~
AMT*B6*327.91~
SVC*NU>0710*546.8*437.44**89~
DTM*472*20211116~
CAS*CO*45*109.36~
REF*6R*Y2XP0007319693-47~
AMT*B6*437.44~
SVC*HC>C9803*53.38*42.7*0300*1~
DTM*472*20211115~
CAS*CO*45*10.68~
REF*6R*Y2XP0007319693-26~
AMT*B6*42.7~
SVC*HC>88305*119.53*95.62*0310*1~
DTM*472*20211116~
CAS*CO*45*23.91~
REF*6R*Y2XP0007319693-40~
AMT*B6*95.62~
SVC*HC>88311*18.86*15.09*0310*1~
DTM*472*20211116~
CAS*CO*45*3.77~
REF*6R*Y2XP0007319693-41~
AMT*B6*15.09~
SVC*HC>93005*140.17*112.14*0730*1~
DTM*472*20211103~
CAS*CO*45*28.03~
REF*6R*Y2XP0007319693-48~
AMT*B6*112.14~
SVC*HC>73502*192.16*153.73*0320*1~
DTM*472*20211116~
CAS*CO*45*38.43~
REF*6R*Y2XP0007319693-42~
AMT*B6*153.73~
SVC*HC>80048*58.4*46.72*0301*1~
DTM*472*20211103~
CAS*CO*45*11.68~
REF*6R*Y2XP0007319693-27~
AMT*B6*46.72~
CLP*VDI8636254*1*615.2*492.17**13*E7JMTSZZ90002*13*1~
NM1*QC*1*CARSON*MELISSA*J***MI*W253565540~
NM1*82*2*WOOSTER COMMUNITY HOSPITAL*****XX*1437156247~
MOA***MA15~
REF*1L*0838928-022-00180-AB~
REF*CE*Aetna Choice  POS II NET 10613~
DTM*232*20211103~
DTM*233*20211116~
DTM*050*20211124~
PER*CX**TE*8886323862~
AMT*I*7.04~
AMT*AU*615.2~
SVC*HC>82985*28.65*22.92*0301*1~
DTM*472*20211103~
CAS*CO*45*5.73~
REF*6R*Y2XP0007319693-28~
AMT*B6*22.92~
SVC*HC>83735*45.72*36.58*0301*1~
DTM*472*20211103~
CAS*CO*45*9.14~
REF*6R*Y2XP0007319693-29~
AMT*B6*36.58~
SVC*HC>84443*94.11*75.29*0301*1~
DTM*472*20211103~
CAS*CO*45*18.82~
REF*6R*Y2XP0007319693-30~
AMT*B6*75.29~
SVC*HC>82962*22.95*18.36*0301*1~
DTM*472*20211116~
CAS*CO*45*4.59~
REF*6R*Y2XP0007319693-31~
AMT*B6*18.36~
SVC*HC>86850*80.84*64.67*0302*1~
DTM*472*20211103~
CAS*CO*45*16.17~
REF*6R*Y2XP0007319693-32~
AMT*B6*64.67~
SVC*HC>86900*80.84*64.67*0302*1~
DTM*472*20211103~
CAS*CO*45*16.17~
REF*6R*Y2XP0007319693-33~
AMT*B6*64.67~
SVC*HC>86901*80.84*64.67*0302*1~
DTM*472*20211103~
CAS*CO*45*16.17~
REF*6R*Y2XP0007319693-34~
AMT*B6*64.67~
SVC*HC>85025*48.22*38.58*0305*1~
DTM*472*20211103~
CAS*CO*45*9.64~
REF*6R*Y2XP0007319693-35~
AMT*B6*38.58~
SVC*HC>85610*24.52*19.62*0305*1~
DTM*472*20211103~
CAS*CO*45*4.9~
REF*6R*Y2XP0007319693-36~
AMT*B6*19.62~
SVC*HC>85730*30.06*24.05*0305*1~
DTM*472*20211103~
CAS*CO*45*6.01~
REF*6R*Y2XP0007319693-37~
AMT*B6*24.05~
SVC*HC>87081*20.67*16.54*0306*1~
DTM*472*20211103~
CAS*CO*45*4.13~
REF*6R*Y2XP0007319693-38~
AMT*B6*16.54~
SVC*HC>87426>QW*57.78*46.22*0306*1~
DTM*472*20211115~
CAS*CO*45*11.56~
REF*6R*Y2XP0007319693-39~
AMT*B6*46.22~
PLB*1437156247*20221231*L6*-74~
SE*256*0848~
GE*1*1~
IEA*1*100358959~
