ISA*00*          *00*          *ZZ*133052274      *ZZ*XXXXXXXXXXXXXXX*220119*0250*^*00501*100358959*0*P*>~
GS*HP*133052274*XX*20220119*0250*1*X*005010X221A1~
ST*835*0720~
BPR*I*121.81*C*ACH*CCP*01*011900445*DA*0000009046*1066033492**01*041001039*DA*359681472064*20220124~
TRN*1*822019000331878*1066033492~
REF*EV*XXXXXXXXXXXXXXXXXXXXXXXXXXXXXX~
DTM*405*20220119~
N1*PR*AETNA~
N3*151 FARMINGTON AVENUE~
N4*HARTFORD*CT*06156~
REF*2U*60054~
PER*BL*Provider Service~
N1*PE*ALLIANCE COMMUNITY HOSPITAL*XX*1942385794~
N3*PO BOX 77039~
N4*CLEVELAND*OH*441940015~
REF*PQ*492679500~
REF*TJ*340714581~
LX*1~
TS3*1942385794*22*20221231*2*0~
CLP*FID47626*22*-716.52*-487.24**12*ECACTZ4030000*13*1~
NM1*QC*1*IRVING*CARLA****MI*W26528291801~
NM1*74*1******C*W265282918~
NM1*82*2*ALLIANCE COMMUNITY HOSPITAL*****XX*1942385794~
REF*1L*0620365-019-00152-NA~
REF*CE*Aetna HealthFund  Open Access Aetna Sele NET 00773~
DTM*232*20210915~
DTM*233*20210915~
DTM*050*20210923~
PER*CX**TE*8886323862~
SVC*NU>0250*-55.63*-37.83**1~
DTM*472*20210915~
CAS*CO*45*-8.34~
CAS*PR*2*-9.46~
REF*6R*ODXP0003867080-2~
SVC*NU>0250*-17.55*-11.94**2~
DTM*472*20210915~
CAS*CO*45*-2.63~
CAS*PR*2*-2.98~
REF*6R*ODXP0003867080-1~
SVC*NU>0270*-28.34*-19.27**1~
DTM*472*20210915~
CAS*CO*45*-4.25~
CAS*PR*2*-4.82~
REF*6R*ODXP0003867080-3~
SVC*HC>M0243*-615*-418.2*0771*1~
DTM*472*20210915~
CAS*CO*45*-92.25~
CAS*PR*2*-104.55~
REF*6R*ODXP0003867080-4~
CLP*FID47626*1*716.52*609.05**12*ECACTZ4030001*13*1~
NM1*QC*1*IRVING*CARLA****MI*W26528291801~
NM1*74*1******C*W265282918~
NM1*82*2*ALLIANCE COMMUNITY HOSPITAL*****XX*1942385794~
REF*1L*0620365-019-00152-NA~
REF*CE*Aetna HealthFund  Open Access Aetna Sele NET 00773~
REF*F8*ECACTZ4030000~
DTM*232*20210915~
DTM*233*20210915~
DTM*050*20210923~
PER*CX**TE*8886323862~
AMT*AU*716.52~
SVC*NU>0250*55.63*47.29**1~
DTM*472*20210915~
CAS*CO*45*8.34~
REF*6R*ODXP0003867080-2~
AMT*B6*47.29~
SVC*NU>0250*17.55*14.92**2~
DTM*472*20210915~
CAS*CO*45*2.63~
REF*6R*ODXP0003867080-1~
AMT*B6*14.92~
SVC*NU>0270*28.34*24.09**1~
DTM*472*20210915~
CAS*CO*45*4.25~
REF*6R*ODXP0003867080-3~
AMT*B6*24.09~
SVC*HC>M0243*615*522.75*0771*1~
DTM*472*20210915~
CAS*CO*45*92.25~
REF*6R*ODXP0003867080-4~
AMT*B6*522.75~
SE*80*0720~
ST*835*1110~
BPR*I*8274.32*C*ACH*CCP*01*031100209*DA*0038865237*1066033492**01*041001039*DA*359681472064*20220121~
TRN*1*160118220237430*1066033492~
REF*EV*XXXXXXXXXXXXXXXXXXXXXXXXXXXXXX~
DTM*405*20220119~
N1*PR*AETNA~
N3*151 FARMINGTON AVENUE~
N4*HARTFORD*CT*06156~
REF*2U*60054~
PER*BL*Provider Service~
N1*PE*ALLIANCE COMMUNITY HOSPITAL*XX*1942385794~
N3*200 EAST STATE STREET~
N4*ALLIANCE*OH*44601~
REF*PQ*492679500~
REF*TJ*340714581~
LX*1~
TS3*1942385794*11*20221231*1*24967.9~
CLP*FIH30286*1*24967.9*8274.32*1925*13*211231E004820000*11*1**640*1.2308~
NM1*QC*1*TROYER*RUSSELL*H***MI*MEBTDH8X~
NM1*82*2*ALLIANCE COMMUNITY HOSPITAL*****XX*1942385794~
REF*1L*467094-011~
REF*CE*VALUE PPO NET 03418~
DTM*232*20211217~
DTM*233*20211222~
DTM*050*20211231~
PER*CX**TE*8006240756~
AMT*AU*2370~
SVC*NU>0164*2370*8274.32**5~
DTM*150*20211217~
DTM*151*20211222~
CAS*CO*45*-7829.32~
CAS*PR*3*1925~
REF*6R*ODXP0003956653-1~
AMT*B6*10199.32~
SVC*NU>0260*8219*0**0**96~
DTM*150*20211217~
DTM*151*20211222~
CAS*CO*97*8219*96~
REF*6R*ODXP0003956653-3~
LQ*HE*M2~
SVC*NU>0270*408.5*0**0**7~
DTM*150*20211217~
DTM*151*20211222~
CAS*CO*97*408.5*7~
REF*6R*ODXP0003956653-4~
LQ*HE*M2~
SVC*NU>0271*540*0**0**6~
DTM*150*20211217~
DTM*151*20211222~
CAS*CO*97*540*6~
REF*6R*ODXP0003956653-5~
LQ*HE*M2~
SVC*NU>0412*1420*0**0**20~
DTM*150*20211217~
DTM*151*20211222~
CAS*CO*97*1420*20~
REF*6R*ODXP0003956653-14~
LQ*HE*M2~
SVC*NU>0450*612*0**0**1~
DTM*150*20211217~
DTM*151*20211222~
CAS*CO*97*612*1~
REF*6R*ODXP0003956653-18~
LQ*HE*M2~
SVC*NU>0637*221.98*0**0**2~
DTM*150*20211217~
DTM*151*20211222~
CAS*CO*97*221.98*2~
REF*6R*ODXP0003956653-22~
LQ*HE*M2~
SVC*NU>0250*1634.14*0**0**42~
DTM*150*20211217~
DTM*151*20211222~
CAS*CO*97*1634.14*42~
REF*6R*ODXP0003956653-2~
LQ*HE*M2~
SVC*NU>0250*1906.28*0**0**114~
DTM*150*20211217~
DTM*151*20211222~
CAS*CO*97*1906.28*114~
REF*6R*ODXP0003956653-21~
LQ*HE*M2~
SVC*NU>0300*85*0**0**5~
DTM*150*20211217~
DTM*151*20211222~
CAS*CO*97*85*5~
REF*6R*ODXP0003956653-6~
LQ*HE*M2~
SVC*NU>0301*580*0**0**9~
DTM*150*20211217~
DTM*151*20211222~
CAS*CO*97*580*9~
REF*6R*ODXP0003956653-7~
LQ*HE*M2~
SVC*NU>0305*227*0**0**4~
DTM*150*20211217~
DTM*151*20211222~
CAS*CO*97*227*4~
REF*6R*ODXP0003956653-8~
LQ*HE*M2~
SVC*NU>0306*224*0**0**3~
DTM*150*20211217~
DTM*151*20211222~
CAS*CO*97*224*3~
REF*6R*ODXP0003956653-9~
LQ*HE*M2~
SVC*NU>0310*430*0**0**1~
DTM*150*20211217~
DTM*151*20211222~
CAS*CO*97*430*1~
REF*6R*ODXP0003956653-10~
LQ*HE*M2~
SVC*NU>0324*222*0**0**1~
DTM*150*20211217~
DTM*151*20211222~
CAS*CO*97*222*1~
REF*6R*ODXP0003956653-11~
LQ*HE*M2~
SVC*NU>0350*1055*0**0**1~
DTM*150*20211217~
DTM*151*20211222~
CAS*CO*97*1055*1~
REF*6R*ODXP0003956653-12~
LQ*HE*M2~
SVC*NU>0351*820*0**0**1~
DTM*150*20211217~
DTM*151*20211222~
CAS*CO*97*820*1~
REF*6R*ODXP0003956653-13~
LQ*HE*M2~
SVC*NU>0420*261*0**0**3~
DTM*150*20211217~
DTM*151*20211222~
CAS*CO*97*261*3~
REF*6R*ODXP0003956653-15~
LQ*HE*M2~
SVC*NU>0424*272*0**0**1~
DTM*150*20211217~
DTM*151*20211222~
CAS*CO*97*272*1~
REF*6R*ODXP0003956653-16~
LQ*HE*M2~
SVC*NU>0440*575*0**0**3~
DTM*150*20211217~
DTM*151*20211222~
CAS*CO*97*575*3~
REF*6R*ODXP0003956653-17~
LQ*HE*M2~
SVC*NU>0460*488*0**0**7~
DTM*150*20211217~
DTM*151*20211222~
CAS*CO*97*488*7~
REF*6R*ODXP0003956653-19~
LQ*HE*M2~
SVC*NU>0611*1974*0**0**1~
DTM*150*20211217~
DTM*151*20211222~
CAS*CO*97*1974*1~
REF*6R*ODXP0003956653-20~
LQ*HE*M2~
SVC*NU>0730*123*0**0**1~
DTM*150*20211217~
DTM*151*20211222~
CAS*CO*97*123*1~
REF*6R*ODXP0003956653-23~
LQ*HE*M2~
SVC*NU>0940*300*0**0**5~
DTM*150*20211217~
DTM*151*20211222~
CAS*CO*97*300*5~
REF*6R*ODXP0003956653-24~
LQ*HE*M2~
SE*173*1110~
ST*835*1729~
BPR*I*145.66*C*ACH*CCP*01*031100209*DA*0038865237*1066033492**01*041001039*DA*359681472064*20220121~
TRN*1*160118220262699*1066033492~
REF*EV*XXXXXXXXXXXXXXXXXXXXXXXXXXXXXX~
DTM*405*20220119~
N1*PR*AETNA~
N3*151 FARMINGTON AVENUE~
N4*HARTFORD*CT*06156~
REF*2U*60054~
PER*BL*Provider Service~
N1*PE*ALLIANCE COMMUNITY HOSPITAL*XX*1942385794~
N3*200 EAST STATE STREET~
N4*ALLIANCE*OH*44601~
REF*PQ*492679500~
REF*TJ*340714581~
LX*1~
TS3*1942385794*13*20221231*1*861~
CLP*FIH11956*1*861*145.66**13*220115E056800000*13*1~
NM1*QC*1*CUNNINGHAM*MARILYN*H***MI*MEBH78LT~
NM1*82*2*ALLIANCE COMMUNITY HOSPITAL*****XX*1942385794~
REF*1L*455716-062~
REF*CE*STRS PPO PLAN NET 03418~
DTM*232*20211216~
DTM*233*20211216~
DTM*050*20220115~
PER*CX**TE*8006240756~
AMT*AU*861~
SVC*HC>80061*79*13.39*0301*1~
DTM*472*20211216~
CAS*CO*45*65.61~
REF*6R*ODXP0003951375-2~
AMT*B6*13.39~
LQ*HE*N59~
SVC*HC>80076*78*8.17*0301*1~
DTM*472*20211216~
CAS*CO*45*69.83~
REF*6R*ODXP0003951375-3~
AMT*B6*8.17~
LQ*HE*N59~
SVC*HC>82306*116*29.6*0301*1~
DTM*472*20211216~
CAS*CO*45*86.4~
REF*6R*ODXP0003951375-4~
AMT*B6*29.6~
LQ*HE*N59~
SVC*HC>82310*59*5.16*0301*1~
DTM*472*20211216~
CAS*CO*45*53.84~
REF*6R*ODXP0003951375-5~
AMT*B6*5.16~
LQ*HE*N59~
SVC*HC>82565*51*5.12*0301*1~
DTM*472*20211216~
CAS*CO*45*45.88~
REF*6R*ODXP0003951375-6~
AMT*B6*5.12~
LQ*HE*N59~
SVC*HC>82947*39*3.93*0301*1~
DTM*472*20211216~
CAS*CO*45*35.07~
REF*6R*ODXP0003951375-7~
AMT*B6*3.93~
LQ*HE*N59~
SVC*HC>83735*39*6.7*0301*1~
DTM*472*20211216~
CAS*CO*45*32.3~
REF*6R*ODXP0003951375-8~
AMT*B6*6.7~
LQ*HE*N59~
SVC*HC>83970*176*41.28*0301*1~
DTM*472*20211216~
CAS*CO*45*134.72~
REF*6R*ODXP0003951375-9~
AMT*B6*41.28~
LQ*HE*N59~
SVC*HC>84100*61*4.74*0301*1~
DTM*472*20211216~
CAS*CO*45*56.26~
REF*6R*ODXP0003951375-10~
AMT*B6*4.74~
LQ*HE*N59~
SVC*HC>84443*81*16.8*0301*1~
DTM*472*20211216~
CAS*CO*45*64.2~
REF*6R*ODXP0003951375-11~
AMT*B6*16.8~
LQ*HE*N59~
SVC*HC>85025*65*7.77*0305*1~
DTM*472*20211216~
CAS*CO*45*57.23~
REF*6R*ODXP0003951375-12~
AMT*B6*7.77~
LQ*HE*N59~
SVC*HC>36415*17*3*0300*1~
DTM*472*20211216~
CAS*CO*45*14~
REF*6R*ODXP0003951375-1~
AMT*B6*3~
LQ*HE*N59~
SE*100*1729~
GE*3*1~
IEA*1*100358959~
