ISA*00*          *00*          *ZZ*133052274      *ZZ*XXXXXXXXXXXXXXX*220119*0250*^*00501*100358959*0*P*>~
GS*HP*133052274*XX*20220119*0250*1*X*005010X221A1~
ST*835*0533~
BPR*H*0*C*NON************20220119~
TRN*1*922019000295357*1066033492~
REF*EV*XXXXXXXXXXXXXXXXXXXXXXXXXXXXXX~
DTM*405*20220119~
N1*PR*AETNA~
N3*151 FARMINGTON AVENUE~
N4*HARTFORD*CT*06156~
REF*2U*60054~
PER*BL*Provider Service~
N1*PE*BLOOMINGTON MEDICAL SERVICES, LLC*XX*1528246683~
N3*PO BOX 78000 DEPT 781584~
N4*DETROIT*MI*482780001~
REF*PQ*404065750~
REF*TJ*261803679~
LX*1~
TS3*1275730657*22*20221231*1*649~
CLP*ADI8713700*1*649*0**13*E5TXTTBK20000*22*1~
NM1*QC*1*GRAHAM*WORTH*C**IV~
NM1*IL*1*GRAHAM*SARAH*C***MI*W265709227~
NM1*82*1*FRIEND*RAHSAAN****XX*1275730657~
REF*1L*0169485-011-00001- A~
REF*CE*Aetna Choice  POS II NET 00242~
DTM*232*20211025~
DTM*233*20211025~
DTM*050*20211130~
PER*CX**TE*8886323862~
AMT*AU*649~
SVC*HC>99153>59*17*0**0**1~
DTM*472*20211025~
CAS*CO*226*17*1~
REF*6R*BLMS0007327410-4~
AMT*B6*17~
LQ*HE*N517~
SVC*HC>99152>59*22*0**0**1~
DTM*472*20211025~
CAS*CO*226*22*1~
REF*6R*BLMS0007327410-1~
AMT*B6*22~
LQ*HE*N517~
SVC*HC>45380*361*0**0**1~
DTM*472*20211025~
CAS*CO*226*361*1~
REF*6R*BLMS0007327410-3~
AMT*B6*361~
LQ*HE*N517~
SVC*HC>43239*249*0**0**1~
DTM*472*20211025~
CAS*CO*226*249*1~
REF*6R*BLMS0007327410-2~
AMT*B6*249~
LQ*HE*N517~
SE*53*0533~
GE*1*1~
IEA*1*100358959~
