ISA*00*          *00*          *ZZ*133052274      *ZZ*XXXXXXXXXXXXXXX*220119*0250*^*00501*100358959*0*P*>~
GS*HP*133052274*XX*20220119*0250*1*X*005010X221A1~
ST*835*0741~
BPR*I*19565.98*C*ACH*CCP*01*011900445*DA*0000009046*1066033492**01*044000037*DA*00000741000012*20220124~
TRN*1*822019000332027*1066033492~
REF*EV*XXXXXXXXXXXXXXXXXXXXXXXXXXXXXX~
DTM*405*20220119~
N1*PR*AETNA~
N3*151 FARMINGTON AVENUE~
N4*HARTFORD*CT*06156~
REF*2U*60054~
PER*BL*Provider Service~
N1*PE*LAKE HOSPITAL SYSTEM, INC.*XX*1972689172~
N3*PO BOX 781348~
N4*DETROIT*MI*482781348~
REF*PQ*356650320~
REF*TJ*341425870~
LX*1~
TS3*1972689172*11*20221231*4*35553.21~
CLP*S275216700101*22*-9506.6*-5581**13*EBY1VYDNZ0000*13*1~
NM1*QC*1*DAVISON*RACHAEL*N***MI*11085084W~
NM1*74*1******C*W199691261~
NM1*82*2*TRIPOINT MEDICAL CENTER*****XX*1972689172~
REF*1L*0895530-010-00001- A~
REF*CE*Aetna Choice  POS II NET 00242~
DTM*232*20211105~
DTM*233*20211105~
DTM*050*20211112~
PER*CX**TE*8886323862~
SVC*NU>0250*-1*0**1~
DTM*472*20211105~
CAS*CO*97*-1~
REF*6R*1~
LQ*HE*N20~
SVC*NU>0251*-24.6*0**1~
DTM*472*20211105~
CAS*CO*97*-24.6~
REF*6R*2~
LQ*HE*N20~
SVC*HC>80048*-228*0*0301*1~
DTM*472*20211105~
CAS*CO*97*-228~
REF*6R*3~
LQ*HE*N20~
SVC*HC>85025*-223*0*0305*1~
DTM*472*20211105~
CAS*CO*97*-223~
REF*6R*4~
LQ*HE*N20~
SVC*HC>70450>59*-1800*-1117*0351*1~
DTM*472*20211105~
CAS*CO*45*-683~
REF*6R*5~
SVC*HC>70498*-2200*-1117*0351*1~
DTM*472*20211105~
CAS*CO*45*-1083~
REF*6R*7~
SVC*HC>70496*-2200*-1117*0351*1~
DTM*472*20211105~
CAS*CO*45*-1083~
REF*6R*6~
SVC*HC>99285>25*-2630*-2230*0450*1~
DTM*472*20211105~
CAS*CO*45*-400~
REF*6R*8~
SVC*HC>Q9967*-200*0*0636*100~
DTM*472*20211105~
CAS*CO*97*-200~
REF*6R*9~
LQ*HE*N20~
CLP*S275216700101*1*9506.6*5173**13*EBY1VYDNZ0001*13*1~
NM1*QC*1*DAVISON*RACHAEL*N***MI*11085084W~
NM1*74*1******C*W199691261~
NM1*82*2*TRIPOINT MEDICAL CENTER*****XX*1972689172~
REF*1L*0895530-010-00001- A~
REF*CE*Aetna Choice  POS II NET 00242~
REF*F8*EBY1VYDNZ0000~
DTM*232*20211105~
DTM*233*20211105~
DTM*050*20211113~
PER*CX**TE*8886323862~
AMT*AU*8830~
SVC*NU>0250*1*0**1~
DTM*472*20211105~
CAS*CO*97*1~
REF*6R*1~
LQ*HE*N20~
SVC*NU>0251*24.6*0**1~
DTM*472*20211105~
CAS*CO*97*24.6~
REF*6R*2~
LQ*HE*N20~
SVC*HC>80048*228*0*0301*1~
DTM*472*20211105~
CAS*CO*97*228~
REF*6R*3~
LQ*HE*N20~
SVC*HC>85025*223*0*0305*1~
DTM*472*20211105~
CAS*CO*97*223~
REF*6R*4~
LQ*HE*N20~
SVC*HC>70450>59*1800*1117*0351*1~
DTM*472*20211105~
CAS*CO*45*683~
REF*6R*5~
AMT*B6*1117~
SVC*HC>70498*2200*1117*0351*1~
DTM*472*20211105~
CAS*CO*45*1083~
REF*6R*7~
AMT*B6*1117~
SVC*HC>70496*2200*1117*0351*1~
DTM*472*20211105~
CAS*CO*45*1083~
REF*6R*6~
AMT*B6*1117~
SVC*HC>99284>25*2630*1822*0450*1*HC>99285>25~
DTM*472*20211105~
CAS*CO*45*808~
REF*6R*8~
AMT*B6*1822~
LQ*HE*N22~
SVC*HC>Q9967*200*0*0636*100~
DTM*472*20211105~
CAS*CO*97*200~
REF*6R*9~
LQ*HE*N20~
CLP*S276517900101*1*6249.34*0*6249.34*13*EQACV6HQ50000*13*1~
NM1*QC*1*BROWN*AUSTIN****MI*W260532255~
NM1*82*2*TRIPOINT MEDICAL CENTER*****XX*1972689172~
MOA***MA15~
REF*1L*0468592-012-00101-AA~
REF*CE*Aetna HealthFund  Aetna Choice  POS II NET 00242~
DTM*232*20211117~
DTM*233*20211117~
DTM*050*20211125~
PER*CX**TE*8886323862~
AMT*AU*6249.34~
SVC*HC>J2250*3.26*0*0636*0**4~
DTM*472*20211117~
CAS*PR*227*3.26*4~
REF*6R*17~
AMT*B6*3.26~
LQ*HE*MA04~
LQ*HE*N179~
SVC*HC>J3010*3.08*0*0636*0**1~
DTM*472*20211117~
CAS*PR*227*3.08*1~
REF*6R*18~
AMT*B6*3.08~
LQ*HE*MA04~
LQ*HE*N179~
SVC*HC>32408>LT*1473*0*0361*0**1~
DTM*472*20211117~
CAS*PR*227*1473*1~
REF*6R*14~
AMT*B6*1473~
LQ*HE*MA04~
LQ*HE*N179~
SVC*NU>0272*147*0**0**3~
DTM*472*20211117~
CAS*PR*227*147*3~
REF*6R*1~
AMT*B6*147~
LQ*HE*MA04~
LQ*HE*N179~
SVC*NU>0710*1978*0**0**7~
DTM*472*20211117~
CAS*PR*227*1978*7~
REF*6R*19~
AMT*B6*1978~
LQ*HE*MA04~
LQ*HE*N179~
SVC*HC>71045*1008*0*0324*0**2~
DTM*472*20211117~
CAS*PR*227*1008*2~
REF*6R*13~
AMT*B6*1008~
LQ*HE*MA04~
LQ*HE*N179~
SVC*HC>88305*286*0*0312*0**1~
DTM*472*20211117~
CAS*PR*227*286*1~
REF*6R*11~
AMT*B6*286~
LQ*HE*MA04~
LQ*HE*N179~
SVC*HC>88312*365*0*0312*0**2~
DTM*472*20211117~
CAS*PR*227*365*2~
REF*6R*12~
AMT*B6*365~
LQ*HE*MA04~
LQ*HE*N179~
SVC*HC>36416*27*0*0301*0**1~
DTM*472*20211117~
CAS*PR*227*27*1~
REF*6R*2~
AMT*B6*27~
LQ*HE*MA04~
LQ*HE*N179~
SVC*HC>87015*20*0*0306*0**1~
DTM*472*20211117~
CAS*PR*227*20*1~
REF*6R*3~
AMT*B6*20~
LQ*HE*MA04~
LQ*HE*N179~
SVC*HC>87070*193*0*0306*0**1~
DTM*472*20211117~
CAS*PR*227*193*1~
REF*6R*4~
AMT*B6*193~
LQ*HE*MA04~
LQ*HE*N179~
SVC*HC>87075*193*0*0306*0**1~
DTM*472*20211117~
CAS*PR*227*193*1~
REF*6R*5~
AMT*B6*193~
LQ*HE*MA04~
LQ*HE*N179~
SVC*HC>87102*34*0*0306*0**1~
DTM*472*20211117~
CAS*PR*227*34*1~
REF*6R*6~
AMT*B6*34~
LQ*HE*MA04~
LQ*HE*N179~
SVC*HC>87116>LT*20*0*0306*0*HC>87116*1~
DTM*472*20211117~
CAS*PR*227*20*1~
REF*6R*7~
AMT*B6*20~
LQ*HE*MA04~
LQ*HE*N179~
SVC*HC>87176*59*0*0306*0**1~
DTM*472*20211117~
CAS*PR*227*59*1~
REF*6R*8~
AMT*B6*59~
LQ*HE*MA04~
LQ*HE*N179~
SVC*HC>87205>59*82*0*0306*0*HC>87205*1~
DTM*472*20211117~
CAS*PR*227*82*1~
REF*6R*9~
AMT*B6*82~
LQ*HE*MA04~
LQ*HE*N179~
SVC*HC>87206*20*0*0306*0**1~
DTM*472*20211117~
CAS*PR*227*20*1~
REF*6R*10~
AMT*B6*20~
LQ*HE*MA04~
LQ*HE*N179~
SVC*HC>99152*338*0*0371*0**1~
DTM*472*20211117~
CAS*PR*227*338*1~
REF*6R*15~
AMT*B6*338~
LQ*HE*MA04~
LQ*HE*N179~
CLP*S278170100101*1*29303.87*19973.98**13*EWFCT30XH0000*11*1**177*1.8491~
NM1*QC*1*TURCHAN*CHRISTOPHE*D~
NM1*IL*1*TURCHAN*PATRICIA*J***MI*W260305871~
NM1*82*2*TRIPOINT MEDICAL CENTER*****XX*1972689172~
MIA*0****MA15~
REF*1L*0141974-010-00002- B~
REF*CE*Aetna HealthFund  Aetna Choice  POS II NET 00242~
DTM*232*20211202~
DTM*233*20211205~
DTM*050*20211213~
PER*CX**TE*8886323862~
AMT*AU*13230~
SVC*NU>0206*13230*19973.98**3~
DTM*150*20211202~
DTM*151*20211204~
CAS*OA*94*-6743.98~
REF*6R*1~
AMT*B6*19973.98~
SVC*NU>0250*5200*0**4~
DTM*150*20211202~
DTM*151*20211205~
CAS*CO*97*5200~
REF*6R*2~
LQ*HE*N20~
SVC*NU>0251*148.34*0**50~
DTM*150*20211202~
DTM*151*20211205~
CAS*CO*97*148.34~
REF*6R*3~
LQ*HE*N20~
SVC*NU>0270*65*0**1~
DTM*150*20211202~
DTM*151*20211205~
CAS*CO*97*65~
REF*6R*4~
LQ*HE*N20~
SVC*NU>0300*34*0**1~
DTM*150*20211202~
DTM*151*20211205~
CAS*CO*97*34~
REF*6R*5~
LQ*HE*N20~
SVC*NU>0301*4319*0**19~
DTM*150*20211202~
DTM*151*20211205~
CAS*CO*97*4319~
REF*6R*6~
LQ*HE*N20~
SVC*NU>0302*172*0**1~
DTM*150*20211202~
DTM*151*20211205~
CAS*CO*97*172~
REF*6R*7~
LQ*HE*N20~
SVC*NU>0305*806*0**5~
DTM*150*20211202~
DTM*151*20211205~
CAS*CO*97*806~
REF*6R*8~
LQ*HE*N20~
SVC*NU>0306*861*0**3~
DTM*150*20211202~
DTM*151*20211205~
CAS*CO*97*861~
REF*6R*9~
LQ*HE*N20~
SVC*NU>0324*504*0**1~
DTM*150*20211202~
DTM*151*20211205~
CAS*CO*97*504~
REF*6R*10~
LQ*HE*N20~
SVC*NU>0450*3432*0**5~
DTM*150*20211202~
DTM*151*20211205~
CAS*CO*97*3432~
REF*6R*11~
LQ*HE*N20~
SVC*NU>0460*374*0**1~
DTM*150*20211202~
DTM*151*20211205~
CAS*CO*97*374~
REF*6R*12~
LQ*HE*N20~
SVC*NU>0636*41.53*0**21~
DTM*150*20211202~
DTM*151*20211205~
CAS*CO*97*41.53~
REF*6R*13~
LQ*HE*N20~
SVC*NU>0920*117*0**1~
DTM*150*20211202~
DTM*151*20211205~
CAS*CO*97*117~
REF*6R*14~
LQ*HE*N20~
PLB*1972689172*20221231*WO>EBY1VYDNZ0000-S275216700101-2021-11-05*408*CS>EBY1VYDNZ0000-S275216700101-2021-11-05*-408~
SE*361*0741~
GE*1*1~
IEA*1*100358959~
